2896 4958
472 787 822 852 ARGUMENTUM
851 790 983 853 Ltaltl
1012 793 1159 856 PRlMi.

316 963 387 1018 Libri
403 967 444 1019 De
456 969 501 1021 Ira
510 970 601 1039 scripti
613 970 684 1024 inter
701 969 871 1041 philosophia
884 970 982 1040 primas
991 971 1129 1038 ridentur,
1141 979 1211 1026 certe
1224 971 1297 1025 inter
1310 989 1349 1024 eos

282 1068 348 1119 quos
358 1048 493 1106 habemus.
505 1051 677 1123 suspicamur
685 1073 716 1108 er
730 1055 816 1109 verbis
827 1055 949 1122 Seuere,
959 1055 1003 1109 tib.
1013 1056 1069 1122 111,
1083 1075 1139 1125 cap.
1151 1056 1266 1120 xvttt,
1281 1057 1350 1108 erede

283 1135 312 1187 C.
332 1135 420 1186 Cesar
433 1135 490 1188 See.
508 1137 660 1205 Papr'rn'um,
677 1145 722 1192 cur'
735 1149 811 1208 pater
822 1149 880 1194 erat
894 1143 1050 1202 consulan's,
1072 1141 1203 1194 Bele'enssr
1220 1137 1347 1204 Bessan,

280 1227 425 1286 questorenr
445 1239 531 1283 suune,
546 1225 664 1290 flagellis
675 1226 775 1278 cecriie‘t.
795 1224 856 1291 Ait,
875 1227 969 1279 eredo:
987 1224 1050 1278 Jam
1069 1243 1140 1278 nune
1157 1225 1257 1280 recenti
1275 1225 1349 1280 iacto.

282 1303 372 1360 immo
392 1305 448 1375 ipso
466 1305 586 1379 Caligula
603 1307 680 1376 rivo,
695 1327 709 1362 e
728 1328 784 1379 cap.
803 1309 950 1379 sequenti:
969 1311 1047 1378 Quod
1060 1320 1186 1378 tantopere
1201 1312 1349 1376 admiraris,

280 1393 330 1443 r’str'
337 1393 427 1444 bellue
439 1394 617 1462 quotidianum
628 1403 669 1446 es!
677 1413 687 1446 r
696 1395 736 1446 ad
743 1396 793 1448 hoc
803 1399 877 1456 eunt,
892 1395 932 1447 ad
939 1395 989 1447 hoc
1002 1396 1103 1462 opilat,
1118 1397 1156 1447 ed
1171 1396 1220 1448 dac
1230 1397 1351 1448 lucubrat.

281 1476 352 1532 Sane
361 1477 515 1532 haecomnia
525 1459 679 1534 de⁸homine
688 1479 732 1550 qui
743 1489 798 1545 est,
811 1498 866 1533 noa
878 1479 936 1532 init.
948 1477 1128 1547 Scripsittuac
1137 1478 1234 1550 igitur:
1243 1479 1291 1534 sed
1302 1497 1352 1532 uon

281 1559 366 1616 edidit
379 1561 391 1629 (
402 1561 494 1616 melior
506 1562 545 1616 iiii
555 1564 662 1632 ruens),
677 1563 725 1619 etsi
735 1564 822 1618 statim
831 1561 967 1634 opinorab
976 1563 1035 1632 ejus
1046 1572 1140 1616 morte.

315 1647 381 1702 I-ll.
396 1647 460 1702 irati
477 1647 581 1704 habitus
594 1659 621 1704 et
639 1651 737 1722 species
750 1661 875 1719 externa,
889 1659 916 1704 et
931 1669 962 1704 ea
980 1649 1134 1716 indissima,
1154 1667 1207 1703 una
1226 1667 1304 1715 cum,
1320 1648 1351 1700 iis

281 1751 340 1804 quse
349 1731 416 1786 iram
427 1744 584 1802 erupturam
596 1734 713 1790 indicant
725 1747 803 1806 atque
811 1745 960 1806 sequuntur
971 1773 979 1802 ,
992 1733 1097 1790 initium
1111 1733 1169 1789 libri
1180 1735 1355 1792 constituunt.

280 1845 315 1859 -
324 1818 432 1874 tlt-tv.
445 1817 555 1876 Transit
567 1821 665 1875 deinde
680 1821 712 1874 ad
726 1820 772 1876 irae
786 1820 925 1875 notionem
942 1817 1142 1891 exponendam,
1160 1816 1271 1874 aliorum
1290 1819 1354 1874 defi·

281 1903 429 1958 nitionibus
451 1903 559 1973 adiectis
577 1915 604 1959 et
622 1905 785 1975 dijudicatis.
800 1915 892 1960 contra
911 1925 975 1977 quas
991 1927 1049 1961 earn
1064 1926 1142 1978 quam
1162 1899 1216 1977 ipse
1231 1907 1353 1972 dederat,

282 1986 409 2042 defendit.
423 1987 534 2042 Annaea
548 2001 587 2044 est
596 1990 722 2060 quatio,
738 2010 771 2044 an
784 1991 812 2046 in
824 1990 893 2047 feras
904 1991 942 2046 ira
953 1991 1045 2046 cadat:
1058 2011 1110 2061 qua
1121 1991 1226 2062 quidem
1244 2001 1353 2060 negata,

282 2074 329 2128 ire
349 2071 471 2143 quadem
490 2075 589 2145 species
610 2073 803 2130 describuntur.
820 2105 854 2118 -
872 2077 964 2130 V·Vi.
986 2075 1116 2146 Deinceps
1136 2077 1255 2145 sequitur
1275 2076 1355 2147 prima

284 2161 407 2230 questio,
421 2179 455 2213 aa
467 2159 506 2212 ira
517 2159 666 2214 secundum
678 2159 794 2216 hominis
809 2173 932 2216 naturam
948 2161 981 2215 sit
993 2161 1051 2215 :tui
1065 2170 1151 2230 aptam
1165 2179 1219 2214 esse
1236 2171 1316 2230 neqat
1327 2178 1356 2211 er

281 2247 338 2316 ipsa
351 2254 453 2299 naturae
467 2243 591 2300 humanae
606 2245 712 2310 indole3
731 2246 887 2317 quinetiam
902 2265 916 2298 a
930 2244 1066 2316 puniendo
1085 2244 1195 2298 alienam
1213 2263 1270 2298 esse
1292 2244 1354 2296 irarn

284 2331 367 2386 docet.
386 2359 419 2370 -
435 2330 570 2384 Vll-xit.
590 2329 696 2384 Deinde
719 2351 802 2401 quum
818 2331 996 2401 Peripateticis
1016 2331 1116 2401 piacet.
1138 2332 1204 2384 iram
1223 2351 1280 2385 non
1301 2349 1359 2383 om-

283 2413 350 2470 nino
371 2413 397 2467 vi
416 2433 463 2468 sus
488 2433 583 2470 carere
604 2415 686 2482 bona,
709 2426 736 2468 et
752 2415 867 2470 maximi
884 2414 917 2470 ei
938 2415 1062 2470 virtutem
1085 2413 1202 2470 biiioarn
1228 2410 1356 2466 momenti

281 2519 353 2566 esse,
369 2519 419 2553 nec
432 2519 446 2552 a
458 2499 527 2553 belin
546 2491 635 2554 abesse
656 2519 749 2570 posse.
772 2489 875 2556 Seirera
893 2495 959 2554 iram
979 2518 1035 2554 non
1054 2499 1139 2554 solum
1158 2499 1295 2567 inutilem,
1314 2495 1358 2552 sed

282 2586 349 2639 adeo
367 2585 488 2639 funditus
505 2583 651 2639 toiiendam
674 2585 767 2640 suadet
789 2587 989 2658 contenditque.
1013 2587 1053 2642 Ac
1071 2585 1187 2656 primurn
1203 2585 1282 2642 dooet
1302 2583 1357 2638 fieri

283 2690 337 2724 noa
351 2689 435 2740 posse,
448 2681 477 2724 ut
489 2671 646 2725 moderetur
658 2670 740 2740 iram,
750 2672 886 2742 quiserrrei
895 2673 929 2730 ab
937 2692 969 2726 es
976 2671 1057 2743 abripi
1067 2692 1093 2726 se
1102 2691 1189 2741 μιιιιι
1197 2673 1244 2740 sit,
1260 2673 1357 2743 quippe

283 2775 342 2825 qure
354 2757 479 2811 virtutem
492 2768 519 2810 et
531 2758 664 2828 opprimat
676 2767 703 2811 et
715 2757 841 2827 expeiiat,
858 2755 992 2812 ut·virtuti
1004 2757 1107 2812 nulium
1125 2757 1249 2812 auxilium
1265 2757 1358 2811 afferre

285 2849 373 2908 queat.
388 2839 494 2894 Deinde
506 2859 555 2894 nec
567 2840 686 2895 beiiatori
700 2841 809 2910 quidem
822 2842 953 2911 suppetias
961 2839 1025 2894 ferri
1035 2840 1067 2894 ab
1078 2840 1115 2893 ira
1127 2839 1259 2907 ostendit,
1269 2850 1358 2910 utpote

285 2941 360 2993 qua,
373 2923 422 2979 nisi
437 2934 560 2994 regatur,
578 2925 717 2980 serissima
731 2925 825 2980 excitet
838 2924 968 2996 pericula,
982 2925 1094 2995 ideoque
1111 2925 1141 2979 iis
1158 2925 1202 2994 qui
1212 2925 1238 2978 ei
1257 2927 1361 2980 obtem·

285 3015 397 3078 pereat,
412 3007 554 3061 manifesto
566 3009 599 3064 sit
613 3009 701 3063 exitio.
709 3037 746 3050 -
755 3011 924 3065 xttt-xv1.
938 3009 1044 3080 Quibus
1055 3008 1189 3079 expositis,
1201 3009 1361 3064 immoratur

284 3089 451 3162 potissimum
466 3092 701 3162 Peripateticorum
713 3095 824 3149 decretis
835 3095 868 3148 de
883 3093 1019 3148 affectibus
1030 3093 1152 3148 humanis
1163 3104 1190 3147 et
1201 3095 1327 3166 regendis
1336 3104 1361 3147 et

285 3175 439 3234 limitandis.
451 3176 522 3247 Qure
535 3191 672 3250 propterea
689 3181 813 3251 inprimis
825 3179 889 3234 falsa
910 3179 1078 3250 pronuntiat,
1091 3178 1162 3249 quod
1180 3178 1218 3234 ira
1236 3201 1289 3237 aec
1302 3180 1361 3235 ideo

286 3263 389 3320 bonum
402 3263 466 3336 quid
479 3283 531 3318 esse
541 3265 635 3335 possit,
649 3267 777 3336 quoniam
787 3265 984 3321 incrementum
992 3263 1049 3332 eius
1059 3263 1132 3317 omui
1144 3263 1213 3318 bono
1223 3275 1252 3320 et
1264 3266 1362 3320 virtute

288 3359 392 3406 eareat:
406 3349 503 3421 quippe
520 3367 574 3420 quo
592 3351 695 3420 major,
710 3351 761 3406 hoc
778 3351 824 3405 irat
840 3351 923 3421 pejor.
940 3347 1050 3418 Sapiens
1060 3350 1145 3418 itaque
1164 3349 1290 3421 improbo
1306 3368 1360 3404 non

290 3435 431 3491 irascetur:
448 3443 538 3490 nostra
554 3436 626 3490 enim
643 3437 784 3507 propensio
803 3437 830 3492 in
843 3435 896 3490 vita
911 3455 959 3489 noe
970 3431 1181 3497 commonefacit,
1194 3445 1226 3488 ut
1238 3435 1360 3504 ignosca-

290 3537 367 3574 must
381 3539 430 3574 nec
443 3539 520 3590 poena
530 3539 591 3574 curn
604 3521 641 3574 ira
655 3521 796 3591 conjuncta
813 3540 868 3575 esse
886 3519 973 3573 debet·
990 3517 1034 3572 Sic
1050 3518 1140 3571 transit
1151 3517 1236 3570 oratio
1248 3517 1284 3572 ad
1304 3518 1361 3571 dis-

291 3603 408 3672 crimen,
427 3603 496 3674 quod
522 3605 592 3660 inter
609 3605 676 3659 iram
693 3616 721 3661 et
740 3606 887 3670 rationem,
907 3621 986 3673 quam
1004 3601 1110 3672 quidem
1130 3600 1224 3670 juder,
1239 3601 1360 3672 quemvis

292 3703 415 3752 severus,
437 3687 511 3757 sequi
531 3687 643 3754 debeat,
663 3688 767 3744 intersit
784 3690 842 3743 :ira
862 3697 950 3742 autem
974 3703 1036 3740 eum
1055 3683 1259 3754 haudquaquam
1281 3687 1364 3740 deret.

294 3767 366 3822 dinis
377 3767 442 3822 iibro
456 3769 602 3838 imponitur
619 3771 664 3824 ira
676 3771 853 3840 descriptione
864 3771 897 3826 ad
910 3767 1093 3840 Peripateticos
1109 3765 1269 3824 refellendos
1284 3767 1363 3822 insti-

295 3857 369 3914 tuta,
381 3862 455 3920 atqua
468 3851 662 3922 propemodum
675 3855 793 3928 repetita.
