2930 4958
311 437 403 527 xlviij
574 439 881 516 locrorum
904 447 1121 521 uuoort.

309 582 427 660 teutiae,
443 605 506 665 quoe
519 598 675 668 postremo
695 588 790 652 nimia
803 590 864 654 ruit
883 612 976 678 super
991 593 1112 676 iprum,
1134 593 1261 656 minime
1283 597 1378 680 otique

310 689 455 753 miratore
469 691 613 754 inanium
636 721 652 747 κ

310 863 427 918 Ptnttut
437 865 542 920 doulon
553 903 561 930 ,
574 866 618 922 lib·
632 869 673 935 V,
691 869 761 942 epist
772 886 820 935 ιιι,
838 871 871 931 de
882 871 922 926 bis
932 873 977 944 qni
990 869 1103 926 domim
1115 884 1140 925 et
1149 873 1261 928 moribus
1272 875 1378 950 insignes

715 962 837 1014 amatoria
852 960 974 1016 luserunt.

352 1127 366 1154 o
384 1097 445 1162 Sed
461 1120 518 1183 ego
531 1121 639 1163 verear
652 1123 691 1164 ne
705 1123 755 1166 me
771 1125 833 1168 non
845 1106 918 1168 satis
932 1108 1036 1169 deceat
1049 1107 1131 1188 quod
1143 1107 1242 1171 decuit
1252 1105 1296 1170 M.
1309 1107 1378 1170 Tul-

308 1207 400 1285 lium,
415 1203 452 1270 C.
465 1205 613 1282 Calvum,
630 1208 770 1272 Asinium
784 1209 976 1288 Pollionem,
990 1211 1036 1274 Μ.
1050 1210 1232 1292 Messalam,
1246 1211 1285 1296 Q.
1300 1212 1377 1277 llor-

309 1313 457 1390 tensium,
480 1312 526 1374 M.
539 1312 691 1392 Brutum,
714 1330 770 1380 etc.
787 1315 936 1380 Annaeum
952 1315 1122 1394 Senecam,
1142 1332 1199 1382 etc.
1217 1347 1232 1373 n

450 1495 626 1550 [imotenus
642 1498 833 1564 Perennem,
845 1499 915 1571 epist.
928 1499 959 1551 ad
973 1499 1101 1554 Annnum
1117 1499 1249 1554 Senecam.

350 1637 559 1702 «Plutarchus
579 1639 717 1721 (inquit)
738 1641 886 1722 siquidem
907 1639 1032 1706 Grnreus
1045 1656 1053 1682 ¹
1068 1643 1162 1706 homo
1178 1657 1231 1720 ,et
1251 1642 1376 1727 Traiani

308 1745 452 1830 principis
461 1744 615 1828 magister,
628 1765 698 1811 soor
710 1747 809 1811 claros
817 1747 899 1810 viros
911 1748 1022 1811 uostris
1033 1749 1201 1826 conserens,
1213 1771 1304 1830 quum
1313 1749 1379 1815 Pla-

308 1853 373 1915 toni
394 1865 424 1914 et
440 1851 618 1928 Aristoteli,
641 1873 771 1933 quorum
793 1853 927 1936 primum
947 1855 1104 1930 dimnum,
1127 1856 1291 1918 secundum
1314 1856 1376 1916 dre-

306 1959 444 2022 mouimn
461 1955 561 2022 Graeci
580 1973 710 2033 vocam,
732 1957 873 2022 Marcum
894 1959 1090 2035 Varronem,
1114 1957 1253 2023 Homero
1269 1959 1377 2044 Virgi-

217 2131 219 2136 ,
305 2066 402 2143 lium,
421 2062 624 2127 Demostheni
648 2063 789 2126 Marcmu
810 2064 947 2127 Tullium
968 2066 1149 2149 objecisset,
1166 2087 1254 2129 ausus
1272 2077 1317 2128 est
1338 2068 1377 2128 ad

305 2185 493 2257 postremum
515 2183 546 2233 et
566 2171 676 2233 ducum
699 2172 936 2234 controversiam
965 2193 1110 2250 movere,
1134 2195 1191 2236 neo
1214 2195 1284 2235 euru
1301 2175 1375 2234 tanti

304 2279 411 2341 saltem
423 2278 577 2340 veneratio
591 2277 728 2360 discipuli
743 2277 896 2339 continuit.
914 2277 949 2338 lo
963 2299 1019 2338 uno
1033 2299 1104 2338 sone
1120 2301 1232 2341 suonam
1247 2283 1374 2360 imperio

302 2407 415 2467 prorsus
427 2388 542 2464 ingemit
556 2407 613 2446 noo
629 2385 741 2445 enedrer't
756 2383 899 2464 confiteri,
913 2387 993 2466 quod
1010 2407 1102 2466 quem
1123 2386 1228 2450 tibica
1244 2408 1329 2468 ecquo
1345 2386 1377 2446 in

303 2492 471 2562 moralibus
481 2491 638 2577 preceptis
651 2491 839 2574 objicerent,
855 2511 917 2554 non
931 2490 1089 2556 haberent.
1104 2519 1119 2545 n

620 2649 712 2712 luunt,
725 2647 830 2720 epistola
840 2662 927 2700 contra
941 2647 1054 2702 Gallum.

345 2824 359 2850 o
377 2793 502 2856 Etcum
515 2791 618 2854 ‘lhallio
635 2789 784 2852 Senecam
803 2810 908 2873 pono,
927 2793 965 2853 de
978 2812 1038 2872 quo
1054 2788 1230 2853 Plutarchus
1247 2811 1378 2873 magnos

301 2905 349 2966 vir
363 2914 393 2964 et
406 2899 529 2962 Graecus
543 2897 622 2958 ultro
636 2896 764 2972 fatetur,
788 2899 894 2957 nullum
910 2900 940 2957 in
963 2898 1076 2964 Groect's
1083 2895 1196 2972 fiaisse,
1213 2899 1262 2979 quei
1273 2899 1333 2958 eidi
1346 2902 1377 2958 r'n

302 3007 453 3068 moralibus
466 3007 557 3086 possit
571 3005 739 3084 comparari.
755 3029 769 3054 u

332 3217 341 3247 ¹
354 3211 511 3267 Plutomhus
519 3214 549 3262 π’
557 3211 662 3278 qm'dem
676 3207 792 3264 Gemens.
800 3209 850 3262 ete.⁴
857 3209 933 3264 Unde
941 3208 1154 3272 bnolletrarcba,
1164 3209 1250 3264 uario
1268 3227 1275 3260 =
1288 3210 1316 3262 in
1326 3211 1378 3264 ho·

299 3307 388 3368 diurno
396 3301 530 3370 Plutapclqo
540 3321 593 3354 noa
601 3314 661 3374 puto
670 3299 776 3374 lsgtltir
783 3301 887 3372 quidem
897 3300 1011 3354 nominat
1017 3302 1141 3356 Senecam
1150 3319 1157 3352 r
1165 3301 1209 3354 sed
1216 3301 1272 3356 aine
1282 3302 1396 3370 lauda-‚

297 3399 367 3451 tione
374 3395 423 3448 alia
430 3381 659 3468 analogio-Semel
666 3392 761 3460 libello,
772 3393 811 3444 De
819 3413 870 3445 non
879 3391 1009 3445 irascendo
1019 3391 1294 3464 :oldeo,inquit,quum
1301 3397 1377 3448 Nero

298 3485 489 3540 tabernaculum
497 3482 625 3554 quoddam
632 3481 890 3554 octangulum,forma
900 3493 926 3535 et
934 3469 1013 3555 prelio
1022 3479 1141 3534 eximium
1150 3479 1240 3534 confici
1249 3483 1377 3554 jussisset,

297 3581 393 3632 Seneca
404 3576 436 3629 ad
450 3593 525 3629 etum:
536 3573 674 3626 Ostendisti
684 3592 816 3644 pauperem
829 3574 949 3646 teipsum
961 3592 1020 3624 nam
1030 3573 1052 3623 ai
1060 3571 1109 3625 boc
1121 3572 1242 3638 amiseris,
1255 3573 1304 3625 tale
1317 3596 1378 3626 non

298 3669 430 3744 reparabis.
440 3669 473 3724 Et
482 3669 515 3722 ita
528 3667 629 3734 evenit,
643 3685 720 3734 quum
729 3667 801 3720 navis
812 3665 1015 3730 submersajoser
1026 3703 1034 3730 ,
1047 3666 1120 3739 periit
1130 3678 1153 3718 et
1163 3665 1360 3720 tabernaculum
1372 3687 1378 3718 :

297 3762 365 3836 quod
380 3764 450 3814 Nero
463 3772 548 3812 tamen
561 3757 715 3810 moderatius
726 3757 784 3812 sulit
795 3795 803 3824 ,
815 3777 913 3810 memor
924 3757 1028 3811 Senecae
1039 3757 1228 3809 admonitionis.
1248 3758 1378 3810 »lterum

296 3855 324 3906 in
337 3853 418 3907 Galba
431 3890 438 3918 ,
449 3850 494 3902 ubi
505 3849 537 3901 de
551 3847 670 3904 Othone:
684 3869 697 3894 o
712 3845 781 3898 Otbo
792 3847 907 3900 utebatur
918 3847 1075 3900 familiariter
1087 3849 1193 3912 Seneca,
1205 3847 1276 3920 cujus
1293 3868 1379 3920 opera

295 3959 319 3997 et
329 3943 429 3997 monitu
440 3942 530 3994 missua
541 3952 576 3992 est
587 3959 602 3991 a
613 3937 710 3993 Caesare
728 3926 865 4010 proprhetot·
882 3937 909 3990 iu
928 3939 1092 3992 Lusitaniam,
1108 3959 1121 3984 υ
1140 3937 1256 3991 Attende
1266 3938 1355 3990 obiter
1370 3961 1378 4001 ς

293 4055 414 4110 generosa
425 4033 470 4086 illa
480 4044 563 4105 postea
573 4049 640 4082 mors
652 4027 813 4094 Othonis,ab
828 4025 874 4081 bae
889 4027 1071 4082 cousuetudine
1079 4043 1102 4082 ot
1117 4027 1245 4101 praecptis
1260 4027 1378 4081 senecae

293 4130 403 4200 prolecto
413 4124 468 4177 luit.
476 4123 579 4194 Aliquid
591 4159 598 4186 ,
611 4119 657 4172 etsi
668 4120 757 4186 molli,
771 4140 800 4171 ex
809 4119 868 4172 lorti
880 4120 990 4172 amicitia
1002 4119 1113 4172 adhaesit.
1123 4119 1253 4170 Hactenus
1264 4118 1292 4169 in
1309 4117 1384 4171 Plu-

292 4217 378 4271 tarcho
391 4215 488 4291 reperio
500 4232 506 4267 :
517 4226 604 4268 cretera
616 4209 668 4264 fide
681 4209 823 4264 l’etrarcboe
837 4210 960 4262 nituntur.
971 4211 1034 4279 (Qui
1045 4210 1162 4281 quidem,
1172 4223 1269 4283 utsaepe
1278 4221 1354 4283 patet
1372 4251 1388 4278 ‚

293 4328 346 4362 uon
358 4307 428 4360 nulla
440 4318 552 4360 veterum
562 4303 653 4374 scripta
664 4301 821 4355 inmanibus
832 4299 923 4354 habult
933 4319 989 4371 quae
999 4321 1068 4354 nuuc
1079 4299 1206 4373 deperdita
1219 4313 1287 4375 suno
1299 4302 1309 4366 )
