<?xml version="1.0" encoding="UTF-8"?>
<!DOCTYPE html PUBLIC "-//W3C//DTD XHTML 1.0 Transitional//EN"
    "http://www.w3.org/TR/xhtml1/DTD/xhtml1-transitional.dtd">
<html xmlns="http://www.w3.org/1999/xhtml" xml:lang="en" lang="en">
 <head>
  <title>
</title>
<meta http-equiv="Content-Type" content="text/html;charset=utf-8" />
  <meta name='ocr-system' content='tesseract 3.04.00' />
  <meta name='ocr-capabilities' content='ocr_page ocr_carea ocr_par ocr_line ocrx_word'/>
</head>
<body>
  <div class='ocr_page' id='page_1' title='image "./lannsenecparspr01bouigoog_0199.png"; bbox 0 0 2896 4958; ppageno 0'>
   <div class='ocr_carea' id='block_1_1' title="bbox 285 419 1188 490">
    <p class='ocr_par' dir='ltr' id='par_1_1' title="bbox 285 419 1188 490">
     <span class='ocr_line' id='line_1_1' title="bbox 285 419 1188 490; baseline 0.004 -4"><span class='ocrx_word' id='word_1_1' title='bbox 285 445 345 487; x_wconf 88' lang='lat' dir='ltr'>exc</span> <span class='ocrx_word' id='word_1_2' title='bbox 483 419 514 484; x_wconf 86' lang='lat' dir='ltr'>J.</span> <span class='ocrx_word' id='word_1_3' title='bbox 540 419 699 490; x_wconf 87' lang='lat' dir='ltr'>LIPSII</span> <span class='ocrx_word' id='word_1_4' title='bbox 725 419 1188 490; x_wconf 83' lang='lat' dir='ltr'>MANUDUCTIONIS</span> 
     </span>
    </p>
   </div>
   <div class='ocr_carea' id='block_1_2' title="bbox 283 564 1363 1090">
    <p class='ocr_par' dir='ltr' id='par_1_2' title="bbox 283 564 1363 1090">
     <span class='ocr_line' id='line_1_2' title="bbox 285 564 1357 649; baseline 0.001 -23"><span class='ocrx_word' id='word_1_5' title='bbox 285 585 392 649; x_wconf 81' lang='lat' dir='ltr'>gorem</span> <span class='ocrx_word' id='word_1_6' title='bbox 403 565 584 645; x_wconf 76' lang='lat' dir='ltr'><strong>quemdam,</strong></span> <span class='ocrx_word' id='word_1_7' title='bbox 601 564 832 646; x_wconf 83' lang='lat' dir='ltr'>torvitatemque</span> <span class='ocrx_word' id='word_1_8' title='bbox 850 579 964 628; x_wconf 87' lang='lat' dir='ltr'>naturae</span> <span class='ocrx_word' id='word_1_9' title='bbox 978 567 1086 628; x_wconf 89' lang='lat' dir='ltr'>duram</span> <span class='ocrx_word' id='word_1_10' title='bbox 1101 581 1131 630; x_wconf 89' lang='lat' dir='ltr'>et</span> <span class='ocrx_word' id='word_1_11' title='bbox 1143 565 1357 640; x_wconf 83' lang='lat' dir='ltr'>inflexibilem,</span> 
     </span>
     <span class='ocr_line' id='line_1_3' title="bbox 283 658 1359 756; baseline 0 -22"><span class='ocrx_word' id='word_1_12' title='bbox 283 671 479 753; x_wconf 80' lang='lat' dir='ltr'>Aliecmsque</span> <span class='ocrx_word' id='word_1_13' title='bbox 495 658 654 733; x_wconf 80' lang='lat' dir='ltr'>humanos</span> <span class='ocrx_word' id='word_1_14' title='bbox 671 671 802 733; x_wconf 78' lang='lat' dir='ltr'>adimit:</span> <span class='ocrx_word' id='word_1_15' title='bbox 829 672 934 756; x_wconf 87' lang='lat' dir='ltr'>quales</span> <span class='ocrx_word' id='word_1_16' title='bbox 959 675 1087 750; x_wconf 76' lang='grc' dir='ltr'>ἀπαθεῖς,</span> <span class='ocrx_word' id='word_1_17' title='bbox 1112 670 1213 737; x_wconf 79' lang='lat' dir='ltr'>Graeci</span> <span class='ocrx_word' id='word_1_18' title='bbox 1233 689 1359 746; x_wconf 82' lang='lat' dir='ltr'>vocant,</span> 
     </span>
     <span class='ocr_line' id='line_1_4' title="bbox 284 777 1362 862; baseline 0 -20"><span class='ocrx_word' id='word_1_19' title='bbox 284 778 396 842; x_wconf 89' lang='lat' dir='ltr'>multos</span> <span class='ocrx_word' id='word_1_20' title='bbox 406 781 471 860; x_wconf 85' lang='lat' dir='ltr'>ejus</span> <span class='ocrx_word' id='word_1_21' title='bbox 484 777 605 862; x_wconf 85' lang='lat' dir='ltr'>generis</span> <span class='ocrx_word' id='word_1_22' title='bbox 616 777 733 861; x_wconf 90' lang='lat' dir='ltr'>experti</span> <span class='ocrx_word' id='word_1_23' title='bbox 747 801 753 837; x_wconf 77' lang='grc' dir='ltr'><strong>ε</strong></span> <span class='ocrx_word' id='word_1_24' title='bbox 765 782 906 861; x_wconf 88' lang='lat' dir='ltr'>quodque</span> <span class='ocrx_word' id='word_1_25' title='bbox 920 780 1033 842; x_wconf 87' lang='lat' dir='ltr'>mirum</span> <span class='ocrx_word' id='word_1_26' title='bbox 1045 781 1103 858; x_wconf 91' lang='lat' dir='ltr'>sit,</span> <span class='ocrx_word' id='word_1_27' title='bbox 1120 794 1260 843; x_wconf 77' lang='lat' dir='ltr'><strong>auctores</strong></span> <span class='ocrx_word' id='word_1_28' title='bbox 1272 782 1362 842; x_wconf 84' lang='lat' dir='ltr'>maxi-</span> 
     </span>
     <span class='ocr_line' id='line_1_5' title="bbox 284 883 1360 974; baseline 0.001 -26"><span class='ocrx_word' id='word_1_29' title='bbox 284 907 352 948; x_wconf 91' lang='lat' dir='ltr'>mos</span> <span class='ocrx_word' id='word_1_30' title='bbox 367 886 539 970; x_wconf 74' lang='lat' dir='ltr'><strong>sapientiae,</strong></span> <span class='ocrx_word' id='word_1_31' title='bbox 555 883 730 968; x_wconf 80' lang='lat' dir='ltr'>Diogenem</span> <span class='ocrx_word' id='word_1_32' title='bbox 745 883 913 972; x_wconf 81' lang='lat' dir='ltr'>Cynicmn,</span> <span class='ocrx_word' id='word_1_33' title='bbox 926 885 1137 974; x_wconf 84' lang='lat' dir='ltr'>Pyrrhonem,</span> <span class='ocrx_word' id='word_1_34' title='bbox 1153 885 1360 964; x_wconf 74' lang='lat' dir='ltr'>Heraclitum,</span> 
     </span>
     <span class='ocr_line' id='line_1_6' title="bbox 285 989 1363 1090; baseline 0.002 -36"><span class='ocrx_word' id='word_1_35' title='bbox 285 991 461 1055; x_wconf 84' lang='lat' dir='ltr'>Timonem.</span> <span class='ocrx_word' id='word_1_36' title='bbox 474 989 592 1090; x_wconf 57' lang='lat' dir='ltr'>»ibib</span> <span class='ocrx_word' id='word_1_37' title='bbox 603 990 676 1054; x_wconf 82' lang='lat' dir='ltr'>Vll.</span> <span class='ocrx_word' id='word_1_38' title='bbox 688 1014 713 1054; x_wconf 90' lang='lat' dir='ltr'>c.</span> <span class='ocrx_word' id='word_1_39' title='bbox 731 996 801 1078; x_wconf 83' lang='lat'>19.)</span> <span class='ocrx_word' id='word_1_40' title='bbox 813 990 915 1071; x_wconf 88' lang='lat' dir='ltr'>Hem,</span> <span class='ocrx_word' id='word_1_41' title='bbox 934 995 1043 1057; x_wconf 90' lang='lat' dir='ltr'>diutius</span> <span class='ocrx_word' id='word_1_42' title='bbox 1058 993 1106 1057; x_wconf 87' lang='lat' dir='ltr'>his</span> <span class='ocrx_word' id='word_1_43' title='bbox 1122 995 1236 1057; x_wconf 87' lang='lat' dir='ltr'>institi:</span> <span class='ocrx_word' id='word_1_44' title='bbox 1254 996 1363 1058; x_wconf 86' lang='lat' dir='ltr'>sedni—</span> 
     </span>
    </p>
   </div>
   <div class='ocr_carea' id='block_1_3' title="bbox 254 1082 1365 2574">
    <p class='ocr_par' dir='ltr' id='par_1_3' title="bbox 254 1082 1365 2574">
     <span class='ocr_line' id='line_1_7' title="bbox 287 1082 1361 1183; baseline 0 -19"><span class='ocrx_word' id='word_1_45' title='bbox 287 1099 400 1164; x_wconf 89' lang='lat' dir='ltr'>mirum</span> <span class='ocrx_word' id='word_1_46' title='bbox 408 1098 561 1177; x_wconf 85' lang='lat' dir='ltr'>involuta,</span> <span class='ocrx_word' id='word_1_47' title='bbox 574 1119 633 1182; x_wconf 90' lang='lat' dir='ltr'>pro</span> <span class='ocrx_word' id='word_1_48' title='bbox 647 1098 728 1162; x_wconf 88' lang='lat' dir='ltr'>virili</span> <span class='ocrx_word' id='word_1_49' title='bbox 743 1097 831 1177; x_wconf 82' lang='lat' dir='ltr'>mea,</span> <span class='ocrx_word' id='word_1_50' title='bbox 847 1099 1013 1164; x_wconf 82' lang='lat' dir='ltr'>evolvenda</span> <span class='ocrx_word' id='word_1_51' title='bbox 1027 1082 1244 1183; x_wconf 78' lang='lat' dir='ltr'>inertthuid</span> <span class='ocrx_word' id='word_1_52' title='bbox 1255 1087 1361 1178; x_wconf 80' lang='lat' dir='ltr'>restat,</span> 
     </span>
     <span class='ocr_line' id='line_1_8' title="bbox 285 1205 1364 1291; baseline 0 -23"><span class='ocrx_word' id='word_1_53' title='bbox 285 1207 344 1270; x_wconf 88' lang='lat' dir='ltr'>nisi</span> <span class='ocrx_word' id='word_1_54' title='bbox 357 1207 460 1270; x_wconf 84' lang='lat' dir='ltr'>videre</span> <span class='ocrx_word' id='word_1_55' title='bbox 475 1227 515 1269; x_wconf 90' lang='lat' dir='ltr'>an</span> <span class='ocrx_word' id='word_1_56' title='bbox 525 1207 640 1291; x_wconf 89' lang='lat' dir='ltr'>proba,</span> <span class='ocrx_word' id='word_1_57' title='bbox 657 1219 709 1268; x_wconf 91' lang='lat' dir='ltr'>ant</span> <span class='ocrx_word' id='word_1_58' title='bbox 722 1220 805 1270; x_wconf 86' lang='lat' dir='ltr'>certe</span> <span class='ocrx_word' id='word_1_59' title='bbox 821 1206 1007 1290; x_wconf 87' lang='lat' dir='ltr'>probabilis,</span> <span class='ocrx_word' id='word_1_60' title='bbox 1022 1207 1085 1272; x_wconf 79' lang='lat' dir='ltr'>haee</span> <span class='ocrx_word' id='word_1_61' title='bbox 1099 1208 1269 1271; x_wconf 83' lang='lat' dir='ltr'>sententia?</span> <span class='ocrx_word' id='word_1_62' title='bbox 1290 1205 1364 1270; x_wconf 85' lang='lat' dir='ltr'>Mihi</span> 
     </span>
     <span class='ocr_line' id='line_1_9' title="bbox 286 1312 1362 1399; baseline 0.003 -25"><span class='ocrx_word' id='word_1_63' title='bbox 286 1312 414 1386; x_wconf 84' lang='lat' dir='ltr'>videtur,</span> <span class='ocrx_word' id='word_1_64' title='bbox 429 1313 460 1374; x_wconf 92' lang='lat' dir='ltr'>in</span> <span class='ocrx_word' id='word_1_65' title='bbox 477 1313 640 1377; x_wconf 91' lang='lat' dir='ltr'>commodo</span> <span class='ocrx_word' id='word_1_66' title='bbox 656 1313 710 1376; x_wconf 92' lang='lat' dir='ltr'>illo</span> <span class='ocrx_word' id='word_1_67' title='bbox 729 1327 759 1375; x_wconf 91' lang='lat' dir='ltr'>et</span> <span class='ocrx_word' id='word_1_68' title='bbox 771 1335 845 1376; x_wconf 88' lang='lat' dir='ltr'>vero</span> <span class='ocrx_word' id='word_1_69' title='bbox 860 1313 1032 1377; x_wconf 86' lang='lat' dir='ltr'>intellectu:</span> <span class='ocrx_word' id='word_1_70' title='bbox 1049 1335 1160 1399; x_wconf 82' lang='lat' dir='ltr'>nempe</span> <span class='ocrx_word' id='word_1_71' title='bbox 1179 1312 1362 1398; x_wconf 86' lang='lat' dir='ltr'>Sapientem,</span> 
     </span>
     <span class='ocr_line' id='line_1_10' title="bbox 286 1420 1362 1505; baseline 0.002 -23"><span class='ocrx_word' id='word_1_72' title='bbox 286 1437 349 1482; x_wconf 89' lang='lat' dir='ltr'>non</span> <span class='ocrx_word' id='word_1_73' title='bbox 366 1441 432 1484; x_wconf 89' lang='lat' dir='ltr'>esse</span> <span class='ocrx_word' id='word_1_74' title='bbox 454 1420 607 1505; x_wconf 80' lang='lat' dir='ltr'>rigidum,</span> <span class='ocrx_word' id='word_1_75' title='bbox 628 1421 763 1499; x_wconf 86' lang='lat' dir='ltr'>durum,</span> <span class='ocrx_word' id='word_1_76' title='bbox 783 1442 945 1484; x_wconf 79' lang='lat' dir='ltr'>exsensum</span> <span class='ocrx_word' id='word_1_77' title='bbox 966 1436 1177 1505; x_wconf 86' lang='lat' dir='ltr'>exsortemqne</span> <span class='ocrx_word' id='word_1_78' title='bbox 1199 1443 1218 1484; x_wconf 88' lang='lat' dir='ltr'>a</span> <span class='ocrx_word' id='word_1_79' title='bbox 1238 1423 1362 1498; x_wconf 87' lang='lat' dir='ltr'>dolore,</span> 
     </span>
     <span class='ocr_line' id='line_1_11' title="bbox 286 1525 1362 1614; baseline 0 -26"><span class='ocrx_word' id='word_1_80' title='bbox 286 1539 391 1602; x_wconf 88' lang='lat' dir='ltr'>metu,</span> <span class='ocrx_word' id='word_1_81' title='bbox 410 1526 569 1610; x_wconf 83' lang='lat' dir='ltr'>cupidine,</span> <span class='ocrx_word' id='word_1_82' title='bbox 587 1525 687 1594; x_wconf 86' lang='lat' dir='ltr'>laetitia</span> <span class='ocrx_word' id='word_1_83' title='bbox 702 1551 710 1586; x_wconf 77' lang='grc' dir='ltr'><strong>ι</strong></span> <span class='ocrx_word' id='word_1_84' title='bbox 723 1529 777 1589; x_wconf 89' lang='lat' dir='ltr'>sed</span> <span class='ocrx_word' id='word_1_85' title='bbox 789 1528 897 1610; x_wconf 88' lang='lat' dir='ltr'>primis</span> <span class='ocrx_word' id='word_1_86' title='bbox 909 1530 1072 1606; x_wconf 72' lang='lat' dir='ltr'>dumtaxat,</span> <span class='ocrx_word' id='word_1_87' title='bbox 1086 1529 1362 1614; x_wconf 68' lang='lat' dir='ltr'>incipientibusque.</span> 
     </span>
     <span class='ocr_line' id='line_1_12' title="bbox 287 1631 1363 1721; baseline 0.001 -25"><span class='ocrx_word' id='word_1_88' title='bbox 287 1631 459 1698; x_wconf 79' lang='lat' dir='ltr'>sentiscere</span> <span class='ocrx_word' id='word_1_89' title='bbox 469 1655 506 1696; x_wconf 89' lang='lat' dir='ltr'>ea</span> <span class='ocrx_word' id='word_1_90' title='bbox 516 1679 525 1709; x_wconf 89' lang='lat'>,</span> <span class='ocrx_word' id='word_1_91' title='bbox 536 1647 566 1696; x_wconf 93' lang='lat' dir='ltr'>et</span> <span class='ocrx_word' id='word_1_92' title='bbox 576 1633 696 1698; x_wconf 84' lang='lat' dir='ltr'>moveri</span> <span class='ocrx_word' id='word_1_93' title='bbox 705 1655 825 1716; x_wconf 85' lang='lat' dir='ltr'>quoque</span> <span class='ocrx_word' id='word_1_94' title='bbox 835 1635 886 1708; x_wconf 74' lang='lat' dir='ltr'>iis,</span> <span class='ocrx_word' id='word_1_95' title='bbox 899 1637 951 1698; x_wconf 88' lang='lat' dir='ltr'>sed</span> <span class='ocrx_word' id='word_1_96' title='bbox 959 1637 1106 1719; x_wconf 82' lang='lat' dir='ltr'>rejicere,</span> <span class='ocrx_word' id='word_1_97' title='bbox 1117 1657 1173 1700; x_wconf 88' lang='lat' dir='ltr'>neo</span> <span class='ocrx_word' id='word_1_98' title='bbox 1182 1638 1363 1721; x_wconf 84' lang='lat' dir='ltr'>permoveri.</span> 
     </span>
     <span class='ocr_line' id='line_1_13' title="bbox 286 1737 1362 1826; baseline 0.003 -24"><span class='ocrx_word' id='word_1_99' title='bbox 286 1738 371 1821; x_wconf 88' lang='lat' dir='ltr'>Quid</span> <span class='ocrx_word' id='word_1_100' title='bbox 379 1737 556 1805; x_wconf 76' lang='lat' dir='ltr'>Academici</span> <span class='ocrx_word' id='word_1_101' title='bbox 567 1740 625 1824; x_wconf 90' lang='lat' dir='ltr'>ipsi</span> <span class='ocrx_word' id='word_1_102' title='bbox 636 1740 667 1802; x_wconf 92' lang='lat' dir='ltr'>in</span> <span class='ocrx_word' id='word_1_103' title='bbox 680 1762 713 1804; x_wconf 88' lang='lat' dir='ltr'>re</span> <span class='ocrx_word' id='word_1_104' title='bbox 725 1741 807 1803; x_wconf 87' lang='lat' dir='ltr'>aliud</span> <span class='ocrx_word' id='word_1_105' title='bbox 816 1741 934 1817; x_wconf 86' lang='lat' dir='ltr'>dicunt,</span> <span class='ocrx_word' id='word_1_106' title='bbox 947 1761 1039 1822; x_wconf 89' lang='lat' dir='ltr'>qnam</span> <span class='ocrx_word' id='word_1_107' title='bbox 1049 1742 1223 1818; x_wconf 88' lang='lat' dir='ltr'>moderari,</span> <span class='ocrx_word' id='word_1_108' title='bbox 1237 1763 1362 1826; x_wconf 84' lang='lat' dir='ltr'>regere,</span> 
     </span>
     <span class='ocr_line' id='line_1_14' title="bbox 287 1844 1361 1932; baseline -0.002 -24"><span class='ocrx_word' id='word_1_109' title='bbox 287 1861 318 1910; x_wconf 90' lang='lat' dir='ltr'>et</span> <span class='ocrx_word' id='word_1_110' title='bbox 328 1845 536 1912; x_wconf 82' lang='lat' dir='ltr'>inliationem</span> <span class='ocrx_word' id='word_1_111' title='bbox 551 1849 599 1929; x_wconf 89' lang='lat' dir='ltr'>jus</span> <span class='ocrx_word' id='word_1_112' title='bbox 612 1846 731 1910; x_wconf 89' lang='lat' dir='ltr'>nullum</span> <span class='ocrx_word' id='word_1_113' title='bbox 752 1845 888 1910; x_wconf 85' lang='lat' dir='ltr'>habere?</span> <span class='ocrx_word' id='word_1_114' title='bbox 907 1844 994 1932; x_wconf 85' lang='lat' dir='ltr'>Ergo</span> <span class='ocrx_word' id='word_1_115' title='bbox 1011 1848 1135 1932; x_wconf 82' lang='lat' dir='ltr'>sperni,</span> <span class='ocrx_word' id='word_1_116' title='bbox 1156 1861 1185 1910; x_wconf 87' lang='lat' dir='ltr'>et</span> <span class='ocrx_word' id='word_1_117' title='bbox 1199 1848 1334 1912; x_wconf 87' lang='lat' dir='ltr'>coerceri</span> <span class='ocrx_word' id='word_1_118' title='bbox 1356 1872 1361 1906; x_wconf 92' lang='lat'>:</span> 
     </span>
     <span class='ocr_line' id='line_1_15' title="bbox 286 1953 1361 2041; baseline -0.002 -25"><span class='ocrx_word' id='word_1_119' title='bbox 286 1957 369 2038; x_wconf 89' lang='lat' dir='ltr'>qnod</span> <span class='ocrx_word' id='word_1_120' title='bbox 385 1953 524 2039; x_wconf 83' lang='lat' dir='ltr'>proiecto</span> <span class='ocrx_word' id='word_1_121' title='bbox 541 1955 630 2018; x_wconf 88' lang='lat' dir='ltr'>nohis</span> <span class='ocrx_word' id='word_1_122' title='bbox 651 1969 696 2018; x_wconf 92' lang='lat' dir='ltr'>est</span> <span class='ocrx_word' id='word_1_123' title='bbox 717 1954 803 2032; x_wconf 90' lang='lat' dir='ltr'>tolli,</span> <span class='ocrx_word' id='word_1_124' title='bbox 820 1955 881 2018; x_wconf 90' lang='lat' dir='ltr'>illis</span> <span class='ocrx_word' id='word_1_125' title='bbox 900 1955 970 2019; x_wconf 91' lang='lat' dir='ltr'>coli.</span> <span class='ocrx_word' id='word_1_126' title='bbox 989 1954 1174 2041; x_wconf 76' lang='lat' dir='ltr'>Augustinus</span> <span class='ocrx_word' id='word_1_127' title='bbox 1193 1957 1255 2020; x_wconf 91' lang='lat' dir='ltr'>hoc</span> <span class='ocrx_word' id='word_1_128' title='bbox 1272 1957 1361 2018; x_wconf 88' lang='lat' dir='ltr'>vidit:</span> 
     </span>
     <span class='ocr_line' id='line_1_16' title="bbox 289 2059 1365 2146; baseline 0.002 -23"><span class='ocrx_word' id='word_1_129' title='bbox 289 2059 375 2123; x_wconf 87' lang='lat' dir='ltr'>«Ant</span> <span class='ocrx_word' id='word_1_130' title='bbox 385 2061 479 2140; x_wconf 81' lang='lat' dir='ltr'>nihil,</span> <span class='ocrx_word' id='word_1_131' title='bbox 496 2073 547 2124; x_wconf 83' lang='lat' dir='ltr'>ant</span> <span class='ocrx_word' id='word_1_132' title='bbox 556 2080 641 2146; x_wconf 81' lang='lat' dir='ltr'>paene</span> <span class='ocrx_word' id='word_1_133' title='bbox 654 2061 730 2122; x_wconf 91' lang='lat' dir='ltr'>nibil</span> <span class='ocrx_word' id='word_1_134' title='bbox 741 2105 751 2136; x_wconf 97' lang='lat'>,</span> <span class='ocrx_word' id='word_1_135' title='bbox 763 2063 878 2144; x_wconf 83' lang='lat' dir='ltr'>inquit,</span> <span class='ocrx_word' id='word_1_136' title='bbox 893 2063 982 2126; x_wconf 86' lang='lat' dir='ltr'>distat</span> <span class='ocrx_word' id='word_1_137' title='bbox 992 2063 1071 2126; x_wconf 87' lang='lat' dir='ltr'>inter</span> <span class='ocrx_word' id='word_1_138' title='bbox 1085 2059 1278 2141; x_wconf 91' lang='lat' dir='ltr'>Stoicorum,</span> <span class='ocrx_word' id='word_1_139' title='bbox 1293 2064 1365 2126; x_wconf 86' lang='lat' dir='ltr'>alio-</span> 
     </span>
     <span class='ocr_line' id='line_1_17' title="bbox 286 2167 1365 2252; baseline 0 -20"><span class='ocrx_word' id='word_1_140' title='bbox 286 2189 414 2252; x_wconf 85' lang='lat' dir='ltr'>rtnnque</span> <span class='ocrx_word' id='word_1_141' title='bbox 424 2167 702 2252; x_wconf 85' lang='lat' dir='ltr'>Philosophorum,</span> <span class='ocrx_word' id='word_1_142' title='bbox 720 2170 897 2252; x_wconf 87' lang='lat' dir='ltr'>opinionem</span> <span class='ocrx_word' id='word_1_143' title='bbox 908 2171 946 2232; x_wconf 89' lang='lat' dir='ltr'>de</span> <span class='ocrx_word' id='word_1_144' title='bbox 956 2168 1153 2234; x_wconf 85' lang='lat' dir='ltr'>Passionibns</span> <span class='ocrx_word' id='word_1_145' title='bbox 1163 2185 1194 2233; x_wconf 92' lang='lat' dir='ltr'>et</span> <span class='ocrx_word' id='word_1_146' title='bbox 1204 2170 1365 2234; x_wconf 89' lang='lat' dir='ltr'>Perturba-</span> 
     </span>
     <span class='ocr_line' id='line_1_18' title="bbox 254 2273 1365 2362; baseline 0.002 -24"><span class='ocrx_word' id='word_1_147' title='bbox 254 2289 259 2298; x_wconf 84' lang='grc'><em>·</em></span> <span class='ocrx_word' id='word_1_148' title='bbox 286 2277 419 2346; x_wconf 85' lang='lat' dir='ltr'>tionibus</span> <span class='ocrx_word' id='word_1_149' title='bbox 429 2273 749 2357; x_wconf 82' lang='lat' dir='ltr'>animorumUtriqne</span> <span class='ocrx_word' id='word_1_150' title='bbox 761 2275 844 2338; x_wconf 87' lang='lat' dir='ltr'>enim</span> <span class='ocrx_word' id='word_1_151' title='bbox 856 2289 990 2338; x_wconf 87' lang='lat' dir='ltr'>mentem</span> <span class='ocrx_word' id='word_1_152' title='bbox 1002 2275 1365 2362; x_wconf 87' lang='lat' dir='ltr'>rationemqueSapientis</span> 
     </span>
     <span class='ocr_line' id='line_1_19' title="bbox 287 2381 1363 2468; baseline 0.006 -24"><span class='ocrx_word' id='word_1_153' title='bbox 287 2384 328 2444; x_wconf 93' lang='lat' dir='ltr'>ab</span> <span class='ocrx_word' id='word_1_154' title='bbox 342 2403 447 2447; x_wconf 81' lang='lat' dir='ltr'>earum</span> <span class='ocrx_word' id='word_1_155' title='bbox 464 2381 671 2446; x_wconf 87' lang='lat' dir='ltr'>dominatione</span> <span class='ocrx_word' id='word_1_156' title='bbox 680 2381 862 2454; x_wconf 73' lang='lat' dir='ltr'>defendunt,</span> <span class='ocrx_word' id='word_1_157' title='bbox 879 2396 910 2444; x_wconf 89' lang='lat' dir='ltr'>et</span> <span class='ocrx_word' id='word_1_158' title='bbox 921 2383 990 2445; x_wconf 93' lang='lat' dir='ltr'>ideo</span> <span class='ocrx_word' id='word_1_159' title='bbox 1001 2381 1130 2468; x_wconf 84' lang='lat' dir='ltr'>sortasse</span> <span class='ocrx_word' id='word_1_160' title='bbox 1141 2384 1244 2451; x_wconf 89' lang='lat' dir='ltr'>dicunt</span> <span class='ocrx_word' id='word_1_161' title='bbox 1253 2383 1363 2460; x_wconf 87' lang='lat' dir='ltr'>Stoici,</span> 
     </span>
     <span class='ocr_line' id='line_1_20' title="bbox 289 2488 1364 2574; baseline -0.004 -18"><span class='ocrx_word' id='word_1_162' title='bbox 289 2511 341 2556; x_wconf 86' lang='lat' dir='ltr'>eas</span> <span class='ocrx_word' id='word_1_163' title='bbox 353 2490 384 2552; x_wconf 90' lang='lat' dir='ltr'>in</span> <span class='ocrx_word' id='word_1_164' title='bbox 396 2488 574 2574; x_wconf 80' lang='lat' dir='ltr'>Sapientem</span> <span class='ocrx_word' id='word_1_165' title='bbox 583 2509 645 2552; x_wconf 91' lang='lat' dir='ltr'>non</span> <span class='ocrx_word' id='word_1_166' title='bbox 656 2491 765 2552; x_wconf 88' lang='lat' dir='ltr'>cadere</span> <span class='ocrx_word' id='word_1_167' title='bbox 778 2512 785 2548; x_wconf 78' lang='grc' dir='ltr'><strong>ι</strong></span> <span class='ocrx_word' id='word_1_168' title='bbox 802 2489 873 2571; x_wconf 84' lang='lat' dir='ltr'>qnia</span> <span class='ocrx_word' id='word_1_169' title='bbox 881 2509 1073 2570; x_wconf 84' lang='lat' dir='ltr'>nequaqnam</span> <span class='ocrx_word' id='word_1_170' title='bbox 1087 2491 1152 2572; x_wconf 88' lang='lat' dir='ltr'>ejus</span> <span class='ocrx_word' id='word_1_171' title='bbox 1162 2488 1364 2574; x_wconf 79' lang='lat' dir='ltr'>Sapientiam,</span> 
     </span>
    </p>
   </div>
   <div class='ocr_carea' id='block_1_4' title="bbox 289 2595 1366 2788">
    <p class='ocr_par' dir='ltr' id='par_1_4' title="bbox 289 2595 1366 2788">
     <span class='ocr_line' id='line_1_21' title="bbox 289 2595 1366 2681; baseline -0.002 -23"><span class='ocrx_word' id='word_1_172' title='bbox 289 2619 348 2678; x_wconf 90' lang='lat' dir='ltr'>qua</span> <span class='ocrx_word' id='word_1_173' title='bbox 359 2595 462 2678; x_wconf 69' lang='lat' dir='ltr'>utique</span> <span class='ocrx_word' id='word_1_174' title='bbox 472 2595 602 2681; x_wconf 85' lang='lat' dir='ltr'>Sapiens</span> <span class='ocrx_word' id='word_1_175' title='bbox 614 2610 676 2670; x_wconf 90' lang='lat' dir='ltr'>est,</span> <span class='ocrx_word' id='word_1_176' title='bbox 689 2595 754 2658; x_wconf 91' lang='lat' dir='ltr'>ullo</span> <span class='ocrx_word' id='word_1_177' title='bbox 764 2617 870 2658; x_wconf 90' lang='lat' dir='ltr'>errore</span> <span class='ocrx_word' id='word_1_178' title='bbox 880 2595 1058 2658; x_wconf 80' lang='lat' dir='ltr'>obnubilant</span> <span class='ocrx_word' id='word_1_179' title='bbox 1069 2642 1077 2673; x_wconf 91' lang='lat'>,</span> <span class='ocrx_word' id='word_1_180' title='bbox 1090 2609 1142 2657; x_wconf 91' lang='lat' dir='ltr'>ant</span> <span class='ocrx_word' id='word_1_181' title='bbox 1152 2596 1222 2658; x_wconf 83' lang='lat' dir='ltr'>labe</span> <span class='ocrx_word' id='word_1_182' title='bbox 1239 2595 1366 2658; x_wconf 78' lang='lat' dir='ltr'>subver-</span> 
     </span>
     <span class='ocr_line' id='line_1_22' title="bbox 290 2694 1366 2788; baseline -0.003 -30"><span class='ocrx_word' id='word_1_183' title='bbox 290 2709 365 2758; x_wconf 84' lang='lat' dir='ltr'>tunt.</span> <span class='ocrx_word' id='word_1_184' title='bbox 377 2695 526 2762; x_wconf 79' lang='lat' dir='ltr'>Accidunt</span> <span class='ocrx_word' id='word_1_185' title='bbox 534 2710 638 2761; x_wconf 88' lang='lat' dir='ltr'>autem</span> <span class='ocrx_word' id='word_1_186' title='bbox 647 2697 766 2770; x_wconf 85' lang='lat' dir='ltr'>animo,</span> <span class='ocrx_word' id='word_1_187' title='bbox 776 2695 858 2760; x_wconf 86' lang='lat' dir='ltr'>salva</span> <span class='ocrx_word' id='word_1_188' title='bbox 871 2695 1031 2788; x_wconf 82' lang='lat' dir='ltr'>serenitate</span> <span class='ocrx_word' id='word_1_189' title='bbox 1042 2694 1216 2778; x_wconf 86' lang='lat' dir='ltr'>Sapientiae,</span> <span class='ocrx_word' id='word_1_190' title='bbox 1227 2709 1366 2779; x_wconf 89' lang='lat' dir='ltr'>propter-</span> 
     </span>
    </p>
   </div>
   <div class='ocr_carea' id='block_1_5' title="bbox 287 2799 1367 3844">
    <p class='ocr_par' dir='ltr' id='par_1_5' title="bbox 287 2799 1367 3844">
     <span class='ocr_line' id='line_1_23' title="bbox 290 2799 1365 2885; baseline 0.001 -22"><span class='ocrx_word' id='word_1_191' title='bbox 290 2823 326 2864; x_wconf 89' lang='lat' dir='ltr'>ea</span> <span class='ocrx_word' id='word_1_192' title='bbox 333 2825 397 2883; x_wconf 86' lang='lat' dir='ltr'>qnae</span> <span class='ocrx_word' id='word_1_193' title='bbox 403 2799 575 2866; x_wconf 88' lang='lat' dir='ltr'>Commoda</span> <span class='ocrx_word' id='word_1_194' title='bbox 586 2803 635 2865; x_wconf 86' lang='lat' dir='ltr'>vel</span> <span class='ocrx_word' id='word_1_195' title='bbox 645 2801 844 2866; x_wconf 84' lang='lat' dir='ltr'>Incommoda</span> <span class='ocrx_word' id='word_1_196' title='bbox 856 2801 1018 2885; x_wconf 81' lang='lat' dir='ltr'>appellant</span> <span class='ocrx_word' id='word_1_197' title='bbox 1031 2829 1046 2858; x_wconf 74' lang='lat' dir='ltr'>a</span> <span class='ocrx_word' id='word_1_198' title='bbox 1059 2800 1124 2880; x_wconf 89' lang='lat' dir='ltr'>(De</span> <span class='ocrx_word' id='word_1_199' title='bbox 1135 2800 1204 2866; x_wconf 81' lang='lat' dir='ltr'>civ.</span> <span class='ocrx_word' id='word_1_200' title='bbox 1215 2801 1278 2880; x_wconf 88' lang='lat' dir='ltr'>IX,</span> <span class='ocrx_word' id='word_1_201' title='bbox 1291 2824 1317 2864; x_wconf 81' lang='lat' dir='ltr'>o</span> <span class='ocrx_word' id='word_1_202' title='bbox 1325 2799 1365 2880; x_wconf 76' lang='lat' dir='ltr'>l.)</span> 
     </span>
     <span class='ocr_line' id='line_1_24' title="bbox 289 2906 1364 2990; baseline -0.001 -21"><span class='ocrx_word' id='word_1_203' title='bbox 289 2906 385 2990; x_wconf 84' lang='lat' dir='ltr'>Igitur</span> <span class='ocrx_word' id='word_1_204' title='bbox 395 2907 463 2971; x_wconf 83' lang='lat' dir='ltr'>leve</span> <span class='ocrx_word' id='word_1_205' title='bbox 478 2909 639 2972; x_wconf 86' lang='lat' dir='ltr'>discrimen</span> <span class='ocrx_word' id='word_1_206' title='bbox 653 2932 660 2969; x_wconf 78' lang='grc' dir='ltr'><strong>ε</strong></span> <span class='ocrx_word' id='word_1_207' title='bbox 673 2930 728 2973; x_wconf 88' lang='lat' dir='ltr'>cnr</span> <span class='ocrx_word' id='word_1_208' title='bbox 742 2921 841 2970; x_wconf 90' lang='lat' dir='ltr'>tamen</span> <span class='ocrx_word' id='word_1_209' title='bbox 852 2907 972 2970; x_wconf 87' lang='lat' dir='ltr'>acribus</span> <span class='ocrx_word' id='word_1_210' title='bbox 982 2907 1109 2989; x_wconf 80' lang='lat' dir='ltr'>altisque</span> <span class='ocrx_word' id='word_1_211' title='bbox 1121 2908 1222 2970; x_wconf 84' lang='lat' dir='ltr'>verbis</span> <span class='ocrx_word' id='word_1_212' title='bbox 1233 2908 1364 2981; x_wconf 87' lang='lat' dir='ltr'>terreri,</span> 
     </span>
     <span class='ocr_line' id='line_1_25' title="bbox 289 3011 1366 3100; baseline -0.002 -24"><span class='ocrx_word' id='word_1_213' title='bbox 289 3015 314 3076; x_wconf 89' lang='lat' dir='ltr'>si</span> <span class='ocrx_word' id='word_1_214' title='bbox 326 3035 388 3077; x_wconf 92' lang='lat' dir='ltr'>non</span> <span class='ocrx_word' id='word_1_215' title='bbox 399 3015 517 3089; x_wconf 85' lang='lat' dir='ltr'>obteri,</span> <span class='ocrx_word' id='word_1_216' title='bbox 530 3015 715 3081; x_wconf 87' lang='lat' dir='ltr'>eosnolunti’</span> <span class='ocrx_word' id='word_1_217' title='bbox 726 3011 815 3078; x_wconf 89' lang='lat' dir='ltr'>Philo</span> <span class='ocrx_word' id='word_1_218' title='bbox 823 3013 949 3076; x_wconf 85' lang='lat' dir='ltr'>Jndaeus</span> <span class='ocrx_word' id='word_1_219' title='bbox 960 3015 1052 3076; x_wconf 90' lang='lat' dir='ltr'>etiam</span> <span class='ocrx_word' id='word_1_220' title='bbox 1060 3011 1178 3100; x_wconf 90' lang='lat' dir='ltr'>Moysis</span> <span class='ocrx_word' id='word_1_221' title='bbox 1187 3015 1366 3098; x_wconf 85' lang='lat' dir='ltr'>sapientiam</span> 
     </span>
     <span class='ocr_line' id='line_1_26' title="bbox 288 3119 1366 3205; baseline -0.002 -21"><span class='ocrx_word' id='word_1_222' title='bbox 288 3119 347 3184; x_wconf 88' lang='lat' dir='ltr'>huc</span> <span class='ocrx_word' id='word_1_223' title='bbox 360 3123 487 3184; x_wconf 88' lang='lat' dir='ltr'>advocat</span> <span class='ocrx_word' id='word_1_224' title='bbox 500 3143 508 3182; x_wconf 84' lang='lat' dir='ltr'>t</span> <span class='ocrx_word' id='word_1_225' title='bbox 520 3123 592 3204; x_wconf 84' lang='lat' dir='ltr'>qni,</span> <span class='ocrx_word' id='word_1_226' title='bbox 609 3136 641 3185; x_wconf 92' lang='lat' dir='ltr'>ut</span> <span class='ocrx_word' id='word_1_227' title='bbox 654 3123 768 3205; x_wconf 89' lang='lat' dir='ltr'>inquit,</span> <span class='ocrx_word' id='word_1_228' title='bbox 792 3121 990 3184; x_wconf 77' lang='lat' dir='ltr'>«nniversam</span> <span class='ocrx_word' id='word_1_229' title='bbox 1011 3121 1090 3183; x_wconf 73' lang='lat' dir='ltr'>ham</span> <span class='ocrx_word' id='word_1_230' title='bbox 1109 3123 1245 3196; x_wconf 82' lang='lat' dir='ltr'>exsecari</span> <span class='ocrx_word' id='word_1_231' title='bbox 1265 3137 1296 3185; x_wconf 90' lang='lat' dir='ltr'>et</span> <span class='ocrx_word' id='word_1_232' title='bbox 1314 3145 1366 3184; x_wconf 88' lang='lat' dir='ltr'>ex-</span> 
     </span>
     <span class='ocr_line' id='line_1_27' title="bbox 287 3227 1364 3318; baseline 0.001 -28"><span class='ocrx_word' id='word_1_233' title='bbox 287 3227 383 3290; x_wconf 88' lang='lat' dir='ltr'>scindi</span> <span class='ocrx_word' id='word_1_234' title='bbox 397 3242 541 3312; x_wconf 88' lang='lat' dir='ltr'>oportere</span> <span class='ocrx_word' id='word_1_235' title='bbox 549 3244 651 3292; x_wconf 90' lang='lat' dir='ltr'>censet</span> <span class='ocrx_word' id='word_1_236' title='bbox 661 3231 701 3292; x_wconf 95' lang='lat' dir='ltr'>ab</span> <span class='ocrx_word' id='word_1_237' title='bbox 710 3229 836 3318; x_wconf 85' lang='lat' dir='ltr'>Animo,</span> <span class='ocrx_word' id='word_1_238' title='bbox 845 3249 907 3291; x_wconf 93' lang='lat' dir='ltr'>non</span> <span class='ocrx_word' id='word_1_239' title='bbox 915 3227 1156 3291; x_wconf 88' lang='lat' dir='ltr'>mediocritatem</span> <span class='ocrx_word' id='word_1_240' title='bbox 1170 3227 1364 3304; x_wconf 76' lang='lat' dir='ltr'>Allectuum,</span> 
     </span>
     <span class='ocr_line' id='line_1_28' title="bbox 289 3332 1366 3420; baseline 0 -24"><span class='ocrx_word' id='word_1_241' title='bbox 289 3337 344 3398; x_wconf 88' lang='lat' dir='ltr'>sed</span> <span class='ocrx_word' id='word_1_242' title='bbox 362 3335 556 3414; x_wconf 81' lang='lat' dir='ltr'>vacuitatem,</span> <span class='ocrx_word' id='word_1_243' title='bbox 574 3336 636 3400; x_wconf 81' lang='lat' dir='ltr'>sive</span> <span class='ocrx_word' id='word_1_244' title='bbox 655 3336 821 3400; x_wconf 86' lang='lat' dir='ltr'>carentiam</span> <span class='ocrx_word' id='word_1_245' title='bbox 839 3333 1045 3420; x_wconf 77' lang='lat' dir='ltr'>approbans.»</span> <span class='ocrx_word' id='word_1_246' title='bbox 1058 3332 1147 3417; x_wconf 74' lang='lat' dir='ltr'>(Lib</span> <span class='ocrx_word' id='word_1_247' title='bbox 1162 3332 1366 3419; x_wconf 80' lang='lat' dir='ltr'>lhAllegor.)</span> 
     </span>
     <span class='ocr_line' id='line_1_29' title="bbox 288 3439 1367 3528; baseline -0.004 -22"><span class='ocrx_word' id='word_1_248' title='bbox 288 3439 417 3506; x_wconf 88' lang='lat' dir='ltr'>Clarum</span> <span class='ocrx_word' id='word_1_249' title='bbox 428 3457 459 3506; x_wconf 88' lang='lat' dir='ltr'>et</span> <span class='ocrx_word' id='word_1_250' title='bbox 468 3443 629 3528; x_wconf 89' lang='lat' dir='ltr'>pulchrum</span> <span class='ocrx_word' id='word_1_251' title='bbox 641 3443 729 3508; x_wconf 89' lang='lat' dir='ltr'>nohis</span> <span class='ocrx_word' id='word_1_252' title='bbox 741 3443 947 3506; x_wconf 88' lang='lat' dir='ltr'>testimoninm</span> <span class='ocrx_word' id='word_1_253' title='bbox 964 3456 1085 3504; x_wconf 86' lang='lat' dir='ltr'>:tamen</span> <span class='ocrx_word' id='word_1_254' title='bbox 1100 3439 1286 3506; x_wconf 88' lang='lat' dir='ltr'>Christianis</span> <span class='ocrx_word' id='word_1_255' title='bbox 1300 3440 1367 3503; x_wconf 84' lang='lat' dir='ltr'>for-</span> 
     </span>
     <span class='ocr_line' id='line_1_30' title="bbox 288 3547 1365 3632; baseline -0.004 -24"><span class='ocrx_word' id='word_1_256' title='bbox 288 3561 367 3612; x_wconf 88' lang='lat' dir='ltr'>tasse</span> <span class='ocrx_word' id='word_1_257' title='bbox 385 3550 629 3614; x_wconf 86' lang='lat' dir='ltr'>subvertendum.</span> <span class='ocrx_word' id='word_1_258' title='bbox 653 3547 827 3614; x_wconf 84' lang='lat' dir='ltr'>Lactantius</span> <span class='ocrx_word' id='word_1_259' title='bbox 846 3548 968 3632; x_wconf 90' lang='lat' dir='ltr'>quidem</span> <span class='ocrx_word' id='word_1_260' title='bbox 987 3547 1202 3612; x_wconf 79' lang='lat' dir='ltr'>declamatorie</span> <span class='ocrx_word' id='word_1_261' title='bbox 1219 3549 1252 3610; x_wconf 93' lang='lat' dir='ltr'>in</span> <span class='ocrx_word' id='word_1_262' title='bbox 1269 3551 1365 3612; x_wconf 89' lang='lat' dir='ltr'>istos:</span> 
     </span>
     <span class='ocr_line' id='line_1_31' title="bbox 290 3653 1365 3742; baseline -0.001 -27"><span class='ocrx_word' id='word_1_263' title='bbox 290 3653 438 3720; x_wconf 71' lang='lat' dir='ltr'>«Furiosi</span> <span class='ocrx_word' id='word_1_264' title='bbox 449 3679 522 3742; x_wconf 83' lang='lat' dir='ltr'>ergo</span> <span class='ocrx_word' id='word_1_265' title='bbox 539 3657 654 3736; x_wconf 90' lang='lat' dir='ltr'>Stoici,</span> <span class='ocrx_word' id='word_1_266' title='bbox 671 3656 741 3739; x_wconf 85' lang='lat' dir='ltr'>quia</span> <span class='ocrx_word' id='word_1_267' title='bbox 758 3678 792 3722; x_wconf 89' lang='lat' dir='ltr'>ea</span> <span class='ocrx_word' id='word_1_268' title='bbox 806 3677 867 3718; x_wconf 92' lang='lat' dir='ltr'>non</span> <span class='ocrx_word' id='word_1_269' title='bbox 884 3670 1073 3740; x_wconf 88' lang='lat' dir='ltr'>temperant,</span> <span class='ocrx_word' id='word_1_270' title='bbox 1091 3658 1144 3718; x_wconf 88' lang='lat' dir='ltr'>sed</span> <span class='ocrx_word' id='word_1_271' title='bbox 1163 3657 1365 3720; x_wconf 86' lang='lat' dir='ltr'>abscindunt:</span> 
     </span>
     <span class='ocr_line' id='line_1_32' title="bbox 289 3759 1366 3844; baseline 0.003 -24"><span class='ocrx_word' id='word_1_272' title='bbox 289 3759 471 3844; x_wconf 83' lang='lat' dir='ltr'>rehmqnea</span> <span class='ocrx_word' id='word_1_273' title='bbox 489 3765 608 3828; x_wconf 88' lang='lat' dir='ltr'>Natura</span> <span class='ocrx_word' id='word_1_274' title='bbox 626 3765 722 3830; x_wconf 86' lang='lat' dir='ltr'>insitis</span> <span class='ocrx_word' id='word_1_275' title='bbox 740 3777 873 3827; x_wconf 87' lang='lat' dir='ltr'>castrare</span> <span class='ocrx_word' id='word_1_276' title='bbox 886 3761 1043 3824; x_wconf 91' lang='lat' dir='ltr'>hominem</span> <span class='ocrx_word' id='word_1_277' title='bbox 1062 3765 1293 3843; x_wconf 84' lang='lat' dir='ltr'>quodammodo</span> <span class='ocrx_word' id='word_1_278' title='bbox 1310 3783 1366 3824; x_wconf 83' lang='lat' dir='ltr'>vo·</span> 
     </span>
    </p>
   </div>
   <div class='ocr_carea' id='block_1_6' title="bbox 286 3859 1367 4046">
    <p class='ocr_par' dir='ltr' id='par_1_6' title="bbox 286 3859 1367 4046">
     <span class='ocr_line' id='line_1_33' title="bbox 288 3859 1366 3950; baseline 0.005 -31"><span class='ocrx_word' id='word_1_279' title='bbox 288 3859 362 3922; x_wconf 79' lang='lat' dir='ltr'>imit.</span> <span class='ocrx_word' id='word_1_280' title='bbox 375 3891 390 3918; x_wconf 72' lang='grc' dir='ltr'>ι»</span> <span class='ocrx_word' id='word_1_281' title='bbox 403 3862 489 3942; x_wconf 85' lang='lat' dir='ltr'>(Lib</span> <span class='ocrx_word' id='word_1_282' title='bbox 498 3865 572 3945; x_wconf 71' lang='lat' dir='ltr'>vt.)</span> <span class='ocrx_word' id='word_1_283' title='bbox 586 3865 663 3934; x_wconf 85' lang='lat' dir='ltr'>Jam</span> <span class='ocrx_word' id='word_1_284' title='bbox 675 3878 704 3928; x_wconf 91' lang='lat' dir='ltr'>et</span> <span class='ocrx_word' id='word_1_285' title='bbox 721 3863 928 3950; x_wconf 84' lang='lat' dir='ltr'>Hieronymus</span> <span class='ocrx_word' id='word_1_286' title='bbox 944 3877 1060 3926; x_wconf 87' lang='lat' dir='ltr'>exserte</span> <span class='ocrx_word' id='word_1_287' title='bbox 1078 3888 1085 3925; x_wconf 74' lang='grc' dir='ltr'><strong>ε</strong></span> <span class='ocrx_word' id='word_1_288' title='bbox 1106 3891 1120 3920; x_wconf 78' lang='grc' dir='ltr'><strong>α</strong></span> <span class='ocrx_word' id='word_1_289' title='bbox 1139 3863 1314 3927; x_wconf 77' lang='lat' dir='ltr'>Affectibns</span> <span class='ocrx_word' id='word_1_290' title='bbox 1330 3867 1366 3925; x_wconf 89' lang='lat' dir='ltr'>ad</span> 
     </span>
     <span class='ocr_line' id='line_1_34' title="bbox 286 3956 1367 4046; baseline 0.004 -29"><span class='ocrx_word' id='word_1_291' title='bbox 286 3956 453 4038; x_wconf 79' lang='lat' dir='ltr'>perfectum</span> <span class='ocrx_word' id='word_1_292' title='bbox 468 3983 591 4037; x_wconf 88' lang='lat' dir='ltr'>carere,</span> <span class='ocrx_word' id='word_1_293' title='bbox 604 3966 685 4046; x_wconf 86' lang='lat' dir='ltr'>juxta</span> <span class='ocrx_word' id='word_1_294' title='bbox 696 3960 815 4024; x_wconf 89' lang='lat' dir='ltr'>Stoicos</span> <span class='ocrx_word' id='word_1_295' title='bbox 834 3961 1000 4045; x_wconf 90' lang='lat' dir='ltr'>possibile,</span> <span class='ocrx_word' id='word_1_296' title='bbox 1016 3961 1097 4044; x_wconf 89' lang='lat' dir='ltr'>juxta</span> <span class='ocrx_word' id='word_1_297' title='bbox 1106 3959 1329 4045; x_wconf 85' lang='lat' dir='ltr'>Peripateticos</span> <span class='ocrx_word' id='word_1_298' title='bbox 1339 3975 1367 4023; x_wconf 87' lang='lat' dir='ltr'>et</span> 
     </span>
    </p>
   </div>
   <div class='ocr_carea' id='block_1_7' title="bbox 289 4062 1423 4152">
    <p class='ocr_par' dir='ltr' id='par_1_7' title="bbox 289 4062 1423 4152">
     <span class='ocr_line' id='line_1_35' title="bbox 289 4062 1423 4152; baseline 0.007 -30"><span class='ocrx_word' id='word_1_299' title='bbox 289 4062 411 4128; x_wconf 82' lang='lat' dir='ltr'>difficile</span> <span class='ocrx_word' id='word_1_300' title='bbox 423 4082 453 4130; x_wconf 91' lang='lat' dir='ltr'>et</span> <span class='ocrx_word' id='word_1_301' title='bbox 464 4068 651 4152; x_wconf 87' lang='lat' dir='ltr'>impossibile</span> <span class='ocrx_word' id='word_1_302' title='bbox 664 4116 673 4146; x_wconf 87' lang='lat'>‚</span> <span class='ocrx_word' id='word_1_303' title='bbox 685 4070 735 4134; x_wconf 90' lang='lat' dir='ltr'>cui</span> <span class='ocrx_word' id='word_1_304' title='bbox 745 4068 896 4132; x_wconf 70' lang='lat' dir='ltr'>sententiae</span> <span class='ocrx_word' id='word_1_305' title='bbox 911 4068 1009 4130; x_wconf 93' lang='lat' dir='ltr'>omnis</span> <span class='ocrx_word' id='word_1_306' title='bbox 1023 4066 1185 4152; x_wconf 73' lang='lat' dir='ltr'>Scriptura</span> <span class='ocrx_word' id='word_1_307' title='bbox 1193 4089 1367 4133; x_wconf 77' lang='lat' dir='ltr'>sacraecon-</span> <span class='ocrx_word' id='word_1_308' title='bbox 1421 4141 1423 4144; x_wconf 23' lang='lat'>¹</span> 
     </span>
    </p>
   </div>
   <div class='ocr_carea' id='block_1_8' title="bbox 291 4169 1367 4356">
    <p class='ocr_par' dir='ltr' id='par_1_8' title="bbox 291 4169 1367 4356">
     <span class='ocr_line' id='line_1_36' title="bbox 291 4169 1367 4252; baseline 0.011 -26"><span class='ocrx_word' id='word_1_309' title='bbox 291 4169 378 4230; x_wconf 87' lang='lat' dir='ltr'>sentit</span> <span class='ocrx_word' id='word_1_310' title='bbox 389 4175 559 4241; x_wconf 60' lang='lat' dir='ltr'>anctbitas.</span> <span class='ocrx_word' id='word_1_311' title='bbox 574 4202 588 4228; x_wconf 76' lang='lat' dir='ltr'>n</span> <span class='ocrx_word' id='word_1_312' title='bbox 605 4175 704 4250; x_wconf 84' lang='lat' dir='ltr'>(Adv.</span> <span class='ocrx_word' id='word_1_313' title='bbox 717 4173 781 4237; x_wconf 88' lang='lat' dir='ltr'>Pel.</span> <span class='ocrx_word' id='word_1_314' title='bbox 792 4174 845 4236; x_wconf 91' lang='lat' dir='ltr'>lib.</span> <span class='ocrx_word' id='word_1_315' title='bbox 858 4172 917 4252; x_wconf 90' lang='lat' dir='ltr'>ll.)</span> <span class='ocrx_word' id='word_1_316' title='bbox 932 4170 974 4234; x_wconf 87' lang='lat' dir='ltr'>Et</span> <span class='ocrx_word' id='word_1_317' title='bbox 989 4195 1061 4236; x_wconf 87' lang='lat' dir='ltr'>vero</span> <span class='ocrx_word' id='word_1_318' title='bbox 1081 4175 1183 4237; x_wconf 80' lang='lat' dir='ltr'>laxant</span> <span class='ocrx_word' id='word_1_319' title='bbox 1195 4175 1367 4240; x_wconf 80' lang='lat' dir='ltr'>Allectibus</span> 
     </span>
     <span class='ocr_line' id='line_1_37' title="bbox 291 4269 1365 4356; baseline 0.013 -28"><span class='ocrx_word' id='word_1_320' title='bbox 291 4269 398 4350; x_wconf 75' lang='lat' dir='ltr'>fraena,</span> <span class='ocrx_word' id='word_1_321' title='bbox 412 4281 463 4340; x_wconf 87' lang='lat' dir='ltr'>scd</span> <span class='ocrx_word' id='word_1_322' title='bbox 475 4279 561 4341; x_wconf 89' lang='lat' dir='ltr'>honis</span> <span class='ocrx_word' id='word_1_323' title='bbox 575 4325 582 4354; x_wconf 96' lang='lat'>,</span> <span class='ocrx_word' id='word_1_324' title='bbox 597 4293 626 4340; x_wconf 89' lang='lat' dir='ltr'>ct</span> <span class='ocrx_word' id='word_1_325' title='bbox 637 4301 654 4342; x_wconf 87' lang='lat' dir='ltr'>a</span> <span class='ocrx_word' id='word_1_326' title='bbox 666 4281 745 4342; x_wconf 88' lang='lat' dir='ltr'>hona</span> <span class='ocrx_word' id='word_1_327' title='bbox 758 4301 862 4356; x_wconf 88' lang='lat' dir='ltr'>causa,</span> <span class='ocrx_word' id='word_1_328' title='bbox 875 4280 969 4342; x_wconf 90' lang='lat' dir='ltr'>nostri</span> <span class='ocrx_word' id='word_1_329' title='bbox 980 4277 1149 4342; x_wconf 87' lang='lat' dir='ltr'>Doctores:</span> <span class='ocrx_word' id='word_1_330' title='bbox 1163 4281 1195 4342; x_wconf 91' lang='lat' dir='ltr'>in</span> <span class='ocrx_word' id='word_1_331' title='bbox 1205 4281 1268 4346; x_wconf 90' lang='lat' dir='ltr'>hoc</span> <span class='ocrx_word' id='word_1_332' title='bbox 1277 4283 1365 4346; x_wconf 84' lang='lat' dir='ltr'>etiam</span> 
     </span>
    </p>
   </div>
   <div class='ocr_carea' id='block_1_9' title="bbox 0 0 1457 4958">
    <p class='ocr_par' dir='ltr' id='par_1_9' title="bbox 0 0 1457 4958">
     <span class='ocr_line' id='line_1_38' title="bbox 0 0 1457 4958; baseline 0 0"><span class='ocrx_word' id='word_1_333' title='bbox 0 0 1457 4958; x_wconf 95' lang='lat' dir='ltr'> </span> 
     </span>
    </p>
   </div>
  </div>
 </body>
</html>
