2860 4962
323 445 386 512 300
468 439 537 508 nn
563 439 1050 534 rneuournntrtre
1074 444 1232 512 tumr

322 569 421 638 lioata
433 567 567 640 fastidio
583 583 663 638 sunt
678 595 685 636 :
702 569 830 639 inculta
845 575 853 606 ¹
873 567 1064 640 videantur.
1097 571 1250 640 Bmttios
1273 585 1317 638 et
1337 573 1399 637 Ln-

323 709 427 755 oanos
444 687 834 780 saltus⁸persequamur.
858 686 998 779 Aliquid
1019 703 1128 756 tamen
1147 688 1241 756 inter
1258 687 1397 756 deserta

322 805 444 872 amoeni
457 805 672 896 requiratur,
692 806 728 871 in
745 827 813 895 quo
832 805 994 872 luxuriosi
1007 805 1096 873 oculi
1115 805 1217 898 longo
1238 805 1395 873 locor-um

323 922 535 990 horrentium
548 915 719 1013 squalore³
733 921 939 989 releventur.
956 923 1141 990 Tarentum
1154 937 1316 1015 petatur,
1334 922 1396 988 lau

323 1037 488 1130 datusque
503 1053 641 1131 portus,
665 1053 700 1105 et
719 1033 874 1130 hyberna
891 1037 963 1106 omli
985 1039 1148 1121 mitioris,
1173 1054 1210 1106 et
1228 1055 1328 1107 tecta
1347 1033 1393 1104 rel

322 1154 469 1246 entiquoe
483 1155 562 1222 tatis
579 1151 739 1246 opulenta
757 1145 901 1220 turhael.
919 1154 991 1222 Jam
1007 1153 1179 1222 flectamus
1194 1178 1345 1223 cursum
1357 1149 1393 1219 ad

321 1344 399 1398 Jsetis
409 1344 437 1397 in
445 1344 526 1396 altum
535 1342 660 1406 molibus;
675 1363 688 1388 a
701 1341 763 1395 ibid.
778 1340 830 1395 Od.
878 1361 935 1414 quc
946 1343 1036 1396 silvosa
1048 1344 1186 1414 eademque
1201 1355 1334 1396 moretm
1345 1354 1392 1400 est,

324 1419 831 1494 xxrvmcamentislieetoeeupes'ryr·
877 1419 992 1476 sordidos
1011 1434 1036 1473 et
1052 1433 1149 1474 tantum
1168 1422 1311 1496 pauciores
1332 1421 1392 1472 alere

323 1499 432 1552 rhenum
443 1519 519 1552 omne
532 1499 596 1566 tuis,
610 1512 634 1552 et
648 1520 718 1553 mere
733 1499 830 1574 Apuli·
878 1497 1028 1551 habitatores
1040 1509 1126 1572 petest.

322 1599 388 1630 eum.
400 1601 413 1624 a
428 1578 487 1632 Vid.
508 1591 533 1632 et
550 1581 582 1632 cl.
602 1579 670 1631 Plin.
689 1581 748 1631 Nat.
765 1578 830 1632 Hire
913 1579 935 1644 4.
953 1577 1092 1630 Tarentum
1100 1585 1261 1646 petatur...-
1275 1579 1391 1644 apulam

322 1655 367 1708 lih.
375 1655 430 1720 ΙΙΙ,
441 1677 525 1730 tapq.
535 1677 590 1730 pag.
601 1657 658 1721 aab,
668 1655 802 1728 Btpfrom
810 1656 831 1720 Ι,
881 1653 969 1708 tutboe.
989 1655 1112 1706 Tarentus
1123 1690 1131 1717 ,
1152 1652 1212 1705 urbs
1235 1653 1390 1706 nobilissima

323 1735 367 1806 qui
376 1733 461 1786 laudat
470 1735 635 1808 Campaniam
645 1733 745 1787 lelieem
757 1745 781 1786 et
792 1732 835 1786 de·
881 1731 1011 1805 Messapia
1026 1731 1165 1805 iulapygia
1175 1769 1183 1796 ,
1195 1731 1229 1783 ad
1242 1751 1331 1796 mare,
1341 1747 1391 1800 qua

323 1812 432 1865 lieatam.
441 1811 579 1886 Campania
588 1811 665 1864 hodie
676 1810 749 1886 regni
759 1811 833 1884 hujus
882 1809 982 1863 condita
993 1847 1000 1874 ‚
1010 1821 1038 1860 ut
1047 1807 1177 1862 memoriae
1187 1807 1317 1862 traditum
1323 1820 1369 1868 est,
1378 1825 1389 1856 a

323 1890 403 1963 portio
414 1903 449 1942 est
457 1927 465 1954 ‚
473 1891 514 1943 eui
524 1889 654 1961 utriusque
662 1889 758 1944 Siciliae
771 1888 834 1942 indi·
882 1889 1005 1953 Taranta,
1018 1887 1141 1962 Neptunis
1160 1885 1216 1940 lilio
1229 1927 1238 1950 ,
1253 1901 1329 1940 aneta
1339 1907 1390 1939 mor

321 1979 377 2018 tum
390 1986 500 2032 nomeu,
511 1979 536 2020 et
547 1965 623 2019 italie.
635 1978 739 2020 voeatm
753 1965 834 2018 Terra
882 1970 970 2036 (anno
980 1979 1037 2019 ante
1046 1965 1106 2019 Chr.
1119 1977 1169 2018 uat.
1184 1985 1230 2034 7⁰⁷
1243 1968 1254 2030 )
1269 1986 1285 2018 a
1297 1965 1391 2018 Partha·

323 2047 353 2098 dt
362 2043 473 2097 lurotu.
881 2045 930 2097 niis
941 2042 1067 2117 Spartanis
1075 2041 1166 2112 quibus
1179 2041 1326 2095 Phalantus
1332 2041 1388 2102 dua,

231 2181 237 2188 ι
273 2165 275 2170 .
360 2123 506 2175 elocutio.
524 2107 553 2173 Si
570 2120 754 2194 comparaverit
774 2135 832 2171 cum
881 2123 908 2174 in
919 2121 969 2175 hoe
984 2120 1107 2194 potestatis
1125 2131 1150 2172 et
1163 2119 1307 2192 opulentia.
1325 2117 1389 2170 tuti-

325 2199 475 2272 Cempania.
880 2200 950 2272 gium
962 2199 1031 2252 brevi
1045 2197 1134 2261 crevit,
1147 2209 1176 2250 ut
1186 2197 1292 2269 Apulia·
1302 2211 1328 2248 et
1341 2197 1389 2248 Lu-

358 2297 381 2328 ι.
393 2274 513 2328 Bruttios
526 2285 552 2327 et
558 2269 680 2328 manos
690 2273 784 2327 aalma.
792 2273 832 2326 ln·
881 2278 960 2332 caniat
970 2277 1015 2330 toti
1027 2285 1141 2350 praesset
1149 2311 1157 2338 ‚
1166 2274 1312 2327 neemiuus
1321 2291 1387 2342 quam

323 2353 494 2428 primissaltus
503 2350 761 2426 Apennini,equibus
769 2349 834 2402 silva
882 2367 983 2410 centum
999 2353 1081 2406 millia
1099 2350 1214 2423 peditum
1227 2352 1387 2422 equinamqor

324 2429 519 2498 silsfflimltt,
531 2449 567 2481 ιι.
575 2451 599 2503 p.
608 2429 664 2481 230.
672 2440 696 2480 et
704 2427 756 2480 Cic.
765 2425 835 2480 Brut.
883 2435 931 2488 tri.
939 2431 1020 2485 millia
1028 2428 1171 2504 possideret.
1185 2428 1299 2480 Bimarie
1310 2428 1388 2480 eis-itas

324 2504 834 2581 eap.aa.silvaSilavocatnrtobitermo·
881 2510 948 2574 fnit,
970 2507 1061 2582 quippe
1082 2524 1139 2577 quat
1160 2506 1190 2558 iu
1213 2505 1387 2579 angustissima

325 2605 388 2648 neo,
403 2605 435 2636 ne
449 2583 563 2649 dubites,
577 2601 610 2634 an
619 2582 672 2634 Sila
683 2581 759 2635 etiam
771 2581 834 2634 silva
881 2583 1012 2662 peninsula
1022 2583 1067 2636 sita
1076 2583 1228 2652 admotaque
1236 2581 1300 2634 hine
1309 2581 1388 2634 adria

324 2662 445 2736 appellata
455 2661 499 2728 ait)
510 2660 597 2713 notior
609 2659 731 2732 estVirg.
739 2659 835 2734 Georg.
881 2665 949 2729 tieo,
962 2661 1022 2715 inde
1038 2661 1112 2714 lunio
1124 2660 1198 2712 mari·
1211 2659 1272 2712 Soli
1285 2658 1388 2712 uberute

324 2740 368 2792 lib.
381 2740 437 2804 lll,
453 2757 510 2810 arq.
521 2737 608 2808 ibique
619 2737 714 2808 Heyne
724 2749 748 2789 et
759 2737 834 2790 Voss.
882 2761 936 2794 nou
947 2739 1031 2792 minus
1045 2735 1238 2796 commendata.
1260 2749 1285 2789 et
1297 2736 1387 2788 viariam

325 2817 426 2870 Paeonis
439 2827 524 2868 autem
535 2827 594 2868 totae
605 2815 656 2867 l'ere
668 2815 707 2868 hae
717 2813 835 2888 regiones
883 2820 1028 2889 ediumque
1045 2816 1205 2892 publicarum
1218 2813 1389 2887 magnificen-

326 2893 490 2948 ahundabant
504 2915 509 2946 :
525 2894 592 2946 euni.
604 2906 660 2966 post
671 2891 835 2966 Geographos
882 2897 935 2962 tia,
948 2909 971 2948 et
982 2895 1073 2948 artium
1084 2891 1229 2946 liberalium
1240 2891 1327 2944 studio
1336 2912 1343 2954 3
1351 2889 1389 2942 sed

326 2973 455 3044 Boetliger·
474 2969 506 3023 &tl
530 2969 629 3022 Ηῠῐίῑὶῑ
647 2968 729 3042 Epod.
746 2969 774 3034 l,
791 2987 835 3035 ²7,
884 2987 909 3028 et
919 2971 1024 3026 mollitie
1036 2970 1205 3024 habitantium
1216 2969 1318 3022 dudum
1329 2970 1388 3021 inla-

326 3072 350 3124 p.
363 3051 427 3116 att,
438 3069 474 3120 sq.
484 3046 610 3100 Bruttium
621 3059 645 3100 et
653 3045 764 3098 ltueauia
778 3045 835 3098 duc
885 3065 968 3106 mate:
982 3074 996 3099 e
1006 3051 1067 3104 Non
1078 3049 1128 3120 jam
1140 3047 1206 3099 mihi
1215 3046 1289 3121 regia
1301 3047 1387 3101 Roma.

326 3139 384 3179 sunt
397 3126 487 3180 ltalicae
498 3124 636 3199 provintie
647 3143 654 3186 t
664 3143 771 3194 quarum
781 3123 835 3176 hate
883 3133 933 3186 sed
941 3129 1131 3184 vacuum'l'rhur
1137 3127 1228 3202 placet,
1239 3140 1284 3178 aut
1290 3125 1387 3178 imbelle

327 3205 407 3280 magis
430 3206 462 3258 ad
477 3205 671 3278 septentrionem
684 3203 778 3266 tendit,
791 3202 835 3255 illa
882 3213 1027 3264 Tmmum.
1037 3229 1050 3254 s
1067 3207 1130 3259 Hor.
1143 3205 1190 3258 lib.
1206 3205 1251 3267 Π,
1267 3203 1346 3276 Epist.
1360 3203 1386 3255 ad

328 3305 389 3338 rere
397 3285 478 3356 magis
488 3283 520 3336 ed
530 3282 663 3335 meridiem
676 3295 700 3334 et
711 3281 834 3345 Siciliam,
882 3287 990 3340 Mean.
1004 3307 1016 3332 e
1029 3287 1111 3354 Atque
1121 3293 1272 3335 coronatum
1283 3293 1308 3332 et
1317 3293 1387 3354 petu-

328 3359 837 3508 ii‘ll'iii‘ibiihihiiiiiiiii
884 3358 1388 3492 ¹²⁸¹..mtll‘illlftlsshllit‘

349 3461 486 3494 rounmre
515 3461 540 3492 m
630 3461 642 3492 r
829 3475 835 3502 ‚
884 3461 966 3492 ren.
1088 3471 1097 3486 ·

327 3518 395 3588 quod
405 3531 497 3591 negant
506 3517 569 3571 olim
577 3516 704 3570 exstitisse.
712 3517 743 3568 ln
750 3516 838 3570 utrius·
884 3516 939 3570 tatia
954 3517 1003 3568 situ
1025 3527 1049 3566 et
1067 3511 1186 3576 historia,
1206 3511 1227 3564 si
1247 3511 1306 3582 quis
1322 3511 1386 3586 plura

328 3615 376 3665 que
393 3596 488 3649 Sicilire
504 3595 610 3669 imperio
628 3595 681 3648 sitae
693 3594 744 3648 illoe
759 3605 836 3657 sunt,
885 3593 1019 3667 cupiverit,
1034 3589 1107 3643 adeat
1119 3588 1170 3661 jam
1186 3587 1307 3640 Strahon.
1328 3589 1387 3640 (ἔω

329 3685 353 3724 et
359 3686 480 3726 vocantur
487 3673 555 3726 hisce
563 3673 716 3746 temporibus
727 3673 838 3726 Cdabre
885 3670 971 3745 graph.
983 3670 1027 3723 lib.
1037 3668 1090 3728 Vl;
1105 3667 1172 3719 Ptin.
1181 3685 1285 3737 quoqne
1295 3703 1303 3728 ,
1315 3666 1348 3718 ΙΙ.
1359 3665 1386 3715 ll.

331 3749 470 3803 Cite'n'eure
480 3751 523 3818 (ad
535 3749 838 3824 septemtr.)etCalabre
885 3748 929 3801 lib.
940 3748 1017 3808 vltt,
1031 3766 1083 3819 cap.
1098 3762 1144 3810 ιο,
1157 3743 1202 3797 lib.
1212 3745 1275 3806 XV,
1286 3763 1340 3818 cap.
1352 3763 1385 3806 ιο,
1420 3793 1421 3807 p

335 3827 476 3881 [ltre'rteore
488 3827 539 3894 (ad
550 3829 683 3882 meridiem
694 3829 806 3894 narsus).
886 3827 929 3880 lib.
948 3824 1068 3888 XXXIV,
1086 3843 1139 3896 cap.
1158 3841 1189 3891 73
1208 3821 1297 3894 Pomp.
1312 3821 1384 3883 Mela,

363 3901 386 3952 3.
402 3903 536 3973 Squalore.
556 3905 596 3957 Ad
611 3905 780 3958 nemoralium
798 3903 837 3956 lo·
887 3904 930 3958 lib.
943 3904 984 3965 ll,
998 3921 1049 3974 cap.
1063 3902 1096 3966 4ς
1110 3899 1209 3952 AEliau.
1224 3899 1290 3951 nist
1302 3899 1336 3949 D.
1347 3899 1384 3951 lib

331 3999 417 4033 eorum
430 3982 597 4052 frequentiam
612 4003 641 4036 ea
655 4003 702 4036 vox
715 3981 834 4054 pertinet,
888 3983 922 4046 V,
931 3977 1200 4053 capam-Hybema
1210 3980 1269 4029 cett
1276 3979 1382 4029 nutent.

331 4056 384 4110 sive
398 4058 444 4130 ipsi
452 4074 567 4126 montes,
580 4061 639 4134 ipat
648 4061 719 4114 silvae
727 4058 839 4130 squalere
888 4057 1015 4130 Hyhernq
1030 4054 1286 4124 vocatloeumquem
1302 4053 1381 4106 hiemis
1420 4109 1421 4112 ,

332 4133 525 4202 licinianum
533 4139 624 4192 incolae
633 4138 745 4212 regionis
753 4138 788 4190 ita
799 4136 838 4188 de·
888 4147 998 4206 tempore
1016 4133 1126 4186 habitare
1145 4129 1316 4185 dulcissimum
1336 4145 1378 4190 est,

331 4212 471 4290 tignentur.
491 4219 557 4270 Nam
578 4217 648 4289 regio
669 4217 729 4278 ille,
748 4217 839 4288 quippe
889 4234 1003 4280 μιωφορᾳ
1019 4210 1091 4283 petita
1103 4229 1118 4262 a
1132 4229 1160 4262 re
1174 4209 1306 4273 castrensi,
1319 4207 1379 4278 quati
