2896 4958
226 393 300 518 'ao
326 447 497 518 erote.
525 445 719 518 rennos.
746 445 840 514 nra.
867 446 940 515 111.
1037 468 1141 518 ccxxv

91 605 136 653 aut
154 611 264 654 nnuma
282 605 345 664 esu
362 591 405 652 ita
427 590 586 654 hominem
609 591 722 673 justum
745 603 797 652 aut
819 589 979 672 injustum,
1003 592 1144 674 idemque

93 696 245 760 intentis·
256 693 502 774 (Laert.inZen.)
513 693 575 760 llic
586 697 679 758 cardo
689 697 734 757 rei
742 697 868 758 vertitur
881 721 888 756 :
899 697 997 759 malos
1007 711 1059 760 aut
1073 719 1146 784 pro·

93 801 313 866 hosomnesesse
328 801 435 875 mullo
444 803 558 876 medio;
574 814 604 864 et
616 799 715 864 Sanos
730 801 821 885 igitur
831 817 882 862 aut
892 802 1027 866 Insanos.
1040 802 1149 870 Hora-

96 907 142 970 tius
156 910 219 972 satis
228 921 365 973 contente
374 908 435 972 hoc
445 908 596 986 adfirmat,
607 920 638 970 et
648 908 708 970 alia
722 908 918 972 similitudine
933 909 1008 973 item
1019 915 1144 978 suadet:

232 1045 316 1114 Quem
325 1045 394 1099 mala
404 1044 518 1101 Stultitia
528 1084 536 1112 ‚
548 1057 572 1097 ct
582 1063 766 1117 quemcumque
779 1045 879 1100 inscitie
890 1047 944 1101 veri

233 1136 335 1192 Cacum
346 1138 414 1212 agit,
423 1137 546 1191 lasanum
557 1136 628 1191 hunc
639 1135 776 1210 Chrysippi
786 1137 896 1210 porticus
908 1150 931 1190 ct
941 1159 1000 1211 grex

235 1231 373 1294 Antoniou
386 1228 442 1286 hnc
452 1229 575 1304 populor,
588 1231 644 1284 hec
654 1247 762 1301 magnos
771 1229 882 1283 formula
892 1231 987 1304 Reges,

234 1319 342 1394 Excepto
355 1320 476 1394 sapienta
486 1360 496 1391 ,
506 1333 589 1386 tenrtr
605 1339 675 1374 nunc
683 1320 768 1392 accipe
781 1339 858 1391 quare

234 1414 367 1490 Deripiunt
378 1435 468 1469 omnes
477 1453 485 1482 ‚
495 1434 568 1488 eque
578 1435 607 1470 ae
615 1427 657 1481 tu,
669 1414 714 1486 qui
725 1414 773 1468 tibi
783 1435 877 1470 nomen

235 1507 329 1560 insano
339 1526 444 1580 porum
454 1528 463 1574 ς
476 1505 547 1562 velut
557 1506 646 1572 silvis,
656 1505 702 1560 ubi
712 1505 806 1579 passim

235 1598 353 1652 Palantea
365 1617 435 1652 error
444 1609 512 1652 certo
525 1598 557 1650 dc
569 1597 669 1651 tramite
681 1597 770 1670 pellit,

235 1690 280 1743 llle
289 1689 479 1755 sinistrorsum,
493 1687 536 1742 hic
548 1689 704 1743 dextrorsum
715 1687 768 1742 abit
780 1706 787 1741 :
798 1707 864 1742 unua
876 1689 976 1760 utrique

237 1783 331 1847 Error,
343 1783 389 1834 red
400 1783 477 1836 variis
488 1780 572 1835 illudit
585 1781 697 1855 partibus
709 1781 776 1836 :boc
788 1793 813 1834 te

142 1926 148 1940 ,
187 1927 191 1936 ,
239 1871 322 1926 Crede
331 1871 409 1926 modo
422 1873 556 1936 insanum
570 1871 655 1925 nihilo
663 1885 691 1926 ut
701 1871 844 1946 sapientior
853 1870 914 1934 ille,

242 1964 296 2033 Qui
305 1976 329 2016 te
338 1963 569 2028 <leudomarum
578 1963 670 2018 trahat
746 1963 1018 2035 (tlsat.1n,43rqq.)

92 2084 164 2152 Ecce
175 2090 216 2152 ait
228 2072 335 2153 omnes
350 2089 489 2164 Insanos.
505 2091 596 2154 etiam
611 2090 681 2152 illos
694 2089 745 2172 qui
760 2089 820 2152 hoc
834 2091 942 2152 docent
958 2091 1010 2152 :id
1024 2106 1079 2168 est,
1092 2093 1155 2156 Ze-

92 2217 209 2276 nonem,
220 2195 417 2276 Cleanthem,
435 2195 641 2285 Chrysippum
652 2219 663 2256 .·
673 2197 724 2278 qui
736 2196 767 2257 in
781 2197 921 2279 profectu
934 2199 1057 2278 quidem
1071 2214 1156 2278 sunt,

92 2306 138 2366 set
150 2307 282 2368 nondum
298 2305 330 2366 in
345 2317 428 2368 certa
448 2305 497 2368 ria
513 2329 520 2377 ;
538 2303 667 2385 ideoque
684 2303 715 2364 in
735 2323 852 2366 errore.
869 2301 960 2386 Apud
972 2301 1157 2368 Ciceronem

91 2411 144 2474 alia
161 2415 252 2476 etiarn
274 2411 450 2475 similitudo.
467 2439 484 2466 a
494 2409 582 2474 Nihil
596 2412 718 2493 adjuvat
738 2412 905 2493 procedere
921 2425 952 2473 et
964 2415 1109 2495 progredi
1124 2415 1157 2476 in

92 2515 221 2594 Virtute,
235 2501 297 2603 qno
311 2520 411 2582 minus
424 2517 613 2580 miserrimus
626 2517 665 2580 sit
676 2529 856 2598 ‚antequam
871 2521 909 2580 ad
924 2539 994 2580 eam
1009 2495 1158 2602 pervenej

92 2619 128 2681 rit
141 2620 302 2702 :quoniam
315 2619 347 2680 in
358 2639 437 2701 aqua
447 2619 545 2682 nihilo
558 2617 655 2703 magis
664 2617 816 2704 respirant
826 2619 877 2699 qui
887 2619 951 2702 jam
958 2619 998 2688 ad
1009 2641 1162 2684 summam

93 2747 154 2789 eam
170 2726 437 2814 appropinquant,
455 2747 547 2808 mam
568 2725 621 2807 qui
640 2739 710 2788 sunt
726 2725 759 2786 iu
774 2724 925 2808 profundo
942 2748 950 2784 r
969 2737 1001 2788 ct
1016 2728 1162 2808 quoniam

91 2825 195 2904 eatuli,
211 2827 264 2909 qui
281 2825 345 2909 jam
361 2827 533 2910 despecturi
546 2839 629 2898 sunt,
640 2825 709 2889 caeci
723 2845 808 2907 aeque
827 2839 861 2886 ut
882 2825 904 2888 ii
917 2825 969 2909 qui
983 2829 1076 2889 modo
1090 2828 1164 2889 nati.

91 2930 244 2996 Platonem
259 2953 380 3016 quoque
394 2951 520 2996 necesse
535 2945 597 3010 est,
614 2933 758 3014 quoniam
778 2933 914 2995 nondum
928 2932 1065 3009 ridebat,
1078 2955 1163 3016 aeque

91 3041 337 3120 mormanno,
352 3059 389 3104 ac
400 3037 558 3104 Phalarim
567 3039 671 3104 fuisse.
680 3065 696 3096 u
716 3039 783 3119 (IV
798 3038 850 3101 De
863 3036 989 3117 Finit.)
1000 3037 1043 3102 Et
1052 3040 1165 3103 refellit

90 3145 219 3225 uidem,
235 3161 287 3210 aut
300 3161 427 3210 cooamr
442 3172 451 3220 ς
467 3146 519 3210 sed
533 3166 590 3210 uos
605 3165 693 3210 sensa
703 3157 879 3210 nostrorum
889 3148 1092 3228 exsequimur.
1102 3146 1166 3211 Pro

91 3255 196 3334 quihus
214 3267 247 3318 et
263 3251 440 3338 Empiricos
463 3275 472 3312 c
495 3279 512 3309 a
523 3249 572 3315 Ex
588 3251 763 3316 Steicurnm
781 3255 928 3316 sententia
948 3255 979 3316 in
997 3251 1166 3318 Stultorum

90 3381 251 3424 mnnermn
264 3360 436 3426 referuntur
450 3358 535 3422 Zeno
546 3405 555 3436 ‚
566 3355 749 3436 Cleanthes,
764 3373 794 3422 et
807 3357 1013 3446 Chrysippus,
1030 3374 1061 3424 et
1076 3363 1170 3426 ceteri

89 3467 249 3531 exsectis:
264 3466 392 3548 quilibet
405 3479 507 3530 autem
517 3463 632 3530 Stultus
645 3479 766 3546 tenetur
775 3466 814 3529 ab
828 3467 1054 3551 ignoratione.»
1067 3467 1179 3549 (Adv.
1221 3524 1225 3532 .

89 3573 259 3654 Mathem.)
275 3571 455 3637 Plutarchus
471 3595 508 3638 ex
521 3573 660 3656 professo
675 3573 732 3636 isto
745 3571 844 3659 aperit
858 3589 888 3637 et
901 3577 1043 3652 damnat,
1061 3575 1168 3639 libello

89 3683 131 3744 lle
141 3679 277 3761 Prusectu
286 3683 315 3742 in
329 3681 364 3739 V
361 3681 447 3742 trane
458 3726 466 3755 ‚
479 3692 568 3762 atque
581 3679 659 3743 inter
669 3681 759 3764 plura
773 3682 826 3743 ait.
838 3708 854 3735 u
865 3677 959 3742 Stoici
969 3726 978 3756 ,
988 3681 1085 3764 inquit
1096 3687 1187 3763 (eos

89 3793 171 3855 euim
193 3789 351 3872 intelligit,
369 3785 426 3851 etsi
439 3809 497 3852 nec
514 3789 672 3873 nominat)
695 3788 798 3852 multis
818 3789 1033 3854 controversiis
1047 3811 1174 3874 scrupu-

89 3899 186 3980 lisque
197 3896 385 3959 referserunt
394 3892 642 3978 philosophiam
657 3915 719 3956 uno
732 3907 836 3956 autern
852 3893 901 3958 vel
915 3895 1074 3975 maximo,
1091 3899 1174 3979 quod

89 4008 120 4068 in
136 4023 233 4066 unam
250 4001 454 4086 equalitatem
466 3998 545 4063 Vitii
560 4021 668 4064 omnes
681 4001 856 4080 includunt,
871 4017 998 4086 excepto
1019 4001 1174 4088 Sapiente.

71 4095 183 4174 'Unde
194 4109 324 4192 aenigma
338 4107 474 4172 redditur
487 4105 565 4185 illa,
582 4127 648 4189 quae
660 4107 789 4180 dicitur.
802 4105 957 4172 Profectio
977 4136 984 4180 ;
1000 4123 1034 4172 nt
1046 4131 1111 4192 quaa
1120 4131 1175 4193 pa·

89 4240 160 4279 rum
172 4213 336 4277 differebat
349 4211 390 4276 ab
399 4211 602 4298 imprudentia
614 4225 767 4288 extrema,
781 4225 810 4273 et
831 4211 947 4294 eosqui
960 4234 1022 4278 non
1033 4215 1175 4279 omnibus

91 4323 257 4388 affectibus
269 4319 447 4402 morbisque
463 4320 586 4384 omnino
600 4319 689 4382 liberi
707 4322 784 4396 siut,
801 4343 883 4400 aeque
899 4322 1033 4385 infelices
1044 4322 1174 4400 hahent,

199 4431 219 4482 l·
348 4463 350 4468 ·
635 4475 639 4483 ι
1031 4449 1050 4493 Ρ
