2896 4958
321 481 359 544 18
481 553 486 565 Ι
755 479 822 545 DE
854 479 944 546 lliA

314 614 379 695 rit,
400 612 467 680 nisi
485 611 567 679 bino
584 607 718 678 flamma
733 609 869 679 subdita
881 624 932 678 est
943 613 969 691 ¹,
989 624 1025 677 et
1041 608 1099 678 bic
1115 610 1271 680 stimulus
1284 635 1380 705 pera-

273 753 288 783 ²
315 730 450 823 gitavit,
475 728 633 819 misitque
657 726 693 794 in
715 726 869 820 pericula
889 725 1047 796 audaces.
1070 727 1245 820 Optimum
1271 731 1380 823 itaque

313 846 453 939 quidam
473 859 616 939 putant,
643 858 834 938 temperare
855 845 961 926 iram,
990 867 1058 914 non
1084 844 1251 928 tollere²,
1276 871 1380 940 eoque

312 961 464 1030 detracto
482 959 575 1054 quod
591 959 761 1042 exundat,
785 958 831 1028 ad
849 959 1030 1028 salutarem
1051 957 1187 1030 modum
1210 985 1335 1056 cogare
1350 957 1378 1044 ³,

312 1076 349 1145 id
360 1099 442 1146 vero
454 1077 622 1158 retinmc,
640 1077 714 1143 sinc
729 1098 797 1168 quo
811 1075 990 1168 languebit
1001 1077 1108 1160 actio,
1125 1092 1160 1144 et
1171 1078 1223 1146 vis
1235 1101 1276 1146 ac
1288 1080 1381 1172 vigor

269 1205 286 1257 3
310 1196 414 1262 animi
428 1187 654 1262 resolvetur⁴.
668 1185 854 1274 Primum⁵,
869 1192 1001 1260 facilius
1015 1207 1067 1260 est
1080 1190 1262 1261 excludere
1272 1197 1383 1287 perni-

311 1311 422 1392 ciosa,
449 1331 551 1402 quam
574 1331 715 1402 regere,
742 1324 777 1376 et
799 1333 867 1377 non
891 1307 1089 1393 admittere,
1114 1333 1215 1401 quam
1239 1309 1380 1378 admissa

311 1427 481 1496 moderari
497 1453 505 1494 :
518 1447 596 1494 nam
608 1449 714 1518 quum
725 1449 761 1494 se
773 1427 809 1492 in
822 1425 1031 1518 possessione
1044 1441 1252 1518 posuerunt,
1268 1442 1382 1518 poten-

269 1553 286 1618 t
311 1545 537 1612 tioraroctore
548 1557 640 1626 sunt,
654 1541 1238 1635 uecrecidiseminuivepatiuntur.
1250 1541 1382 1611 Deinde

311 1659 397 1726 ratio
414 1659 499 1750 ipsa,
511 1659 567 1725 cui
581 1657 671 1724 freni
685 1655 868 1724 traduntur
877 1649 905 1737 ⁶,
919 1655 1048 1724 tamdiu
1059 1670 1179 1749 potens
1190 1670 1254 1736 est,
1271 1679 1384 1746 quam·

311 1771 371 1842 diu
392 1773 554 1842 diducta⁷
578 1789 628 1842 est
649 1772 693 1842 ab
714 1771 917 1840 affectibus:
939 1773 967 1841 si
985 1773 1120 1840 miscuit
1138 1795 1173 1840 se
1192 1771 1259 1839 illis
1277 1787 1315 1838 et
1332 1772 1383 1836 in-

310 1889 485 1980 quinavit,
510 1913 578 1957 non
595 1903 706 1982 potest
727 1889 903 1956 continere
925 1911 1011 1982 quos
1033 1889 1234 1957 submovere
1252 1889 1384 1981 potuis-

311 2018 374 2070 sot.
395 2005 568 2074 Commota
584 2004 675 2074 enim
698 2001 802 2070 semel
824 2015 858 2070 et
878 1996 1038 2071 excussa⁸
1059 2027 1172 2084 mens,
1193 2002 1226 2070 ei
1243 2003 1385 2071 servito

270 2141 284 2191 5
311 2143 379 2212 quo
399 2119 599 2212 impellitur.
621 2117 856 2212 Quorumdam
874 2142 990 2186 rerum
1012 2120 1110 2186 initia
1129 2121 1165 2186 in
1184 2134 1303 2186 nostra
1324 2141 1385 2212 po-

311 2249 430 2302 testate
444 2249 523 2302 sunt
539 2261 546 2301 :
563 2234 727 2302 ulteriora
739 2257 800 2302 nos
815 2235 921 2306 suavi
935 2234 1093 2326 rapiunt,
1114 2256 1178 2302 nec
1191 2253 1385 2326 regressum

310 2351 523 2444 relinquunt.
533 2355 580 2421 Ut
595 2354 631 2419 in
644 2375 796 2446 praeceps
806 2349 893 2419 datis
904 2351 1104 2446 corporibus
1118 2351 1251 2420 nullum
1265 2353 1320 2420 sui
1332 2375 1386 2418 ar-

309 2469 451 2560 bitrium
467 2484 537 2552 est,
566 2471 810 2538 necresistere
832 2469 999 2536 morarive
1022 2467 1155 2561 dejecta
1176 2481 1384 2559 potuerunt,

311 2654 461 2720 dictasunt,
473 2666 559 2728 utpote
573 2655 617 2726 qui
631 2654 675 2708 irae
688 2653 823 2706 utilitatem
872 2650 956 2704 Ducta
967 2671 979 2702 e
991 2651 1140 2704 lluminibus
1159 2652 1319 2726 metaphora.
1333 2652 1390 2706 Sci·

310 2745 393 2785 tuetur
404 2735 450 2786 lll.
462 2732 546 2786 Etbic.
559 2734 661 2786 Nicom.
673 2753 693 2786 c.
706 2733 729 2784 8.
740 2734 772 2784 tt·
786 2735 822 2789 ml
871 2729 931 2800 licet
946 2730 1162 2801 quemadmodum
1174 2731 1355 2788 ,exundantem
1366 2745 1389 2783 et

312 2813 333 2861 oi
356 2811 455 2880 ἀνδρεῖοι
478 2800 622 2878 asperitate?
646 2809 822 2879 dppnltxeilolos
871 2806 936 2860 ultra
959 2809 1025 2881 ripas
1046 2809 1256 2862 intumescentem
1281 2811 1390 2864 lluvium

310 2889 352 2956 γὰρ
364 2889 376 2938 ὅ
386 2890 461 2955 θνμὶς
472 2891 531 2958 πρὸς
542 2889 595 2949 τοὺς
606 2887 733 2948 κινδύνους.
748 2885 823 2940 Conl.
871 2885 989 2938 cohibere
998 2886 1098 2950 solent,
1113 2897 1138 2938 et
1151 2885 1217 2938 intra
1227 2887 1335 2940 alveum
1350 2907 1392 2940 re-

312 2963 366 3018 Cic.
383 2964 458 3018 Tusc.
475 2965 564 3038 Dispp.
581 2967 627 3030 lv,
646 2971 681 3019 15.
698 2986 752 3038 sqq.
768 2965 822 3017 Hos
871 2981 977 3027 vocare,
997 2963 1034 3015 sic
1046 2964 1254 3016 effervescentem
1264 2979 1291 3017 et
1302 2963 1390 3018 omnia

310 3053 395 3093 tamen
406 3041 568 3116 philosophos
585 3056 608 3095 et
622 3043 823 3095 moderationem
871 3041 1016 3095 invasorem
1033 3041 1097 3095 iram
1110 3039 1245 3118 aggeribus
1262 3041 1392 3096 contineri

310 3119 356 3192 irre
376 3121 520 3194 precepisse
542 3134 657 3186 coustat;
676 3120 731 3192 quis
752 3120 822 3194 enim
871 3121 1055 3184 necessarium,
1073 3133 1097 3173 et
1109 3135 1221 3174 coactam
1231 3123 1267 3176 ad
1282 3125 1390 3176 modurn

310 3199 389 3252 nescit
415 3198 604 3272 temperantiam
631 3197 703 3267 quasi
724 3195 823 3250 sunda·
871 3199 1007 3271 quemdam
1018 3199 1113 3253 reduci.
1126 3199 1176 3252 Eo.

310 3289 425 3332 tuentum
442 3275 608 3349 philosophiae
624 3296 638 3327 a
652 3277 754 3332 Socrate
764 3287 822 3327 tra-
887 3279 911 3344 4,
929 3279 1088 3333 minutor.
1099 3278 1203 3333 Solutus
1213 3293 1358 3334 evanescet.

310 3353 369 3407 ditae
379 3354 475 3408 luisse?
888 3359 912 3412 5.
925 3357 1047 3410 Primam
1055 3396 1064 3420 ,
1085 3369 1132 3410 etc.
1154 3357 1297 3426 llactenns¹
1311 3359 1390 3413 locuti

328 3455 349 3486 t.
362 3433 521 3486 Hirrus-est.
535 3432 633 3506 Lipsius
644 3431 741 3486 mavult
753 3431 819 3506 legi:
869 3451 928 3491 sunt
939 3439 986 3510 qni
998 3438 1102 3492 Seuere
1118 3437 1304 3505 adversantur3
1323 3462 1393 3495 none

309 3510 361 3562 lroec
367 3509 487 3581 flamma
504 3521 530 3564 et
546 3509 585 3564 bic
602 3514 739 3574 sumatur,
761 3513 820 3581 quia
870 3515 1061 3590 ipseloqnitur,
1078 3530 1103 3569 et
1113 3516 1186 3569 allata
1199 3530 1294 3570 contu
1304 3519 1391 3572 diluit.

309 3589 342 3642 ad
358 3591 438 3642 solam
458 3590 523 3642 iram
542 3591 702 3642 referentur:
721 3609 740 3641 s.
759 3589 820 3644 binc
885 3596 909 3647 l».
931 3594 980 3646 Cui
991 3596 1067 3666 freni
1082 3596 1239 3658 traduntur,
1263 3609 1316 3650 etc.
1334 3597 1391 3651 llos

307 3663 511 3722 sdmulusl‘mi
521 3680 605 3720 tamen
614 3679 694 3739 potest
704 3667 818 3739 vulgata:
869 3685 917 3738 est,
934 3674 1004 3745 cujus
1017 3673 1046 3726 in
1055 3692 1134 3726 mann
1148 3686 1207 3726 sunt
1217 3673 1342 3730 habena.

307 3745 409 3798 llamma
421 3747 452 3798 ab
463 3748 499 3799 ira
511 3745 587 3820 petita
599 3757 691 3820 spectat
703 3745 734 3796 ad
748 3747 819 3798 sorti·
887 3773 910 3818 7.
920 3749 1047 3804 Diducta.
1068 3750 1085 3802 i.
1105 3771 1127 3802 e.
1151 3764 1288 3822 separata,
1309 3773 1392 3827 segre·

307 3823 432 3888 tudinem,
445 3837 470 3876 at
480 3823 597 3878 stimulus
606 3824 637 3877 ad
647 3823 764 3890 audaces,
774 3825 819 3895 qui
869 3842 941 3904 gata,
955 3828 1079 3902 seposita,
1092 3841 1119 3880 ut
1130 3847 1183 3898 seq.
1194 3848 1249 3901 rap.

307 3903 359 3977 ipse
377 3905 413 3956 ira
430 3917 472 3958 est.
486 3905 525 3957 De
539 3918 610 3978 tropo
623 3917 707 3957 autem
718 3903 822 3957 diverso
885 3911 909 3962 8.
920 3906 1047 3960 Excussa
1056 3903 1144 3958 reduxi
1154 3943 1161 3968 ,
1172 3905 1205 3958 ab
1217 3906 1331 3960 Enarno
1340 3907 1391 3978 jam

307 3981 361 4033 noli
373 3982 484 4059 argutari
497 4020 505 4049 ,
523 3985 615 4057 quippe
630 3983 820 4058 proverbialiter
868 3995 1012 4056 receptum,
1025 3995 1051 4034 et
1064 4002 1078 4034 e
1089 4001 1131 4035 sex
1139 3983 1220 4036 MSS.
1232 4003 1276 4055 ap.
1285 3983 1393 4038 Gruter.

306 4057 429 4112 adhibito.
868 4060 998 4116 etltuben.
1009 4059 1297 4134 probatomGronovin.
1311 4064 1394 4115 Excu-

322 4159 346 4192 a.
358 4137 465 4192 Tollere.
473 4137 536 4190 Non
548 4140 686 4205 extollere,
696 4137 740 4190 sed
749 4158 819 4190 eme·
867 4139 928 4194 titur
937 4152 1020 4192 autem
1029 4157 1060 4189 ex
1070 4151 1130 4192 nota
1140 4137 1266 4208 loquendi
1275 4140 1395 4192 turmula

304 4218 462 4276 dictatore,
478 4217 587 4270 abolere.
869 4218 957 4291 auriga
977 4231 1084 4289 equcsve
1103 4237 1180 4288 equos
1201 4239 1257 4272 non
1278 4221 1396 4294 amplius

312 4291 354 4345 ¹3.
371 4289 464 4366 quue
480 4297 600 4350 detracto.
611 4333 617 4346 .
628 4336 633 4348 .
644 4333 651 4348 .
663 4335 669 4348 .
684 4331 689 4346 .
702 4333 708 4347 .
729 4313 819 4364 rogen.
869 4313 956 4367 regere
967 4294 1066 4357 valens,
1080 4306 1104 4346 et
1115 4293 1147 4346 ab
1157 4294 1188 4345 iis
1200 4295 1287 4368 abripi
1298 4297 1396 4368 dejici-
