2896 4958
342 503 488 570 LIBER
514 504 548 583 1,
577 501 689 570 CAP.
715 501 823 568 XVI.
1078 498 1121 582 43

64 637 161 706 vitiosi
178 634 332 702 humoris
349 633 508 716 intensis,
530 632 668 704 morbus
693 634 941 700 incrementum
965 647 1036 716 est,
1062 629 1123 700 sed

67 751 215 846 pestilens
234 748 453 818 abundantia.
483 749 613 822 Omnes
626 735 715 840 ‘quos
731 771 850 817 vecors
872 748 1004 816 animus
1020 771 1124 840 supra

69 867 275 962 cogitationes
288 865 417 934 extollit
430 865 594 934 humanas
610 864 715 932 altum
735 860 898 955 quiddam
920 877 955 930 et
979 862 1124 930 sublime

69 985 185 1076 spirare
208 1007 245 1050 se
266 979 412 1052 credunt
432 1007 440 1047 :
461 997 620 1050 caeterum
638 979 726 1048 nibil
743 977 842 1047 solidi
857 977 993 1062 subest,
1010 976 1071 1046 sed
1087 979 1125 1046 in

69 1100 191 1168 ruinam
206 1122 316 1192 prona
332 1113 432 1180 sunt,
453 1119 530 1190 quae
544 1098 617 1166 sine
635 1093 863 1164 fundamentis
881 1111 1034 1164 crevere.
1048 1095 1125 1162 Non
1150 1095 1184 1159 ²4

69 1215 162 1282 babet
175 1215 228 1282 ira
241 1215 297 1282 cui
312 1215 443 1283 insistat
456 1219 465 1252 ¹
478 1241 488 1300 3
506 1237 576 1282 non
589 1238 631 1282 ex
645 1213 743 1280 firmo
758 1233 985 1304 mansuroque
1001 1211 1124 1294 oritur,

69 1330 122 1400 sed
130 1346 268 1400 ventosa
280 1347 315 1400 et
326 1332 438 1400 inanis
449 1346 523 1416 est3
539 1345 737 1422 tantumque
749 1329 847 1398 abest
859 1354 880 1397 a
892 1327 1127 1424 magnitudine

68 1448 182 1530 enimi,
202 1461 399 1539 quantuma
414 1444 613 1514 fortitudine
626 1445 785 1528 audacia,
804 1468 826 1512 a
839 1443 966 1514 fiducia
980 1443 1129 1514 insolen-

68 1567 126 1648 tia,
144 1564 189 1633 ab
204 1565 401 1634 austeritate
419 1563 573 1648 tristitia,
592 1588 614 1632 a
633 1565 813 1634 severitate
835 1562 1031 1632 crudelitas.
1052 1566 1131 1632 Mu-

68 1683 164 1766 ltum,
181 1683 341 1773 inquam,
354 1682 496 1750 interest
506 1682 598 1750 inter
610 1681 787 1751 sublimem
801 1682 950 1750 animum
964 1696 999 1750 et
1012 1703 1132 1774 super-

69 1795 156 1864 bum.
173 1793 356 1864 Iracundia
371 1795 459 1863 nihil
472 1795 621 1887 amplum
636 1793 865 1888 decorumque
879 1793 1030 1862 molitur.
1046 1795 1132 1862 Con·
1156 1801 1189 1850 ²5

70 1925 135 1992 ua,
151 1908 238 1978 mihi
254 1906 391 1978 videtur
407 1909 577 1977 veternosi
589 1913 603 1942 ²
622 1924 658 1977 et
674 1909 818 1978 infelicis
833 1908 959 1991 animi,
980 1907 1133 1976 imbecil-

71 2025 166 2094 litatis
188 2023 255 2092 sibi
278 2024 427 2106 consofi,
453 2047 542 2116 saepe
563 2023 788 2094 indolescere.
813 2027 860 2094 Ut
883 2015 1075 2092 exulcerata
1099 2036 1135 2090 et

71 2167 156 2235 agra
172 2139 373 2234 corporaad
386 2155 494 2209 tactus
508 2141 692 2210 levissimos
711 2157 870 2236 gemunt,
891 2143 938 2210 ita
956 2140 1135 2210 iramulie-

73 2253 129 2322 bre
145 2254 291 2322 maxime
305 2269 339 2320 et
346 2254 479 2347 puerile
491 2257 610 2325 vitium
622 2249 706 2324 est³.
726 2255 792 2324 «At
802 2255 923 2324 incidit
934 2271 969 2323 et
981 2256 1018 2324 in
1028 2256 1132 2334 viros,

74 2391 144 2436 nam
164 2369 249 2438 viris
273 2391 410 2460 quoque
428 2367 576 2461 puerilia
594 2393 635 2436 ac
657 2368 837 2437 muliebria
856 2369 995 2462 ingenia
1010 2383 1101 2436 sunt.
1116 2393 1133 2430 s>
1154 2373 1157 2380 '

78 2511 92 2548 ι
103 2484 196 2575 Quid
209 2485 317 2577 ergo?
328 2509 397 2553 non
410 2485 533 2578 aliquae
545 2509 645 2556 voces
658 2485 703 2554 ab
716 2487 812 2554 iratis
825 2487 1042 2565 emittuntur,
1060 2507 1136 2576 quae
1163 2489 1195 2542 αὖ

78 2623 227 2694 »magno
249 2600 379 2670 emissae
401 2599 582 2670 videantur
603 2604 736 2686 animo,
763 2627 878 2671 veram
901 2601 1137 2694 ignorantibus

79 2717 403 2811 magnitudinem?
424 2718 534 2810 qualis
551 2720 609 2789 illa
623 2720 698 2790 dira
717 2737 752 2788 et
767 2719 993 2790 abominanda
1013 2745 1021 2786 τ
1042 2718 1138 2796 Ode·

80 2832 192 2914 seint,
214 2829 297 2936 dum
314 2847 466 2900 metuant
477 2827 504 2899 ⁴.
529 2833 666 2902 Sullano
684 2836 770 2902 scias
787 2834 1098 2926 saeculoscriptar'n.
1118 2859 1135 2896 u

79 3049 139 3100 aqua
153 3029 279 3094 intercus,
291 3029 335 3082 ille
347 3031 465 3096 morbus,
477 3051 525 3085 nec
536 3032 583 3084 in-
632 3032 783 3086 rnudbsimi
793 3034 902 3086 infantes
912 3053 1033 3108 sanaque
1044 3047 1068 3089 et
1075 3035 1139 3109 (egri

80 3121 231 3160 trementum
250 3121 293 3160 est.
304 3109 364 3174 Non
377 3122 414 3161 est
430 3109 583 3164 incremeu-
630 3124 703 3174 sunt;
713 3125 738 3164 et
747 3111 888 3165 invalidum
897 3134 973 3166 omne
984 3127 1073 3168 natura
1081 3133 1140 3186 que-

81 3200 143 3252 tum,
154 3187 259 3240 morbus
270 3200 320 3253 est,
336 3207 438 3262 pergere
450 3189 583 3242 debuisset.
630 3191 716 3244 rulum
728 3203 769 3244 est.
779 3213 793 3238 r

100 3287 119 3322 r.
129 3269 190 3321 Non
203 3269 281 3322 babet
295 3271 338 3320 ira
348 3275 390 3322 cui
403 3269 584 3323 insistamus
649 3259 810 3336 dioderint,
821 3273 884 3324 dum
897 3284 1022 3326 metuant.
1030 3273 1089 3342 Quo
1105 3271 1140 3324 di·

81 3359 123 3410 est,
132 3346 186 3400 sine
199 3347 372 3400 fundamentis
383 3347 474 3414 crevit,
486 3347 584 3399 nullam
633 3359 673 3400 rto
686 3347 753 3399 nibil
761 3347 853 3402 tristius
861 3349 927 3424 apud
935 3351 1046 3402 Veteres.
1059 3351 1141 3402 Etra-

80 3419 153 3476 babet
179 3424 260 3478 basim
285 3425 327 3477 cui
347 3425 457 3488 insidat;
479 3444 584 3478 arenoso
633 3425 1140 3500 goediequaeAtreusinscriptaest,llcoii

80 3502 151 3568 solo,
174 3525 227 3556 non
243 3501 328 3578 lapide
345 3503 433 3574 surgit.
453 3503 515 3556 llaec
533 3503 585 3574 jam
633 3517 722 3578 poetae,
730 3505 776 3576 qui
784 3503 890 3558 Sullano
898 3507 990 3559 saeculo
998 3505 1143 3574 (stratu.

81 3597 165 3652 mpn,
178 3602 256 3652 quum
268 3579 299 3631 de
312 3579 474 3634 lensensium
485 3579 584 3633 levitate
634 3583 774 3650 blolririt,
782 3583 1083 3657 lorteiddesumptum.ld
1091 3605 1142 3638 esse

81 3672 103 3708 et
113 3659 281 3712 inconstantia
291 3659 326 3711 ita
336 3659 465 3712 inchoavit
477 3679 484 3712 ι
499 3682 512 3706 s
520 3661 585 3712 Iram
635 3682 724 3715 verum
733 3661 866 3715 arbitratur
876 3677 940 3716 certe
951 3663 1061 3736 Lipsius;
1071 3678 1095 3716 et
1105 3665 1143 3716 la-

80 3753 141 3804 taepe
158 3735 332 3790 misericordia
348 3751 414 3788 retro
429 3737 495 3808 egit;
513 3735 587 3788 babet
636 3752 677 3790 vet
695 3739 764 3792 lorus
780 3739 928 3804 Ciceronis,
944 3739 1020 3792 Ollio.
1038 3739 1095 3792 Lib.
1114 3740 1143 3806 l,

81 3811 147 3865 enim
155 3835 208 3868 non
217 3815 328 3868 solidum
338 3813 428 3882 robur,
440 3813 485 3868 sed
493 3835 587 3867 vanum
636 3835 689 3891 cap.
696 3817 726 3868 28
735 3815 798 3866 :sUt
805 3816 825 3866 si
834 3815 930 3868 AEacus
938 3829 982 3867 aut
989 3815 1145 3869 Minosdice·

83 3903 222 3961 tumorem,
235 3910 306 3948 etc.»
636 3893 894 3958 re220derint‚dum
901 3903 1033 3956 mittunt,
1044 3893 1145 3946 indeco-

98 3991 121 4021 π.
134 3975 279 4040 Venatori,
288 3973 305 4027 i.
314 3995 335 4028 e.
343 3985 462 4026 vetustate
470 3973 533 4045 aegri
544 3973 589 4026 tel.
637 3991 694 4026 rum
704 3969 839 4034 videretur,
850 3971 921 4042 quod
929 3992 971 4024 eos
982 3973 1058 4025 fuisse
1068 3971 1147 4042 justos

83 4047 126 4100 lib.
137 4053 163 4104 ll
173 4091 181 4118 ,
192 4075 244 4128 cap.
258 4075 297 4126 ¹9·
314 4051 439 4118 Venturi,
459 4051 528 4124 quod
545 4049 591 4104 alii
639 4051 791 4125 accipimus}
804 4064 830 4104 at
840 4055 917 4106 Atreo
931 4053 1029 4106 dicente
1046 4053 1147 4127 plausus

84 4122 188 4194 babent,
196 4130 318 4184 aberratio
329 4129 428 4183 librarr.
640 4128 804 4182 excitantur.»
812 4131 845 4182 Et
851 4131 970 4184 immanis
980 4131 1083 4185 sevitiae
1096 4131 1148 4183 die-

101 4204 125 4254 3·
142 4209 180 4262 Ue
189 4215 375 4266 exulcerato...
385 4213 481 4264 uitium
492 4219 538 4263 est.
553 4210 591 4262 lta
639 4219 694 4260 turn
709 4208 782 4260 valde
796 4209 933 4262 mirabatur
945 4209 1063 4282 Caligula
1084 4208 1147 4274 (vid.

87 4300 175 4356 tupra,
192 4289 236 4342 sub
253 4287 331 4344 finem
357 4311 410 4362 cap.
439 4287 468 4342 13
487 4289 591 4342 :slra-
640 4287 1148 4364 Sueton.Calig.rap.3o.)necmirum:
