2886 4958
435 463 612 536 curor
637 463 732 532 xn.
1052 457 1141 544 445-

56 608 163 678 reditu
180 616 232 673 est
250 607 274 672 ¹.
292 597 604 694 Quantulacunque
626 595 741 684 itaque
759 587 896 656 abunde
915 587 1066 656 sufficit:
1086 602 1121 654 et

59 729 129 804 ideo
142 724 423 821 'quandocunque
443 720 582 788 ultimus
601 715 674 782 dies
701 713 853 794 venerit,
883 735 952 778 non
977 719 1122 778 cuncta-

57 848 147 915 bitur
165 847 219 913 vir
245 843 380 934 sapiens
407 839 458 905 ire
485 835 529 902 ad
548 848 688 901 mortem
716 845 809 898 certo
835 828 955 922 gradu.
986 827 1122 918 Quaeris
1147 831 1162 882 3

58 963 161 1044 forte,
185 953 473 1052 quos'occupatos
502 951 650 1019 vocem?
673 971 741 1015 non
767 963 818 1014 est
848 944 940 1037 quod
959 969 1012 1012 me
1032 944 1123 1012 solos

57 1101 151 1178 putes
169 1082 305 1161 dicere,
322 1101 406 1172 quos
426 1100 446 1143 a
471 1073 611 1142 basilica
628 1069 768 1138 immissi
787 1067 921 1134 demum
941 1089 1041 1134 canes
1058 1065 1123 1157 eji-

58 1212 147 1276 ciunt
162 1212 197 1292 ²3
215 1229 300 1299 quos
317 1219 377 1270 aut
401 1201 437 1267 in
462 1221 523 1266 sua
550 1195 646 1263 vides
671 1193 770 1261 turba
791 1183 802 1226 ³
817 1190 1002 1284 speciosius
1019 1185 1121 1268 elidi,

57 1325 160 1392 autin
174 1313 311 1389 alicna⁴
328 1315 552 1398 contemtius3
575 1334 660 1403 quos
670 1309 782 1376 officia
796 1305 951 1374 domibus
969 1305 1127 1372 suiscvo-

58 1455 143 1521 caut,
159 1453 204 1505 ut
221 1434 344 1504 alienis
359 1430 489 1498 foribus
509 1423 664 1510 illidunt,
686 1448 771 1517 quos
783 1403 879 1491 hasta
897 1422 1051 1514 praetoris
1070 1421 1126 1486 in-

58 1557 134 1624 sumi
152 1555 267 1634 lucro,
287 1566 321 1618 et
340 1545 548 1640 quandoque
566 1557 814 1636 suppuraturo,
835 1529 1007 1607 exercet⁵.
1029 1537 1127 1628 Quo-

61 1668 215 1738 rumdam
230 1667 334 1734 otium
346 1676 547 1755 occupatum
562 1675 632 1727 est:
654 1657 795 1739 invilla,
815 1672 874 1723 aut
891 1657 925 1722 iu
944 1655 1030 1722 lecto
1044 1678 1125 1736 suo,

60 1793 93 1858 in
113 1787 228 1857 media
247 1780 451 1861 solitudine,
473 1777 627 1871 quamvis
645 1774 689 1843 ab
715 1772 871 1841 omnibus
890 1787 1127 1852 recesserunt,

61 1906 121 1974 sibi
136 1905 203 1998 ipsi
212 1900 346 1970 molesti
360 1911 452 1965 sunt.
480 1890 714 1984 Quorumdam
733 1913 802 1956 non
816 1889 921 1955 otiosa
931 1889 996 1954 vita
1014 1903 1065 1955 est
1078 1885 1132 1954 di-

61 2017 180 2098 cenda,
203 2014 266 2084 scd
283 2010 451 2079 desidiosa
466 2007 653 2099 occupatio.

113 2136 197 2204 XII.
228 2131 326 2200 Illum
346 2143 384 2194 tu
404 2125 545 2193 otiosum
560 2145 682 2202 vocas,
705 2119 764 2211 qui
784 2110 986 2186 Corinthia⁶
1003 2141 1135 2209 pauco-

64 2277 135 2319 rum
155 2251 273 2317 lurore
292 2244 467 2338 pretiosa,
493 2240 594 2306 anxia
619 2235 804 2304 subtilitate
835 2234 1017 2300 concinnat
1037 2237 1074 2313 ²,
1100 2227 1135 2300 e't

65 2368 223 2460 majorem
242 2363 374 2431 dicrum
394 2353 581 2452 partemin
599 2348 798 2444 aeruginosis
817 2341 987 2418 lamellis³
1007 2373 1135 2417 consu-

100 2595 120 2628 ι.
132 2576 172 2630 In
182 2573 267 2626 reditu
278 2579 324 2623 est.
337 2567 372 2620 Ut
383 2563 506 2638 pecunia,
520 2579 576 2634 quse
626 2579 696 2612 crum
708 2559 803 2611 iulame
812 2557 931 2629 idemque
941 2569 1134 2631 supputatorum

68 2667 130 2706 certa
140 2651 193 2706 lide
205 2649 232 2702 in
245 2650 333 2700 lenore
345 2657 389 2696 cst.
628 2639 644 2690 i.
653 2659 674 2690 e.
683 2637 710 2688 iu
724 2636 827 2688 exitium
842 2655 939 2702 eorum,
953 2655 1037 2688 rerum
1048 2651 1137 2692 muta-

99 2754 121 2786 2.
132 2721 459 2791 Nossest.....e1'iciuut.1)c
473 2718 522 2781 iis,
535 2716 578 2787 qui
627 2716 697 2768 tione
712 2715 790 2782 sacta,
806 2733 953 2777 evasurum,
964 2715 1103 2787 captabant.

68 2810 101 2862 ita
117 2805 215 2863 annosi
226 2818 249 2858 et
262 2804 288 2856 iu
301 2800 382 2854 causis
394 2796 472 2851 dediti
485 2805 579 2857 essent,
662 2792 720 2844 llll.
738 2792 848 2864 Atta-Et
859 2791 904 2862 qui
913 2791 1061 2864 plerumque
1073 2793 1138 2846 otio-

68 2901 95 2940 ut
110 2885 197 2940 ultimi
213 2904 226 2935 e
242 2879 427 2946 basilica(vid.
441 2875 474 2928 ad
486 2874 532 2938 lll,
549 2871 580 2922 de
622 2869 650 2922 'si
664 2879 688 2921 et
704 2868 803 2920 delicati
822 2880 959 2934 vocantur,
977 2869 1017 2920 vel
1030 2871 1138 2923 maxime
1182 2893 1184 2896 ·
1218 2863 1221 2874 ’

71 2966 124 3030 lra,
146 2962 191 3026 33,
212 2965 254 3026 ι.)
275 2957 472 3028 egrederentur,
495 2963 519 3005 et
540 2949 581 3001 vix
631 2950 697 3001 iuter
710 2959 842 3020 occupatos
856 2948 1007 2999 numerandi
1019 2961 1086 3000 sunt.

70 3062 150 3114 quum
160 3037 310 3096 claudenda
320 3034 530 3092 basilicaeessent,
541 3047 582 3079 ca·
665 3025 689 3077 li.
705 3025 845 3078 Corinthia.
866 3023 968 3078 Scilicet
989 3045 1063 3090 rasa,
1084 3045 1141 3098 quae

72 3142 178 3194 nesque,
193 3138 280 3172 earnm
298 3113 426 3174 custodes,
440 3111 491 3182 jam
508 3106 583 3160 soluti
634 3103 750 3157 modoin
763 3100 899 3166 esculenta,
908 3101 985 3154 ruodo
992 3103 1020 3155 in
1028 3104 1142 3157 lucernas

73 3204 287 3263 immitterentur,
300 3194 405 3269 explicat
414 3190 520 3264 Lipsius.
534 3186 585 3238 Sed
634 3179 795 3239 auttrulleos‚
810 3179 881 3231 nullo
895 3180 1076 3234 munditiarum
1097 3203 1143 3234 rc-

74 3303 154 3356 quum
173 3277 282 3336 edificia
293 3276 348 3330 brec
359 3269 462 3324 nonnisi
478 3265 587 3339 portici·
635 3274 738 3335 spectu,
762 3259 892 3312 trunsierri
913 3260 1035 3314 solebant.
1058 3261 1097 3314 Gi.
1110 3263 1143 3314 de

74 3361 120 3416 bus
136 3368 282 3414 constarent
300 3353 352 3420 tei.
369 3347 471 3401 Ernesti
484 3347 586 3400 Excurs.
636 3341 730 3412 'l'ranq.
744 3338 822 3391 aniru-
842 3339 877 3390 lX
890 3337 934 3392 tiu.
953 3339 1052 3393 ibunt.
1072 3339 1144 3394 ldem

75 3439 108 3492 ad
121 3441 229 3496 Suetou.
243 3430 374 3505 Anguis.)
384 3425 429 3492 ,de
441 3425 489 3478 bac
505 3421 589 3494 expli·
636 3419 708 3471 furor
727 3429 751 3468 et
770 3415 848 3468 Plinii
865 3427 977 3490 tempore
989 3417 998 3482 (
1010 3417 1066 3468 Nat.
1081 3417 1145 3470 liist.

75 3517 178 3570 tatione
193 3511 284 3566 dubius
295 3527 359 3562 sum.
369 3501 507 3573 Quomodo
518 3497 587 3552 enirn
639 3494 759 3556 XXXlV,
771 3493 796 3558 3,
809 3492 882 3565 Bip.)
893 3492 991 3545 animos
1002 3493 1146 3567 elegantio-

76 3607 101 3646 et
112 3613 160 3647 esar
172 3592 268 3645 clausas
280 3599 305 3640 et
316 3605 331 3638 a
342 3581 445 3637 canibus
457 3576 590 3632 custoditas
639 3593 696 3626 rum
714 3572 844 3624 invaserat.
863 3571 895 3621 Et
917 3589 945 3622 ex
962 3571 1040 3623 odore
1061 3571 1100 3623 illi
1122 3593 1146 3624 se

77 3675 156 3728 luisse
168 3670 282 3725 basilicas
292 3660 426 3741 putemus?
641 3650 757 3705 dicebant
768 3649 826 3701 talla
838 3667 896 3700 vasa
908 3647 1062 3721 dignoscere.
1076 3651 1149 3703 Mar-

5 3751 6 3756 *
112 3753 137 3804 3.
150 3751 253 3804 Sum...
267 3745 353 3798 turbu.
367 3741 454 3808 Quum
465 3735 511 3809 ipsi
523 3753 593 3805 mag·
641 3731 691 3784 tial.
703 3729 746 3782 lib.
760 3729 806 3792 lll,
820 3726 906 3799 Epigr.
917 3742 983 3780 txttt
995 3745 1002 3781 :
1014 3750 1027 3774 u
1043 3727 1149 3780 Comu-

79 3830 159 3885 nifice
173 3828 280 3881 doraum
293 3821 459 3875 deducuntur·
519 3825 521 3830 '
643 3809 690 3862 luit
696 3826 768 3860 nares
776 3825 809 3858 au
817 3804 916 3857 olerent
925 3823 973 3858 sera
981 3804 1149 3858 Corinthon.»

4 3911 7 3934 ³
112 3892 490 3974 d·Aliena.Aliusdeduceudo
499 3931 506 3958 ‚
516 3889 594 3944 comi·
676 3907 699 3950 7.
713 3885 861 3936 concisurus.
874 3883 937 3954 Apte
951 3881 1067 3951 collocat,
1077 3882 1152 3936 ordi-

80 3990 171 4044 endo,
549 4001 552 4010 .
644 3978 695 4018 nat.

115 4073 141 4123 5.
162 4063 237 4136 Quos
244 4063 348 4116 basto...
358 4067 466 4112 exercet.
475 4053 528 4123 Qui
538 4070 596 4104 aue·
678 4043 701 4096 8.
714 4039 886 4110 AEmgtnosts
896 4041 1021 4093 lamellis.
1035 4038 1082 4091 liis
1093 4039 1154 4114 ipsis

5 4147 6 4152 ’
81 4147 212 4205 tionibus,
225 4161 282 4214 quae
292 4139 339 4194 sub
351 4139 419 4188 hasta
429 4132 538 4195 fiebant,
549 4129 596 4182 bo·
649 4119 803 4175 Corinthiis:
815 4117 917 4170 lamella
928 4117 996 4170 enim
1009 4131 1037 4170 ut
1049 4118 1153 4187 lamina,

4 4235 7 4258 '·
82 4243 179 4279 norum
189 4219 384 4296 proscriptorum
394 4213 513 4276 aderant,
526 4220 550 4260 et
559 4207 597 4258 lu·
648 4203 732 4254 larona
750 4198 781 4250 de
799 4195 953 4271 supellectile
966 4207 1082 4270 argentea
1093 4235 1100 4261 ,
1113 4209 1156 4249 aut
