2926 4958
314 409 422 496 clxxvi
487 407 520 472 J.
547 403 712 474 LIPSII
735 402 1202 475 MANUDUCTIONIS

314 549 410 613 Stoici
428 561 490 612 tres
505 567 572 611 esse
581 549 759 626 voluerunt,
770 567 829 632 pro
842 547 939 610 tribm
950 545 1230 612 Permrtauontbus
1240 548 1273 610 in
1283 547 1382 612 auimo

314 653 485 742 Sapientis,
501 677 558 740 pro
579 653 751 740 (lapiditate
767 654 981 731 Voluntam
1000 675 1059 739 pro
1074 651 1190 718 latitia
1210 653 1380 726 Gaudium.

313 787 370 848 pro
384 763 472 827 Metu
490 761 681 828 Cautionem.
693 761 756 826 Pro
770 759 966 848 AEgritudine
986 783 1059 826 vero
1075 763 1124 826 rel
1138 762 1275 840 Dolore,
1290 785 1383 847 nega-

313 883 421 934 verunt
430 891 519 955 posse
531 892 597 934 esse
608 869 722 953 aliquid
735 869 767 932 in
777 868 880 932 animo
894 865 1054 953 Sapientis.
1064 868 1215 932 Voluntas
1228 869 1326 946 enim,
1340 869 1383 929 in-

312 977 431 1060 quiunt,
445 976 559 1061 appetit
567 975 690 1039 Bonum
702 999 709 1036 :
722 973 894 1055 Gaudium,
910 979 947 1038 de
957 975 1047 1040 Bono
1062 978 1171 1060 adepto
1185 988 1229 1038 est
1240 999 1248 1036 z
1259 973 1381 1051 Cautio,

312 1084 423 1147 devitat
441 1083 571 1147 Malmn.
587 1109 603 1140 ν
618 1079 661 1146 Et
672 1083 764 1168 paulo
777 1096 847 1166 post
862 1105 870 1143 t
885 1109 902 1138 ν
918 1080 994 1147 llaec
1008 1082 1053 1145 illi
1076 1083 1119 1146 sic
1145 1083 1308 1165 loquuntur
1321 1128 1331 1159 ,
1353 1094 1384 1142 ut

311 1190 424 1268 Velle,
440 1187 606 1267 Gaudere,
623 1187 760 1261 Carere,
774 1201 886 1273 negent
898 1187 957 1252 nisi
968 1186 1145 1272 Sapientem
1162 1212 1170 1249 ι
1184 1185 1319 1252 Stultum
1328 1208 1382 1248 an-

312 1310 395 1370 tem,
410 1317 472 1358 non
487 1295 546 1358 nisi
559 1293 703 1379 cupere,
719 1291 848 1372 lateri,
860 1292 1020 1372 Manere,
1036 1291 1230 1358 Contristari.
1249 1320 1265 1348 ν
1285 1289 1385 1374 (xlv

312 1401 363 1466 Dc
380 1399 448 1467 etv.
462 1423 529 1486 cap.
543 1401 599 1480 8.)
614 1399 661 1464 lta
674 1414 779 1464 noster
791 1399 844 1463 ille
860 1402 966 1465 doctor
984 1424 992 1460 ε
1012 1414 1042 1464 et
1056 1399 1171 1485 puriter
1188 1399 1288 1463 hausit
1302 1422 1319 1462 e
1333 1399 1385 1460 Ze-

311 1509 407 1572 nonio
422 1510 515 1572 sonte.
528 1507 612 1572 Nem
623 1499 764 1570 Laertius
778 1506 864 1591 paria
878 1519 930 1568 aut
945 1507 1052 1569 eadem
1066 1553 1075 1582 ,
1089 1505 1149 1568 uisi
1162 1506 1242 1588 qnod
1254 1527 1313 1589 pro
1325 1500 1385 1565 Le-

313 1615 401 1691 ocia,
418 1618 509 1683 ἡδονὴν
522 1613 721 1697 Voluptatem
740 1611 917 1675 nominavit
933 1610 1049 1676 Videre
1070 1612 1101 1674 iu
1122 1612 1188 1696 ipso
1202 1624 1291 1694 potes
1307 1633 1315 1670 τ
1331 1629 1384 1692 ego

315 1743 381 1804 quae
394 1721 519 1806 proprie
531 1721 569 1781 ad
582 1732 718 1781 nostram
727 1739 806 1795 rem,
819 1739 988 1803 excerpam.
1000 1717 1053 1780 dic
1066 1738 1151 1803 ergo,
1164 1745 1179 1772 ν
1191 1715 1385 1800 Voluptatem

315 1828 399 1910 (cum
412 1827 580 1912 Augustino
594 1840 625 1890 et
635 1824 783 1889 Cicerone
798 1831 889 1894 ἡδονὴν
903 1825 1062 1904 Laetitiam)
1076 1846 1158 1897 esse,
1179 1825 1242 1887 sine
1257 1820 1385 1885 Ratione

317 1932 500 2009 elationem,
528 1933 560 1994 in
578 1954 613 1995 re
637 1953 701 2014 quat
723 1931 859 1994 rideatur
886 1932 1059 2015 expetenda.
1083 1958 1099 1986 ν
1123 1928 1205 1993 Huic
1229 1929 1288 1992 tria
1316 1927 1385 1990 sub-

318 2040 383 2124 jicit
399 2061 408 2100 ε
423 2040 649 2112 Deditionem,
685 2035 924 2112 oblectationem,
950 2035 1149 2116 Dfflsc'ooem.
1179 2035 1353 2117 iterumque
1376 2055 1383 2091 τ

323 2147 471 2230 Voluptati
483 2147 628 2208 Gaudium
642 2145 776 2228 opponi:
796 2145 873 2223 sive,
891 2157 924 2206 ut
938 2141 1045 2207 Graece
1061 2165 1130 2206 cum
1144 2143 1197 2204 illo
1214 2143 1329 2219 dicam,
1343 2147 1387 2206 τὴν

318 2258 403 2336 χάραν
418 2258 533 2316 ἐναντίαν
545 2255 609 2315 εἶναι
623 2265 654 2336 τῇ
670 2255 766 2335 ἡδονῇ,
779 2251 857 2314 Sorae
869 2254 972 2334 ἔυλογον
987 2253 1104 2335 'trapam
1120 2247 1274 2312 Gaudium
1286 2249 1385 2310 Volu-

318 2357 394 2441 ptati
405 2359 565 2420 adversum
580 2377 665 2434 esse,
680 2357 761 2438 quod
774 2356 913 2418 definitur
925 2403 934 2433 ,
945 2378 1014 2420 ccnn
1025 2355 1156 2419 Ratione
1171 2356 1273 2418 elatio.
1284 2383 1300 2410 ν
1315 2353 1386 2416 'l'ria

320 2463 394 2524 item
406 2462 477 2525 huic
491 2462 598 2546 subjici
617 2465 726 2544 τὶρψνν,
744 2467 913 2547 ε’νφροωένηνς
937 2467 1068 2546 εὐθυμίαν·
1096 2490 1111 2517 tt
1127 2459 1384 2537 Oblectationem2

321 2567 537 2647 Hilarinum,
558 2567 833 2650 Tranquillitatem.
853 2597 868 2624 a
883 2567 952 2632 Etsi
964 2570 996 2632 in
1009 2591 1083 2634 voce
1097 2573 1208 2654 τέρψεως
1221 2569 1341 2643 haereo,
1359 2579 1387 2628 et

321 2675 455 2760 spuriam
468 2690 519 2738 aut
534 2697 751 2760 supervacuam
761 2679 929 2760 pronuncio
944 2702 952 2737 ε
967 2699 1060 2760 quum
1068 2679 1131 2760 jam
1145 2690 1213 2740 ante
1227 2677 1259 2739 in
1273 2689 1387 2740 contra-

322 2785 367 2846 ria
382 2798 467 2867 parte
480 2785 602 2867 (ἡδονῇ)
614 2783 754 2846 habuerit
768 2785 880 2846 sedem'.
896 2780 983 2868 Ergo
997 2783 1046 2846 vel
1060 2783 1207 2862 delenda,
1224 2784 1274 2845 vel
1287 2803 1343 2867 pro
1353 2801 1386 2844 ea

321 2897 419 2974 θάρσος
432 2915 440 2951 c
452 2887 631 2967 Fiduciam,
644 2889 891 2953 substituendum.
908 2886 999 2953 Certe
1013 2889 1044 2950 in
1058 2885 1178 2952 Stobaeo
1186 2890 1312 2973 junctim
1328 2888 1386 2950 haec

322 2995 457 3080 Sapienti
469 2997 538 3080 lego
554 2995 697 3073 attribui,
716 2999 823 3080 χάριν,
846 3003 1019 3082 opproprium,
1040 3002 1148 3080 θάρσος.
1162 2993 1222 3058 His
1235 3016 1254 3057 e
1266 2991 1386 3056 Laertio

322 3101 464 3164 Tulliana
481 3101 536 3164 ista
560 3115 726 3164 consonant
747 3125 755 3160 τ
778 3129 794 3156 ν
818 3098 922 3182 Quum
942 3100 1073 3164 Ratione
1090 3101 1208 3163 animus
1227 3114 1384 3169 movetur.

321 3208 439 3292 placide
453 3221 541 3290 atque
558 3222 749 3284 constanter,
766 3205 921 3271 Gaudium
931 3209 1005 3281 dicit
1018 3231 1088 3272 cum
1103 3222 1206 3272 autem
1215 3208 1345 3270 inaniter
1360 3219 1387 3268 et

322 3315 416 3379 effuse
433 3315 577 3390 exsultat,
592 3312 758 3390 Laetitiam,
773 3337 865 3398 quem
880 3317 921 3378 ita
936 3317 1080 3379 deliniunt
1092 3314 1227 3398 (Stoici)
1238 3313 1312 3378 Sine
1322 3313 1385 3376 lta-

321 3403 403 3485 uo'ne
418 3422 511 3484 animi
526 3421 733 3483 elaeonem.»
755 3420 820 3502 (tv
832 3421 945 3500 ause.)
965 3420 1041 3485 snut
1059 3423 1124 3507 ipsa
1143 3421 1198 3485 uu
1213 3422 1244 3484 a
1265 3417 1386 3484 emas

320 3527 429 3612 Neque
442 3549 519 3592 vana
533 3527 596 3590 haec
609 3526 773 3600 distinctio,
789 3541 870 3592 certo
883 3548 945 3591 non
962 3528 1075 3592 inutilis
1091 3552 1100 3603 ς
1121 3541 1152 3591 et
1170 3527 1352 3612 Augustinus
1370 3545 1386 3585 e

321 3631 422 3698 Sacris
434 3635 525 3697 etiam
539 3634 658 3718 prohat.
681 3661 696 3688 ν
712 3631 783 3696 Non
798 3646 843 3697 est
856 3637 986 3718 gaudere
1000 3634 1102 3718 impiis
1112 3678 1122 3712 ‚
1133 3634 1204 3698 dicit
1213 3633 1364 3697 Dominus
1376 3657 1384 3689 ν

320 3753 463 3822 tanquam
484 3738 571 3824 impii
591 3737 702 3801 Laetari
717 3739 816 3822 potius
835 3739 1077 3822 possint‚quam
1097 3737 1283 3802 Gaudere.»
1309 3736 1385 3823 (lsa.

320 3867 386 3930 cap.
402 3845 475 3923 58.)
490 3843 605 3908 Noster
620 3843 737 3908 Seneca
749 3844 809 3908 ltuc
820 3845 893 3909 iacit
908 3868 916 3906 t
930 3843 1129 3929 Voluptatem
1142 3846 1183 3920 (si
1200 3847 1239 3907 ad
1252 3859 1384 3907 nostrum

320 3949 434 4012 Album
450 3949 543 4012 verba
561 3951 740 4033 dirigimus)
757 3971 825 4012 rem
840 3950 986 4014 infamem
1006 3971 1092 4028 esse,
1113 3965 1144 4014 et
1160 3947 1315 4014 Gaudium
1330 3947 1386 4010 nisi

320 4053 455 4138 Sapienti
473 4075 535 4118 non
549 4056 733 4140 contingere.
750 4051 809 4118 Est
823 4057 904 4119 enim
921 4056 1013 4119 elatio
1030 4056 1144 4134 animi,
1159 4058 1220 4119 suis
1238 4057 1328 4119 bonis
1340 4056 1385 4117 vi-

318 4161 462 4242 ribusque
475 4162 602 4223 lidentis.
622 4189 638 4215 ν
654 4159 736 4224 Nota
750 4207 759 4237 ,
777 4191 791 4216 ν
805 4161 962 4247 Voluptati
975 4160 1130 4226 Gaudium
1146 4164 1261 4248 opponi
1278 4191 1295 4219 ν
1309 4209 1318 4237 ,
1330 4181 1383 4246 pro

319 4265 433 4331 Laertii
447 4267 594 4351 excerptis
612 4290 620 4327 ε
641 4268 772 4348 itemque
790 4269 884 4332 verba
907 4289 943 4332 ea
965 4271 1005 4332 ad
1023 4267 1159 4346 Album,
1183 4269 1231 4332 vel
1251 4290 1287 4330 ex
1303 4253 1382 4330 Atho
