2896 4958
388 483 542 551 LIBER
567 485 602 562 1,
630 484 747 550 CAP.
775 483 879 548 XVl.
1124 484 1168 574 39

101 613 223 684 deinde
241 613 494 684 advocationem
511 618 519 648 ¹
540 615 642 682 etism
660 613 727 682 sibi
745 613 852 706 petit,
876 626 915 680 ut
932 611 1167 682 excutiendae³

101 731 244 823 spatium
262 728 397 797 vctitsti
416 727 541 796 babent
563 754 571 794 ε
596 728 649 796 iro
672 727 821 797 festinat.
850 727 949 796 Retio
971 723 1008 795 id
1020 725 1168 820 judicari

101 849 190 929 vult,
210 844 304 939 quod
320 869 455 938 aequum
468 860 520 912 est
537 870 545 909 :
567 845 619 912 ire
634 841 671 912 id
687 867 822 936 oequum
834 841 946 916 videri
959 843 1052 925 vult,
1078 844 1169 935 quod

98 963 275 1056 judicavit.
297 963 397 1032 Retio
417 961 504 1030 nihil
517 975 642 1053 preter
654 961 765 1053 ipsum
789 958 833 1026 de
852 981 920 1051 quo
937 959 1052 1052 agitur
1072 983 1169 1052 speo-

103 1097 167 1150 tet:
182 1082 238 1148 im
249 1079 346 1150 vanis
358 1093 393 1148 et
404 1093 499 1146 extra
510 1101 644 1146 csumm
656 1075 913 1144 obversantibus
922 1091 1164 1144 commovetur.

101 1197 221 1266 Vultus
238 1197 332 1266 illam
348 1196 518 1277 securior,
538 1219 602 1263 vox
615 1194 756 1276 clarior,
774 1215 886 1261 sermo
898 1191 1039 1262 liberior
1051 1188 1078 1276 ³,
1096 1195 1169 1262 cul-

100 1332 151 1384 tus
167 1313 348 1384 delicatior
361 1307 395 1397 ⁴,
415 1313 589 1381 advocatio
608 1311 817 1380 ambitiosior
829 1304 863 1392 ⁵,
885 1309 979 1378 favor
995 1311 1169 1404 populeris

99 1445 288 1524 exasperet.
311 1429 407 1521 Soepe
424 1428 546 1496 infeste
561 1441 723 1519 petrono,
745 1447 842 1494 reum
860 1425 1020 1510 damnat,
1037 1425 1167 1496 etiamsi
1198 1423 1227 1477 ¹³

99 1547 270 1640 ingeritur
281 1544 388 1613 oculis
400 1543 542 1625 ueritas,
559 1556 648 1611 amet
660 1557 695 1610 ct
708 1558 823 1611 tuetur
837 1564 988 1612 errorem
1004 1571 1013 1629 3
1029 1545 1168 1636 oosrg'ui

99 1683 165 1729 non
177 1661 273 1744 vult,
294 1676 330 1728 et
344 1660 381 1728 in
393 1660 480 1730 male
492 1661 613 1752 emptis
624 1659 798 1729 honestior
810 1659 860 1727 illi
873 1660 1061 1754 pertinacia
1073 1657 1169 1727 vide—

100 1795 153 1845 tur
173 1801 279 1869 quam
302 1776 514 1868 poenitentia.
543 1778 607 1845 Cn.
633 1777 711 1844 Piso
728 1769 741 1811 ⁶
760 1776 825 1844 luit
850 1777 1012 1845 memorie
1031 1791 1165 1856 nostru,
1198 1785 1227 1851 st

98 1894 150 1961 vir
166 1918 188 1960 a
207 1891 324 1960 multis
347 1891 439 1961 vitiis
457 1890 609 1984 integer,
626 1891 687 1959 sed
698 1895 861 1986 prevusl,
888 1907 923 1960 et
941 1892 997 1959 oui
1014 1891 1170 1984 placebat

100 2035 160 2104 pro
174 2009 366 2080 constantis
381 2009 487 2102 rigor.
510 2009 543 2076 le
565 2033 671 2102 quum
687 2010 794 2078 iratus
809 2007 888 2078 duci
898 2004 911 2046 ⁸
919 2009 1076 2102 jussisset
1092 2033 1170 2077 eum

99 2130 215 2220 quiex
229 2140 418 2196 commeatu
434 2125 506 2194 sine
522 2125 750 2194 commilitone
762 2126 928 2207 redieret,
948 2127 1045 2218 quusi
1061 2127 1170 2194 inter-

101 2243 236 2310 fecisset
247 2263 350 2332 qucm
364 2263 433 2307 non
447 2239 671 2322 exhibebant,
685 2243 818 2335 roganti
833 2257 965 2334 ternpus
979 2239 1118 2332 aliquod
1127 2241 1171 2307 sd

119 2469 360 2522 nAsiwootionem.
368 2465 474 2539 Proprie
483 2465 524 2518 bie
532 2465 611 2540 posits
662 2465 1173 2541 condideretogmurstinebsnt,immoet

100 2558 135 2598 est
151 2543 288 2597 advocatio
304 2555 332 2595 ut
351 2544 456 2596 verbum
474 2541 610 2613 judiciale;
662 2542 765 2618 iuterim
773 2544 942 2618 splendidiore
952 2545 1022 2598 cultu
1029 2545 1171 2598 utebantur.

100 2626 142 2696 qui
153 2625 227 2678 enim
245 2643 335 2696 parum
350 2623 465 2676 instructi
476 2623 509 2675 sd
520 2623 612 2674 delen·
679 2623 703 2673 5.
714 2615 859 2676 Advocatio
869 2625 1039 2676 ambitiosior.
1054 2623 1098 2676 Est
1110 2643 1172 2692 prae·

101 2705 214 2758 slendsrn
223 2722 324 2756 mnsam
335 2721 407 2756 susm
416 2713 502 2765 erant,
514 2719 612 2754 morsm
663 2700 743 2754 sentis
751 2701 891 2756 amicorum
900 2714 1104 2774 petronornmvo
1113 2723 1173 2774 ope-

101 2795 124 2834 et
134 2795 236 2856 tempus
247 2779 405 2833 deliberandi
421 2778 612 2850 advocandique
663 2795 717 2828 rem
727 2777 1041 2843 suarncomntodsntium,
1056 2781 1172 2849 frequen·

100 2861 195 2914 amieos
207 2873 232 2913 et
239 2860 346 2934 peritos,
359 2859 377 2910 i.
387 2878 408 2911 e.
421 2856 612 2918 advocationem
663 2853 720 2920 tior,
727 2855 896 2928 splendidior.
903 2855 962 2908 Vid.
972 2869 1024 2908 not.
1037 2856 1107 2928 rbuj.
1115 2877 1172 2930 pag.

101 2939 209 3008 uindice
218 2937 330 3012 petisses
341 2935 433 2988 deinde
441 2955 544 2988 omnem
551 2955 613 2987 mo-
678 2934 703 2986 sr.
719 2935 850 2997 GwPiso.
861 2934 942 3005 Syrie
956 2935 1057 3009 prefuit
1068 2936 1180 3008 ιιιὶΤιί-ι

103 3035 156 3068 tem
164 3031 190 3070 et
198 3014 432 3086 tergiversationem
439 3031 488 3066 vox
497 3013 541 3064 ills
548 3012 612 3064 desi·
663 3015 733 3067 berio
744 3028 767 3066 et
777 3033 850 3066 causa
858 3012 946 3067 mortis
956 3026 1056 3087 putatur
1065 3014 1172 3066 Germe-

102 3095 198 3166 gusvit.
213 3093 300 3146 etad
314 3091 417 3144 Consol.
435 3091 468 3142 ed
486 3091 568 3142 Marc.
581 3091 611 3142 Χ.
664 3094 722 3146 nico
741 3092 825 3143 luisse.
841 3091 996 3144 Vid'l'scit
1018 3091 1112 3143 Annsl.
1130 3091 1172 3157 lt,

118 3173 338 3228 nEseutiendoe.
350 3168 523 3242 Dispiciendoe
531 3206 539 3236 ,
548 3187 613 3241 pon·
661 3170 711 3236 43,
722 3172 767 3232 55,
779 3168 823 3222 ubi
835 3169 944 3222 maxime
953 3168 997 3222 iste
1010 3168 1064 3238 eju
1077 3169 1173 3221 mentio

101 3251 233 3306 derandae.
246 3249 347 3302 Excutit
359 3245 550 3319 quodsmntodo
559 3265 614 3298 osu·
661 3247 776 3318 injicitur
789 3264 795 3298 :
809 3245 868 3300 coll.
880 3245 926 3300 lib.
938 3247 988 3308 Ill,
1004 3267 1058 3320 cap.
1076 3267 1113 3314 ¹⁴7·

101 3329 218 3400 namqui
235 3326 323 3380 omnis
340 3327 373 3379 sb
387 3338 495 3395 ubsque
507 3323 614 3394 allegata
680 3322 808 3394 pprocsss
815 3324 1175 3398 propriemelsdistorturnde·

102 3407 147 3462 sliu
158 3406 310 3482 perpendit,
322 3417 346 3458 et
360 3405 431 3457 omni
445 3415 544 3474 npsrts
560 3421 614 3456 rem
664 3401 747 3474 signet
765 3401 901 3472 (Gronov.
918 3403 950 3455 sd
965 3402 1021 3459 Liv.
1039 3402 1094 3468 lv,
1112 3400 1173 3468 αδ.)

102 3489 172 3562 prins
185 3487 330 3562 speculatur
343 3505 419 3557 quam
432 3483 465 3538 de
477 3503 507 3535 es
518 3479 616 3553 aliquid
665 3497 725 3530 mos
742 3499 846 3532 omnem
863 3480 908 3551 qni
923 3479 972 3532 sibi
990 3499 1044 3534 non
1061 3491 1174 3544 eonstst,

101 3581 202 3620 statuar,
666 3555 1007 3627 quiarectslinesreeedit3
1019 3556 1176 3623 qnsmvocis

118 3643 141 3698 3.
154 3643 251 3698 Sermo
265 3641 379 3697 liberior.
391 3641 516 3705 Ultionis,
524 3637 613 3702 exsilii,
664 3635 718 3688 vim
731 3635 775 3688 bie
794 3634 908 3690 obtinere
926 3635 1058 3704 sequentis
1076 3635 1177 3688 docent.

102 3721 222 3786 rnnlctae,
236 3721 307 3774 necis
321 3719 498 3793 cupidissima,
513 3717 554 3770 vis
574 3737 616 3770 eos
682 3718 706 3769 8.
715 3716 794 3771 Duri.
802 3714 950 3785 Aliquando
959 3714 1089 3768 invenitur
1102 3717 1176 3778 disci,

104 3797 173 3870 loqui
182 3797 279 3870 petitur
287 3817 350 3868 quos
359 3815 413 3848 reos
426 3795 485 3848 l'scit
493 3807 518 3846 et
529 3793 615 3846 crimi-
665 3795 771 3846 subaud.
779 3796 921 3856 odonem,
930 3793 1177 3846 autumnavit.

103 3889 187 3929 naurs.
668 3873 734 3925 inter
750 3871 800 3924 slis
819 3871 899 3926 mults
918 3869 1040 3924 Msstislis
1058 3870 1104 3922 lib.
1121 3871 1176 3936 lx,

121 3955 144 4019 l·
156 3955 252 4008 Cultus
264 3955 407 4008 delicatior.
416 3951 527 4005 Sordida
538 3965 562 4004 et
572 3951 617 4006 ob·
666 3949 755 4021 Epigr.
764 3965 799 4002 ιιι
808 3985 816 4012 ,
826 3968 863 4000 vs.
879 3969 916 4004 ιο.

102 4033 183 4086 soleta
194 4045 264 4086 veste
277 4031 351 4084 indui
359 4031 446 4086 solitos
454 4051 509 4084 reos
518 4069 526 4095 ,
534 4051 618 4102 neque
684 4047 709 4097 9.
718 4026 872 4084 Exercebat
876 4065 884 4089 ,
894 4027 912 4080 i.
918 4047 940 4082 e.
949 4046 1035 4082 sucum
1043 4025 1179 4080 referebat:

104 4108 225 4182 ignotum
235 4121 282 4173 est,
292 4121 316 4162 et
327 4107 379 4179 jam
389 4110 542 4162 notavimus.
552 4107 618 4178 Qui·
668 4125 717 4158 vox
733 4126 762 4158 es
780 4107 836 4158 soro
857 4119 958 4180 sumpta
978 4126 985 4158 ι
1006 4105 1111 4160 exbibet
1133 4105 1180 4174 qui

105 4187 163 4239 dam
184 4201 287 4254 tamen,
305 4185 349 4240 alii
366 4185 555 4256 superbientes,
575 4184 618 4238 slii
669 4196 769 4258 prestat
785 4185 839 4257 ejus
852 4186 891 4240 rei
904 4186 936 4238 de
952 4205 1001 4255 qne
1020 4186 1103 4258 agitur
1117 4201 1178 4256 prn-

106 4267 242 4322 munditie
261 4275 288 4318 et
305 4263 489 4338 elegantiarum
509 4263 618 4330 curiosi,
669 4261 784 4316 sentiam.
795 4261 944 4317 Pandertsr.
954 4264 1033 4330 xtll,
1044 4263 1076 4328 ti,
1090 4265 1118 4314 5.
