2894 4954
455 449 634 520 osrur
662 449 733 518 xr.
1061 451 1126 540 327

71 571 200 662 quidem
212 579 291 645 sunt
300 581 324 660 ¹,
336 579 460 669 quibus
469 580 661 648 necessario
671 575 871 646 haerendum
886 576 980 643 sitin
995 575 1129 668 fastigio

71 711 144 770 suo,
161 713 200 758 es
211 716 279 784 quo
293 717 362 762 non
370 712 531 787 possunt,
547 696 614 763 nisi
628 691 805 775 cudendo,
824 690 1052 760 descendere:
1066 689 1126 760 sod

71 805 128 874 hoc
144 809 251 901 ipsum
272 827 458 894 testentur,
488 811 666 882 maximum
691 835 776 880 onus
795 834 891 880 suum
915 831 1011 892 esse,
1037 809 1129 902 quod

70 920 139 990 aliis
155 947 276 1017 graves
295 951 367 996 esse
390 944 576 1022 cogentur,
598 951 662 996 neo
680 923 872 996 sublevatos
889 949 950 1007 se,
973 925 1035 994 sed
1056 925 1127 994 sui-

71 1038 146 1107 fisos
157 1067 164 1107 :
173 1043 325 1134 justitia,
339 1043 619 1128 mansuetudine,
639 1045 787 1112 humens
801 1045 878 1138 lege
891 1048 917 1127 ¹,
932 1059 967 1112 et
978 1043 1128 1136 benigna

70 1175 163 1222 mouu
173 1151 732 1250 praepsrentmultusdseoundos³
742 1157 1025 1253 onsuspraesidis,
1044 1181 1130 1251 quo·

69 1291 136 1336 rum
161 1293 221 1362 spe
246 1273 399 1345 securius
416 1271 603 1366 pendeant.
628 1272 723 1342 Nihil
750 1289 862 1342 tomen
886 1295 985 1365 aeque
1004 1273 1067 1339 hos
1085 1271 1129 1340 ob
1156 1295 1168 1342 r

69 1383 117 1452 his
134 1388 236 1456 enimi
256 1389 416 1459 fluctibus
434 1388 677 1483 vindicaverit,
700 1413 802 1482 quam
825 1413 959 1484 semper
980 1389 1129 1481 aliquem

68 1499 278 1572 incrementis
293 1504 474 1572 terminum
489 1505 596 1598 figere
615 1531 623 1572 :
638 1527 704 1574 nco
717 1505 859 1573 fortune
872 1503 1052 1572 arbitrium
1069 1501 1129 1572 de-

68 1611 193 1681 sinendi
207 1614 291 1686 dore
305 1666 316 1698 ,
335 1615 396 1684 sed
409 1641 445 1686 se
462 1619 572 1712 ipsos,
587 1612 693 1686 multo
706 1616 843 1709 quidem
858 1617 943 1684 citra
956 1631 1125 1698 extrema,

68 1728 239 1802 hortemur
263 1734 460 1802 consistere.
488 1735 545 1804 Sic
562 1749 597 1802 et
615 1736 738 1827 aliqum
759 1732 965 1828 cupiditates
980 1733 1129 1801 nnimum

69 1865 208 1933 acuent,
228 1850 291 1920 sed
305 1851 410 1920 finitae
424 1880 433 1936 3
450 1876 519 1920 non
542 1853 579 1919 in
593 1853 790 1920 immensum
805 1853 1041 1944 incertumque
1055 1875 1132 1942 pro-

70 1961 196 2034 ducent.
1083 1981 1087 1994 '

110 2083 170 2151 XI.
193 2075 250 2150 ‘Ad
268 2076 505 2174 imperfectos⁴
528 2097 564 2150 et
582 2080 770 2151 mediocres
791 2095 826 2150 et
851 2075 938 2148 mulo
958 2103 1056 2148 senos
1073 2080 1130 2149 hic
1157 2103 1166 2136 ι

71 2217 154 2266 meos
163 2221 275 2266 sermo
283 2197 454 2291 pertinet,
467 2221 537 2266 non
551 2197 595 2265 sd
607 2199 805 2292 sapientem.
819 2199 908 2266 Huic
917 2221 986 2266 nou
997 2193 1126 2280 timide,

72 2337 127 2381 uec
139 2313 348 2408 pedetentim
362 2313 603 2410 ambulandum
623 2331 693 2399 est,
717 2330 809 2384 tento
823 2315 913 2384 enim
932 2313 1057 2382 fiducia
1077 2315 1128 2381 sui

71 2443 115 2496 cst
125 2479 134 2512 ,
146 2446 183 2498 ut
197 2429 331 2499 obviam
344 2429 487 2498 fortunae
500 2431 552 2497 ire
565 2451 635 2498 non
648 2429 800 2514 dubitet,
817 2455 883 2500 nec
895 2455 1044 2522 unquam
1057 2429 1130 2498 loco

72 2541 116 2609 illi
123 2565 279 2614 cessurus
287 2544 330 2611 sit
341 2568 349 2609 :
362 2565 426 2611 nec
435 2543 540 2610 hebet
548 2543 608 2612 ubi
617 2543 707 2612 illum
723 2545 857 2627 timeat,
869 2515 1028 2636 quianon
1039 2565 1130 2610 man-

71 2661 151 2752 cipia
169 2676 322 2743 tanturn,
339 2661 653 2755 possessionesque,
677 2678 712 2729 et
732 2660 957 2756 dignitatem,
981 2660 1040 2728 sed
1056 2685 1130 2728 cor-
1210 2665 1212 2670 ⁴

72 2799 127 2866 pus
140 2801 276 2871 quoque
292 2801 412 2858 suum,
429 2789 463 2843 et
477 2775 609 2858 oculos,
626 2793 661 2844 et
672 2799 830 2860 manum,
850 2791 884 2844 et
897 2773 1064 2869 quidquid
1080 2790 1130 2843 est

72 2895 226 2962 cariorem
244 2895 346 2962 vitum
367 2893 554 2974 sucturum,
585 2917 689 2986 seque
708 2896 840 2988 ipsum,
864 2895 955 2962 inter
975 2893 1131 2986 precaris

73 3025 238 3092 numerat,
259 3010 410 3099 vivitque
424 3023 463 3074 ut
476 3006 704 3077 commodatus
718 3009 805 3091 sibi,
822 3024 857 3077 et
875 3007 1131 3102 reposcentibus

75 3223 138 3280 nibus
155 3225 250 3281 diversi
270 3247 299 3279 ae
321 3224 439 3300 disjuncti
457 3245 508 3278 erse
528 3226 574 3277 ri·
622 3231 753 3295 sequiores
764 3264 772 3294 ,
783 3226 800 3278 i.
812 3247 833 3280 e.
844 3229 985 3290 tristiores,
1000 3224 1130 3277 Gruterus.

75 3301 179 3356 deantur.
651 3303 694 3352 xl.
709 3303 779 3354 Atto.
795 3301 910 3374 Sapienti
924 3311 1010 3353 eontra
1023 3297 1131 3371 aequani·

103 3398 123 3430 r.
133 3381 216 3434 Murri
225 3381 331 3450 quidem
342 3391 478 3433 sunt.........
494 3379 539 3431 Ex.
552 3399 573 3432 o.
622 3381 735 3434 mitatem
754 3381 806 3453 jam
826 3382 900 3434 docet
918 3391 942 3432 et
962 3377 1131 3432 constantiam

74 3475 151 3529 teges,
164 3458 297 3532 principes.
308 3457 348 3509 De
358 3455 484 3510 Clement.
492 3453 538 3508 lilt-
549 3455 573 3524 l,
622 3460 724 3524 adesse,
735 3472 764 3512 ut
773 3461 802 3513 in
812 3460 884 3513 omni
893 3479 935 3520 re,
950 3459 985 3511 sio
997 3457 1024 3510 iu
1034 3469 1113 3510 morte
1126 3474 1132 3508 ε

75 3553 120 3608 tep-
131 3538 155 3590 8.
260 3529 264 3536 ¹
623 3537 715 3612 quippe
734 3538 776 3590 eui
791 3534 856 3590 nihil
873 3535 1003 3608 inopinato
1020 3532 1132 3586 accidere

102 3635 123 3668 s.
134 3613 265 3667 Humana
283 3615 343 3682 iege·
366 3610 410 3664 Sic
431 3609 529 3662 Emm·
552 3619 576 3660 el
624 3614 722 3680 debeat,
733 3615 819 3668 omnia
830 3611 986 3688 providenti.
997 3607 1132 3666 liabesbir

76 3687 169 3744 Gruteri
186 3689 294 3744 codices.
312 3687 378 3752 Alii,
398 3691 487 3760 large,
506 3687 575 3740 unde
624 3692 815 3765 descriptionem
831 3687 948 3763 sapientis
964 3687 1060 3754 Stoici,
1077 3703 1134 3757 quar

77 3765 182 3821 Pincian.
193 3769 329 3829 drmrarrm
340 3769 451 3835 lorge...
462 3763 513 3818 Sed
522 3767 576 3834 lege
624 3789 689 3842 saepe
701 3769 812 3822 iteratsrr.

77 3845 98 3896 id
108 3859 154 3912 est,
166 3845 289 3912 formula,
301 3843 378 3898 modo
386 3842 502 3916 imperii,
515 3863 587 3896 conv
658 3847 682 3912 4.
698 3846 874 3918 Imperfectus.
890 3844 1030 3908 Nonnulli,
1049 3848 1136 3914 impe-

76 3921 172 3977 ditione.
625 3927 704 3991 ritos,
716 3927 818 3993 impep‘.
835 3925 958 3994 Imperiti
973 3944 1017 3977 seu
1034 3927 1135 3995 imper·-

106 4001 127 4056 3.
134 4003 272 4058 Secundos.
281 4001 388 4056 SieMss.
397 4001 426 4056 ld
433 4015 484 4066 est,
496 4021 575 4068 casus,
617 4001 699 4075 secti,
711 4002 866 4067 desiderent,
884 4000 962 4054 stoica
976 4000 1064 4073 lingua
1077 4012 1135 4052 sunt

78 4083 235 4150 calamitates,
250 4101 306 4156 qua
316 4082 430 4155 proximo
439 4081 496 4134 loco
508 4093 576 4146 sunt,
623 4077 721 4146 plebeii
735 4097 779 4132 nec
796 4082 934 4148 sapientes.
953 4081 988 4132 'Po
1003 4080 1135 4147 imperitos

79 4157 179 4214 mitiores
190 4181 218 4213 ae
230 4161 313 4214 minus
330 4179 425 4230 graves.
438 4161 523 4212 Antea
533 4177 578 4211 se·
627 4155 741 4210 additum
754 4175 805 4208 esse
822 4156 921 4211 videtur
936 4198 944 4224 ,
965 4155 1135 4232 explicationis

78 4249 170 4300 poeotes
180 4239 267 4309 ecouj.
281 4238 395 4291 Pinciau.
407 4249 432 4289 et
444 4236 527 4289 Elrev.
540 4237 578 4288 ed.
629 4255 718 4298 rausa,
731 4256 745 4289 a
757 4233 899 4308 glossatore.
