2896 4958
276 515 773 589 altsTotc.Pn1L05.
802 517 898 585 Llll.
925 517 999 584 111.
1089 519 1162 605 eciij

89 661 121 720 in
136 671 269 742 partem.
279 656 349 744 Ego
357 660 477 738 conari,
490 671 541 721 ant
553 657 654 723 lacere
666 681 717 722 me
727 659 825 722 fateor
837 683 844 719 t
857 673 888 722 et
900 660 973 722 istos
984 675 1073 742 agros
1086 703 1095 736 ‚
1109 659 1166 722 sil-

88 785 144 827 vas
156 810 167 841 ,
181 765 308 844 bonos,
323 765 440 843 sontes,
461 779 594 843 statuas,
611 766 753 842 tabulas,
772 779 803 829 ct
815 765 959 848 quidquid
980 761 1098 826 Natura
1114 777 1166 826 ant

89 871 242 935 Industria
257 871 398 950 instruit,
412 871 508 936 oculis
523 885 555 935 et
568 871 750 956 cogitatione
766 893 880 956 usurpo
895 884 928 934 nt
942 893 1012 936 mea
1032 893 1040 932 t
1056 891 1166 956 pascor

88 979 223 1041 suaviter
242 992 275 1042 et
294 977 459 1042 sinceriore
482 977 584 1064 gandii
603 979 722 1058 fructu,
735 979 795 1044 .vel
808 978 922 1042 bornlae
937 979 1055 1062 spatio,
1072 997 1165 1060 qnam

88 1081 219 1148 Domini
230 1084 367 1170 inscripti
377 1103 457 1150 auno
469 1097 520 1148 ant
537 1085 633 1148 anuis.

394 1292 733 1360 DISSERTATIO
763 1293 845 1358 xll.

129 1445 163 1508 X
180 1445 290 1509 Parent
310 1445 410 1508 mlum
430 1445 591 1530 Sapientem
612 1445 754 1523 libonem,
774 1457 888 1507 caletus
905 1465 1003 1506 omnes
1026 1464 1122 1505 servos

563 1571 684 1612 censen.

126 1732 246 1807 Aron!
258 1731 340 1794 idem
348 1729 402 1793 ille
413 1727 542 1814 Sapiens
554 1751 617 1792 non
630 1727 727 1794 Dives
743 1729 853 1808 solum,
872 1731 925 1793 secl
939 1727 1054 1809 Liber,
1067 1743 1161 1794 caete-

86 1839 129 1902 ris
140 1838 284 1902 omnibus
300 1837 407 1900 servis.
421 1834 596 1900 Conviciari
610 1837 666 1898 tibi
679 1836 803 1900 videar?
814 1855 876 1898 non
890 1849 935 1898 cst
948 1837 1160 1920 propositum,

86 2051 218 2114 liberum
235 2071 303 2113 esse
322 2051 487 2112 neminem.
500 2075 516 2105 n
534 2047 642 2115 Graece
665 2049 836 2112 efferebant
854 2071 863 2109 ε
882 2039 931 2114 ὅτι
953 2056 1063 2136 μόνοςὸ
1087 2056 1165 2133 σοφᾶς

88 2165 214 2242 ilinbcpoc
227 2199 237 2232 ‚
253 2163 299 2219 ast
307 2169 360 2229 πᾶς
373 2159 457 2243 ἄφρων
467 2161 556 2228 δοῦλος
570 2180 578 2217 t
597 2155 689 2238 Quod
699 2157 781 2219 solus
792 2154 921 2241 Sapiens
931 2157 1031 2232 liber,
1049 2169 1079 2220 el
1092 2179 1163 2219 om·
1210 2165 1214 2174 '

87 2267 134 2328 nis
144 2261 263 2330 Stultus
277 2287 391 2329 servus.
405 2263 523 2352 (Cicer.
538 2266 570 2328 in
583 2263 692 2328 Parati.
702 2263 755 2345 V)
767 2263 923 2352 Diogenes
933 2265 1040 2351 ponit,
1053 2278 1083 2328 ct
1092 2285 1162 2328 cau-

88 2391 153 2434 sam
164 2373 309 2456 apponit:
324 2399 340 2426 n
349 2368 456 2434 Solum
462 2368 638 2454 Sapientem
645 2370 795 2446 libernm3
806 2393 913 2435 omnes
923 2371 1032 2450 malos,
1046 2391 1160 2434 servos.

86 2476 162 2542 Esse
176 2479 261 2542 cuim
273 2475 463 2540 Libertatem
473 2499 534 2541 non
547 2479 648 2555 aliud,
667 2499 760 2561 qnam
771 2491 954 2562 potestatem
973 2478 1081 2563 agendi
1097 2499 1161 2560 qme

85 2585 180 2646 velis:
196 2581 382 2647 servitutem
391 2597 516 2663 contra,
529 2585 734 2669 privationem
743 2584 917 2669 hujusmodi
927 2585 1087 2649 actionis.»
1101 2583 1160 2666 (ln

65 2691 67 2696 ’
84 2689 241 2766 Zenone.)
256 2687 327 2752 Hoc
339 2689 439 2773 ipsunt
452 2689 545 2774 paulo
560 2691 653 2754 insius
672 2687 830 2776 Epictetus
849 2713 859 2752 s
882 2687 1001 2754 «Liber
1019 2705 1082 2768 est,
1106 2691 1158 2773 qui

84 2795 155 2858 vivit
167 2809 202 2858 nt
210 2795 296 2871 vult,
309 2815 400 2878 mern
415 2816 514 2878 neque
531 2817 643 2882 cogere
656 2811 722 2875 est,
744 2817 843 2878 neque
856 2797 1045 2880 prohibere,
1060 2818 1159 2880 neque

85 2901 144 2963 vim
158 2901 316 2965 adferre.»
333 2899 543 2984 (IVDisscrt.
556 2923 622 2986 cap.
637 2903 683 2983 ι.)
695 2900 756 2965 set
766 2901 915 2965 fusissime
927 2900 1055 2982 Cicero,
1073 2916 1103 2966 ct
1112 2905 1158 2966 rei

85 3007 277 3070 illustrandae.
296 3004 405 3090 «Quid
418 3021 464 3070 est
474 3007 557 3070 enim
567 3007 713 3071 libertas?
730 3021 864 3092 potestas
879 2994 1001 3073 vivendi
1024 3023 1057 3072 nt
1069 3009 1156 3074 velis.

85 3109 158 3192 Quis
171 3114 264 3198 igitur
274 3113 390 3176 vivitnt
399 3113 482 3192 vult,
501 3113 560 3176 nisi
573 3113 625 3196 (pai
636 3127 720 3177 recta
734 3113 892 3196 sequntur?
908 3116 959 3197 qui
969 3117 1078 3200 gaudet
1089 3117 1161 3179 osli-

84 3220 148 3284 eiol
163 3217 226 3286 Cui
240 3220 362 3284 vivendi
374 3221 426 3286 via
438 3219 628 3284 considerata
643 3233 732 3302 atque
747 3220 870 3306 provisa
884 3223 955 3285 est?
976 3223 1027 3305 qui
1041 3223 1158 3308 legibus

84 3347 142 3390 non
150 3341 279 3414 propter
286 3341 403 3390 metum
412 3327 521 3412 paret?
530 3328 582 3410 qui
591 3327 667 3390 nihil
679 3328 767 3400 dicim
778 3327 950 3408 nihilfecit,
960 3329 1036 3392 nihil
1047 3331 1159 3414 cogitat

85 3436 231 3517 denique,
245 3435 305 3498 nisi
318 3435 450 3498 libenter
466 3455 502 3498 ac
518 3433 664 3498 liberet»
685 3431 740 3516 (V
756 3432 888 3512 Parad.)
906 3433 953 3497 lta
969 3435 1084 3516 liquet,
1099 3431 1161 3497 Sa-

85 3542 214 3624 pientem
236 3563 273 3605 ea
289 3555 376 3627 parte
391 3539 560 3618 Liberum,
584 3561 644 3623 qua
657 3539 813 3604 Virtutem
828 3541 1019 3625 amplectitur
1032 3539 1159 3620 volens,

85 3647 181 3711 alaoer
198 3669 208 3708 s
226 3645 346 3732 abipso
359 3645 520 3726 Honeste,
534 3666 596 3708 non
611 3665 629 3708 a
653 3646 742 3732 lege,
759 3659 810 3708 ant
822 3660 906 3709 metu
920 3647 1068 3709 inductus.
1077 3645 1162 3730 Quid

86 3753 143 3832 jam
155 3800 165 3832 ‚
179 3775 276 3837 mm
287 3753 373 3816 Vitia
385 3753 517 3838 spernit,
528 3767 560 3816 ct
573 3753 693 3815 calcat?
705 3773 775 3816 cum
785 3773 896 3838 magno
908 3753 1010 3816 animo
1022 3754 1134 3818 clamat
1147 3779 1155 3816 :

88 3859 176 3922 «Non
186 3881 255 3923 snm
266 3861 415 3944 imperata
423 3859 574 3932 sactorum
586 3861 690 3942 jugum
702 3878 764 3920 non
775 3857 890 3943 recipio
903 3883 911 3920 ε
926 3859 989 3922 imo
1002 3863 1083 3942 qnod
1091 3882 1156 3924 mo-

86 3967 146 4044 jore
158 3969 266 4030 virtute
279 3967 525 4044 faciendumst,
538 3965 665 4028 excutio.
678 3963 752 4029 Non
766 3979 810 4028 est
819 3967 1000 4030 molliendas
1015 3969 1151 4043 animus;

87 4073 110 4132 si
129 4072 273 4158 voluptati
292 4093 436 4152 cessero,
456 4073 621 4135 cedendum
641 4085 686 4135 est
700 4073 822 4151 dolori,
845 4075 1012 4162 ceclendnm
1033 4074 1154 4154 labori,

88 4181 244 4242 cedendum
259 4191 303 4242 est
316 4177 498 4264 paupertati.
508 4175 595 4240 Idem
605 4177 664 4239 sibi
673 4179 748 4262 juris
762 4179 793 4239 in
806 4200 857 4242 me
871 4201 936 4242 esse
953 4181 1074 4244 voletet
1085 4202 1154 4245 am-

88 4283 173 4364 ln'tio,
194 4301 224 4350 et
238 4288 322 4350 ira.»
342 4283 435 4367 (Seu.
452 4282 626 4369 Epistol.)
640 4283 742 4364 Ecce,
771 4299 845 4368 quot
863 4287 1003 4350 dominos
1018 4288 1070 4350 ille
1083 4290 1147 4371 jam

90 4391 204 4478 elingit?
219 4396 296 4458 adsle
306 4393 463 4456 libidinem
476 4438 487 4468 ,
501 4393 680 4471 avaritiam,
693 4391 753 4454 alia
765 4392 836 4454 vitia
850 4417 857 4452 :
874 4391 995 4456 turbam
1006 4393 1144 4472 habebis,
