2894 4954
480 477 655 545 curor
679 478 757 546 111.
841 497 844 507 ·
1083 487 1146 577 307

85 633 102 668 a
126 608 334 676 trectnveris.
353 607 471 698 Neque
492 607 584 674 enim
606 605 663 674 ille
681 606 772 674 solus
793 609 935 691 militat,
952 611 1063 702 quiin
1076 614 1149 682 scie
1175 625 1190 676 5

85 748 102 783 u
123 737 209 804 stat,
228 737 263 789 et
275 745 381 790 cornu
394 719 551 788 dextrum
566 720 754 814 laevumque
767 720 921 792 defendit
937 751 946 810 3
965 722 1025 792 sed
1042 729 1149 819 etqui

84 865 101 902 s
123 835 239 931 portos
252 855 384 920 tuetur,
405 853 440 904 et
452 837 718 906 stationeminos
728 839 917 931 periculosa
932 891 941 923 ,
958 864 1027 910 non
1042 845 1151 912 otioso

84 979 101 1015 s
125 968 239 1021 tamen
257 954 430 1046 fimgitur‚
450 950 651 1045 vigiliasque
663 969 797 1034 servat,
818 970 853 1021 et
871 959 1150 1027 ¹armamentorio

82 1091 101 1129 n
120 1082 266 1160 preest:
288 1089 364 1158 quae
375 1067 563 1134 ministeria
575 1067 1015 1158 quamvisincruentesint,
1037 1071 1074 1136 in
1086 1095 1143 1139 nu·

81 1209 100 1245 n
123 1205 255 1253 merum
271 1181 519 1274 stipendiorum
532 1183 688 1250 veniunt²
702 1232 711 1249 .
729 1183 764 1251 Si
781 1198 814 1252 te
827 1181 872 1252 nd
885 1183 996 1253 studia
1010 1209 1150 1256 revoce-

81 1325 98 1358 s
122 1300 235 1379 veris,
251 1299 440 1365 omnevitae
453 1294 624 1364 fastidium
639 1295 804 1389 effugeris
813 1325 823 1364 ι
844 1321 909 1368 neo
921 1314 1054 1370 noctem
1072 1299 1149 1370 lieri

80 1439 98 1474 s
121 1391 255 1505 optabis
264 1411 363 1481 taedio
371 1405 473 1492 lueis,
491 1411 555 1478 nec
570 1411 631 1477 tibi
644 1412 756 1504 gravis
767 1413 852 1495 eris,
871 1411 1150 1505 necsliissuper-

79 1555 98 1592 ι
121 1551 250 1598 vacuus
268 1554 275 1594 ε
293 1527 415 1596 multos
428 1531 465 1594 in
479 1526 662 1594 amicitiam
673 1526 842 1608 elumbes,
864 1527 1103 1620 affluetqueud
1115 1543 1149 1596 te

78 1671 99 1708 ι
120 1644 269 1736 optimus
277 1644 625 1736 quisque-Nunquam
634 1641 738 1723 enim,
750 1639 1147 1734 quamvisobseumvir-
1173 1660 1190 1714 o

77 1785 97 1822 o
120 1775 179 1827 tus
191 1758 289 1842 latet,
309 1753 369 1826 sed
380 1759 482 1826 mittit
494 1757 547 1825 sui
560 1745 679 1848 εἰμι’
693 1780 703 1822 :
718 1755 873 1846 quisquis
882 1753 1008 1849 dignus
1022 1757 1144 1840 fuerit,

76 1899 97 1936 n
119 1872 277 1965 vestigiis
288 1871 385 1939 illum
399 1869 548 1964 colliget.
564 1873 650 1951 Num
663 1871 694 1938 si
709 1873 841 1938 omnem
860 1871 1148 1940 conversationem

76 2017 97 2053 o
120 1988 290 2070 tollimus,
312 2003 347 2056 et
365 1989 483 2080 generi
498 1983 646 2054 humano
665 1986 918 2067 renuntiemus,
934 1987 1147 2079 vivimusque

76 2133 96 2169 n
117 2108 159 2172 in
178 2129 239 2172 nos
257 2117 387 2171 tantum
412 2103 586 2187 eonversi3
616 2101 885 2193 sequetur'henc
903 2100 1144 2184 solitudinem,
1160 2127 1163 2136 ¹

77 2249 96 2284 »
117 2221 214 2288 omni
235 2218 346 2286 studio
366 2233 557 2299 carentem,
576 2218 691 2310 inopia
709 2239 824 2286 rerum
842 2216 1063 2310 agendarum.
1087 2221 1146 2288 In·

77 2363 97 2398 u
119 2335 287 2427 cipiemus
316 2331 459 2400 aedificis
486 2330 553 2399 alia
580 2333 736 2424 ponere,
771 2331 838 2400 alia
865 2331 1082 2416 subvertere,
1112 2350 1147 2402 et

77 2481 95 2516 s
121 2473 218 2520 mare
232 2447 450 2531 submovere,
468 2463 502 2516 et
520 2469 626 2540 aquas
637 2463 758 2516 eontra
769 2433 986 2518 difficultates
998 2449 1148 2519 looorum

76 2597 94 2633 s
116 2562 282 2648 duoere⁴‚
301 2581 336 2634 et
352 2565 438 2634 male
459 2564 656 2657 dispensare
679 2581 831 2657 tempus,
857 2564 948 2656 quod
971 2566 1071 2634 nobis
1086 2593 1148 2636 ns-

75 2711 94 2748 e
117 2699 200 2752 tura
221 2677 484 2750 consumendum
507 2677 614 2748 dedit.
636 2679 707 2748 Alii
724 2703 827 2769 perce
841 2681 899 2749 illo
923 2685 1069 2784 utimur,
1085 2686 1143 2754 alii
1173 2721 1185 2770 7

74 2827 94 2862 s
116 2795 263 2892 prodige
285 2796 368 2866 :ulii
387 2797 436 2862 sic
455 2794 699 2887 impendimus,
729 2812 767 2863 ut
783 2797 950 2887 possimus
976 2798 1142 2866 rationem

76 2943 93 2978 a
118 2911 266 2981 reddere
282 2939 292 2997 3
312 2911 390 2993 alii,
407 2927 446 2978 ut
456 2909 565 2978 nullas
580 2910 763 2979 habeamus
772 2908 945 3000 reliquias.
963 2911 1081 3002 Quare
1090 2915 1144 2980 ni-

75 3059 94 3093 κ
117 3029 173 3098 hil
191 3029 323 3122 turpius
337 3043 408 3109 est,
427 3050 529 3118 quum
543 3024 682 3120 grundis
698 3041 780 3092 nutu
793 3048 913 3107 senex,
935 3029 994 3117 qui
1012 3026 1142 3096 nullum

111 3259 134 3292 t.
154 3239 377 3292 Annavnenlnrio.
396 3237 482 3292 Armis
502 3237 585 3290 omnm
668 3234 833 3306 4.Ad.¹drficia
844 3239 901 3290 aliu
910 3257 1018 3304 ponere,
1031 3243 1142 3294 alia......

70 3317 180 3392 generis
191 3315 367 3369 commandit
378 3315 509 3368 destinato.
635 3317 731 3368 mare.
752 3313 815 3367 lime
838 3315 869 3368 td
897 3314 982 3368 luxum
1006 3315 1034 3368 iu
1055 3315 1142 3380 villis,

110 3417 134 3448 α.
146 3395 186 3448 In
193 3395 586 3460 mummstu'pendimumoe-
635 3392 744 3444 turribus
762 3389 1002 3462 aliisquemdilleiis
1021 3405 1144 3450 amnuen-

70 3478 159 3528 m'rrnt·
175 3473 209 3526 fl.
222 3472 414 3525 e-numerdntur
423 3483 451 3523 ut
467 3471 494 3525 in
512 3472 587 3524 mili·
636 3469 700 3533 dit,
723 3467 906 3534 mulnndisvs,
930 3471 959 3522 in
980 3471 1082 3544 piscinis
1105 3476 1144 3526 so·

70 3554 158 3606 tando
177 3550 297 3623 occupeti.
318 3549 411 3602 Gellio.
428 3549 521 3603 dieitur
533 3566 587 3602 un-
636 3546 735 3600 diendis
752 3561 798 3600 ete.
817 3548 981 3620 conspicuum
1004 3551 1138 3622 pertinent,

70 3635 134 3686 neit
146 3633 288 3683 deservite.
635 3625 680 3695 qui
697 3624 738 3678 vel
761 3646 776 3676 a
801 3626 903 3679 Luculli
922 3629 932 3692 (
953 3627 1024 3697 cujus
1045 3626 1144 3682 luxurie

108 3707 279 3760 Minime*
287 3708 375 3774 signo.
391 3701 461 3764 mo<
476 3723 483 3757 :
499 3703 587 3756 virluti
637 3715 660 3754 et
671 3701 718 3754 lme
729 3703 757 3754 in
768 3724 795 3756 re
808 3716 905 3758 constat
922 3703 1075 3758 el'lutsrclr.
1091 3704 1143 3758 Vit.

71 3801 212 3858 personum
223 3779 448 3853 tribuit,lingitqne
457 3799 513 3832 sam
523 3780 588 3832 iuter
637 3781 735 3834 Luwll.
746 3802 768 3834 e.
783 3782 822 3853 39.
834 3803 857 3854 p.
869 3783 925 3855 389
938 3803 975 3853 sq.
996 3784 1143 3856 leopold)

70 3864 196 3916 homines
207 3860 324 3913 incedere
335 3900 342 3919 ,
355 3859 397 3912 sed
408 3859 509 3931 objectis
520 3859 588 3912 insi-
636 3859 789 3930 temporibm
800 3860 912 3912 effloruit
922 3881 929 3922 ς
945 3860 976 3912 sb
985 3861 1091 3913 Horatio
1101 3881 1145 3916 ιω·

69 3942 190 4016 gnibus5
203 3942 237 3992 ite
248 3952 277 3992 nt
290 3958 342 3992 non
355 3939 404 4009 jam
413 3960 441 3992 ox
460 3951 527 3992 veste
541 3937 587 3990 in·
634 3936 737 4008 pissime
747 3933 948 4008 reprelienditur,
960 3958 981 3988 e.
995 3958 1015 3992 c.
1024 3938 1075 3992 0d.
1086 3940 1142 4003 lll,

69 4017 307 4089 ιιοιικεηρωιίῑ,
318 4016 361 4068 sed
373 4015 480 4080 evultu,
491 4027 534 4067 eut
543 4035 586 4068 ve·
639 4035 649 4066 r
662 4052 669 4079 ,
685 4014 726 4066 33.
737 4033 777 4086 sq.
790 4013 841 4065 Sed
852 4013 908 4066 lraec
921 4013 955 4066 ol
968 4014 995 4068 id
1008 4015 1145 4086 presertim

69 4097 159 4169 stigiis
170 4113 178 4148 ε
190 4107 215 4147 ot
225 4093 275 4147 hoo
287 4093 373 4146 nullus
386 4094 435 4146 nisi
452 4093 493 4148 cui
508 4093 587 4146 lumi·
637 4091 760 4152 notanda,
771 4092 840 4160 quod
852 4089 916 4146 mihi
927 4091 969 4145 rel
978 4091 1038 4146 inde
1050 4093 1145 4166 perspi-

70 4173 146 4227 liaris
172 4185 247 4244 atque
272 4170 370 4224 dudum
392 4171 458 4224 tulta
480 4171 525 4225 illa
548 4170 586 4224 sit.
637 4188 713 4221 cuum
737 4167 781 4219 fiet
800 4187 853 4221 non
871 4168 944 4238 sequi
964 4167 1073 4225 fideliter
1086 4173 1144 4225 An-

69 4250 157 4319 Quod
170 4249 282 4322 proxime
293 4247 445 4321 exprimitur.
637 4265 722 4300 naum
739 4247 824 4302 Grati
836 4249 943 4302 {motoris
954 4249 1066 4320 vestigia.
1078 4250 1143 4302 Nam
