<?xml version="1.0" encoding="UTF-8"?>
<!DOCTYPE html PUBLIC "-//W3C//DTD XHTML 1.0 Transitional//EN"
    "http://www.w3.org/TR/xhtml1/DTD/xhtml1-transitional.dtd">
<html xmlns="http://www.w3.org/1999/xhtml" xml:lang="en" lang="en">
 <head>
  <title>
</title>
<meta http-equiv="Content-Type" content="text/html;charset=utf-8" />
  <meta name='ocr-system' content='tesseract 3.04.00' />
  <meta name='ocr-capabilities' content='ocr_page ocr_carea ocr_par ocr_line ocrx_word'/>
</head>
<body>
  <div class='ocr_page' id='page_1' title='image "./lannsenecparspr01bouigoog_0748.png"; bbox 0 0 2900 4944; ppageno 0'>
   <div class='ocr_carea' id='block_1_1' title="bbox 470 467 1134 550">
    <p class='ocr_par' dir='ltr' id='par_1_1' title="bbox 470 467 1134 550">
     <span class='ocr_line' id='line_1_1' title="bbox 470 467 1134 550; baseline -0.009 -9"><span class='ocrx_word' id='word_1_1' title='bbox 470 467 653 550; x_wconf 67' lang='lat' dir='ltr'><strong>CAPUT</strong></span> <span class='ocrx_word' id='word_1_2' title='bbox 670 471 761 540; x_wconf 83' lang='lat' dir='ltr'>xll.</span> <span class='ocrx_word' id='word_1_3' title='bbox 1074 471 1134 536; x_wconf 71' lang='lat' dir='ltr'>lor</span> 
     </span>
    </p>
   </div>
   <div class='ocr_carea' id='block_1_2' title="bbox 18 577 1183 2199">
    <p class='ocr_par' dir='ltr' id='par_1_2' title="bbox 18 577 1183 2199">
     <span class='ocr_line' id='line_1_2' title="bbox 18 577 1138 694; baseline -0.005 -22"><span class='ocrx_word' id='word_1_4' title='bbox 18 620 29 644; x_wconf 67' lang='lat'>²</span> <span class='ocrx_word' id='word_1_5' title='bbox 80 605 250 674; x_wconf 76' lang='lat' dir='ltr'>ooutreriae</span> <span class='ocrx_word' id='word_1_6' title='bbox 262 619 408 672; x_wconf 88' lang='lat' dir='ltr'>ruentem</span> <span class='ocrx_word' id='word_1_7' title='bbox 418 577 668 694; x_wconf 82' lang='lat' dir='ltr'>inquietabunt.</span> <span class='ocrx_word' id='word_1_8' title='bbox 687 601 817 694; x_wconf 79' lang='lat' dir='ltr'>»Quod</span> <span class='ocrx_word' id='word_1_9' title='bbox 829 603 875 671; x_wconf 82' lang='lat' dir='ltr'>itu</span> <span class='ocrx_word' id='word_1_10' title='bbox 885 625 958 670; x_wconf 80' lang='lat' dir='ltr'>este</span> <span class='ocrx_word' id='word_1_11' title='bbox 970 599 1138 685; x_wconf 77' lang='lat' dir='ltr'>oonoed03</span> 
     </span>
     <span class='ocr_line' id='line_1_3' title="bbox 79 717 1143 812; baseline -0.004 -25"><span class='ocrx_word' id='word_1_12' title='bbox 79 717 135 788; x_wconf 88' lang='lat' dir='ltr'>sed</span> <span class='ocrx_word' id='word_1_13' title='bbox 150 721 370 790; x_wconf 89' lang='lat' dir='ltr'>nihilominus</span> <span class='ocrx_word' id='word_1_14' title='bbox 389 719 438 788; x_wconf 92' lang='lat' dir='ltr'>illi</span> <span class='ocrx_word' id='word_1_15' title='bbox 454 719 517 812; x_wconf 89' lang='lat' dir='ltr'>ipsi</span> <span class='ocrx_word' id='word_1_16' title='bbox 534 719 648 800; x_wconf 88' lang='lat' dir='ltr'>stulti,</span> <span class='ocrx_word' id='word_1_17' title='bbox 666 734 701 787; x_wconf 91' lang='lat' dir='ltr'>et</span> <span class='ocrx_word' id='word_1_18' title='bbox 715 719 899 812; x_wconf 70' lang='lat' dir='ltr'>inequales</span> <span class='ocrx_word' id='word_1_19' title='bbox 914 723 922 754; x_wconf 89' lang='lat'><strong>¹</strong></span> <span class='ocrx_word' id='word_1_20' title='bbox 940 732 975 786; x_wconf 88' lang='lat' dir='ltr'>et</span> <span class='ocrx_word' id='word_1_21' title='bbox 988 717 1051 786; x_wconf 89' lang='lat' dir='ltr'>sub</span> <span class='ocrx_word' id='word_1_22' title='bbox 1072 718 1143 784; x_wconf 87' lang='lat' dir='ltr'>ictu</span> 
     </span>
     <span class='ocr_line' id='line_1_4' title="bbox 80 835 1140 930; baseline -0.003 -26"><span class='ocrx_word' id='word_1_23' title='bbox 80 837 280 928; x_wconf 83' lang='lat' dir='ltr'>poenitentiae</span> <span class='ocrx_word' id='word_1_24' title='bbox 293 837 413 930; x_wconf 83' lang='lat' dir='ltr'>positi,</span> <span class='ocrx_word' id='word_1_25' title='bbox 438 857 578 929; x_wconf 74' lang='lat' dir='ltr'>magnas</span> <span class='ocrx_word' id='word_1_26' title='bbox 591 836 786 928; x_wconf 85' lang='lat' dir='ltr'>percipiunt</span> <span class='ocrx_word' id='word_1_27' title='bbox 801 835 989 927; x_wconf 83' lang='lat' dir='ltr'>voluptates</span> <span class='ocrx_word' id='word_1_28' title='bbox 1006 860 1014 898; x_wconf 74' lang='grc' dir='ltr'>ι</span> <span class='ocrx_word' id='word_1_29' title='bbox 1031 849 1072 901; x_wconf 92' lang='lat' dir='ltr'>ut</span> <span class='ocrx_word' id='word_1_30' title='bbox 1089 835 1140 902; x_wconf 84' lang='lat' dir='ltr'>ls-</span> 
     </span>
     <span class='ocr_line' id='line_1_5' title="bbox 18 949 1138 1044; baseline -0.001 -26"><span class='ocrx_word' id='word_1_31' title='bbox 18 963 20 998; x_wconf 61' lang='lat'>³</span> <span class='ocrx_word' id='word_1_32' title='bbox 81 950 212 1020; x_wconf 88' lang='lat' dir='ltr'>tendum</span> <span class='ocrx_word' id='word_1_33' title='bbox 227 953 292 1034; x_wconf 86' lang='lat' dir='ltr'>sit,</span> <span class='ocrx_word' id='word_1_34' title='bbox 310 967 376 1018; x_wconf 83' lang='lat' dir='ltr'>tarn</span> <span class='ocrx_word' id='word_1_35' title='bbox 392 952 492 1044; x_wconf 79' lang='lat' dir='ltr'>longe</span> <span class='ocrx_word' id='word_1_36' title='bbox 508 967 578 1018; x_wconf 91' lang='lat' dir='ltr'>tum</span> <span class='ocrx_word' id='word_1_37' title='bbox 589 950 664 1019; x_wconf 86' lang='lat' dir='ltr'>illos</span> <span class='ocrx_word' id='word_1_38' title='bbox 678 951 722 1018; x_wconf 88' lang='lat' dir='ltr'>ab</span> <span class='ocrx_word' id='word_1_39' title='bbox 736 953 826 1019; x_wconf 90' lang='lat' dir='ltr'>omni</span> <span class='ocrx_word' id='word_1_40' title='bbox 839 950 994 1020; x_wconf 88' lang='lat' dir='ltr'>molestia</span> <span class='ocrx_word' id='word_1_41' title='bbox 1006 949 1138 1032; x_wconf 83' lang='lat' dir='ltr'>abesse,</span> 
     </span>
     <span class='ocr_line' id='line_1_6' title="bbox 18 1064 1143 1158; baseline -0.001 -26"><span class='ocrx_word' id='word_1_42' title='bbox 18 1075 23 1114; x_wconf 69' lang='lat' dir='ltr'>f</span> <span class='ocrx_word' id='word_1_43' title='bbox 79 1089 172 1158; x_wconf 84' lang='lat' dir='ltr'>quern</span> <span class='ocrx_word' id='word_1_44' title='bbox 192 1089 213 1133; x_wconf 83' lang='lat' dir='ltr'>s</span> <span class='ocrx_word' id='word_1_45' title='bbox 232 1067 320 1134; x_wconf 84' lang='lat' dir='ltr'>bons</span> <span class='ocrx_word' id='word_1_46' title='bbox 338 1081 451 1134; x_wconf 88' lang='lat' dir='ltr'>mente</span> <span class='ocrx_word' id='word_1_47' title='bbox 463 1070 477 1099; x_wconf 83' lang='lat'>²</span> <span class='ocrx_word' id='word_1_48' title='bbox 499 1081 557 1131; x_wconf 84' lang='lat' dir='ltr'>:et</span> <span class='ocrx_word' id='word_1_49' title='bbox 573 1064 687 1157; x_wconf 88' lang='lat' dir='ltr'>(quod</span> <span class='ocrx_word' id='word_1_50' title='bbox 702 1066 876 1158; x_wconf 87' lang='lat' dir='ltr'>plerisque</span> <span class='ocrx_word' id='word_1_51' title='bbox 890 1065 1078 1158; x_wconf 79' lang='lat' dir='ltr'>contingit)</span> <span class='ocrx_word' id='word_1_52' title='bbox 1089 1065 1143 1132; x_wconf 92' lang='lat' dir='ltr'>bi-</span> 
     </span>
     <span class='ocr_line' id='line_1_7' title="bbox 19 1175 1183 1273; baseline 0.003 -25"><span class='ocrx_word' id='word_1_53' title='bbox 19 1225 20 1228; x_wconf 59' lang='lat'><em>=</em></span> <span class='ocrx_word' id='word_1_54' title='bbox 80 1180 178 1249; x_wconf 79' lang='lat' dir='ltr'>larem</span> <span class='ocrx_word' id='word_1_55' title='bbox 194 1181 358 1249; x_wconf 83' lang='lat' dir='ltr'>insanium</span> <span class='ocrx_word' id='word_1_56' title='bbox 372 1181 534 1262; x_wconf 76' lang='lat' dir='ltr'>insanire,</span> <span class='ocrx_word' id='word_1_57' title='bbox 545 1204 585 1262; x_wconf 69' lang='lat' dir='ltr'>uc</span> <span class='ocrx_word' id='word_1_58' title='bbox 597 1204 661 1273; x_wconf 87' lang='lat' dir='ltr'>per</span> <span class='ocrx_word' id='word_1_59' title='bbox 670 1181 775 1248; x_wconf 87' lang='lat' dir='ltr'>risum</span> <span class='ocrx_word' id='word_1_60' title='bbox 791 1175 940 1250; x_wconf 82' lang='lat' dir='ltr'>furere³.</span> <span class='ocrx_word' id='word_1_61' title='bbox 952 1180 995 1248; x_wconf 80' lang='lat' dir='ltr'>At</span> <span class='ocrx_word' id='word_1_62' title='bbox 1008 1195 1139 1262; x_wconf 80' lang='lat' dir='ltr'>contra,</span> <span class='ocrx_word' id='word_1_63' title='bbox 1168 1221 1183 1252; x_wconf 65' lang='grc' dir='ltr'>ι</span> 
     </span>
     <span class='ocr_line' id='line_1_8' title="bbox 78 1292 1143 1388; baseline 0.001 -26"><span class='ocrx_word' id='word_1_64' title='bbox 78 1295 277 1388; x_wconf 80' lang='lat' dir='ltr'>sapientium</span> <span class='ocrx_word' id='word_1_65' title='bbox 312 1295 459 1363; x_wconf 68' lang='lat' dir='ltr'>renuissae</span> <span class='ocrx_word' id='word_1_66' title='bbox 490 1294 676 1386; x_wconf 79' lang='lat' dir='ltr'>voluptates</span> <span class='ocrx_word' id='word_1_67' title='bbox 705 1309 738 1360; x_wconf 89' lang='lat' dir='ltr'>et</span> <span class='ocrx_word' id='word_1_68' title='bbox 767 1292 950 1374; x_wconf 70' lang='lat' dir='ltr'>modestae,</span> <span class='ocrx_word' id='word_1_69' title='bbox 981 1318 1021 1362; x_wconf 84' lang='lat' dir='ltr'>ec</span> <span class='ocrx_word' id='word_1_70' title='bbox 1045 1317 1143 1386; x_wconf 78' lang='lat' dir='ltr'>paene</span> 
     </span>
     <span class='ocr_line' id='line_1_9' title="bbox 18 1409 1143 1506; baseline 0 -26"><span class='ocrx_word' id='word_1_71' title='bbox 18 1427 23 1464; x_wconf 66' lang='grc' dir='ltr'><strong>ῑ</strong></span> <span class='ocrx_word' id='word_1_72' title='bbox 79 1411 244 1506; x_wconf 71' lang='lat' dir='ltr'>languidae</span> <span class='ocrx_word' id='word_1_73' title='bbox 263 1427 342 1480; x_wconf 83' lang='lat' dir='ltr'>sunt</span> <span class='ocrx_word' id='word_1_74' title='bbox 357 1464 365 1494; x_wconf 88' lang='lat'><strong><em>,</em></strong></span> <span class='ocrx_word' id='word_1_75' title='bbox 384 1434 673 1505; x_wconf 63' lang='lat' dir='ltr'>compressaeque,</span> <span class='ocrx_word' id='word_1_76' title='bbox 690 1426 724 1478; x_wconf 90' lang='lat' dir='ltr'>et</span> <span class='ocrx_word' id='word_1_77' title='bbox 738 1412 793 1478; x_wconf 83' lang='lat' dir='ltr'>vix</span> <span class='ocrx_word' id='word_1_78' title='bbox 806 1411 973 1480; x_wconf 80' lang='lat' dir='ltr'>notabiles</span> <span class='ocrx_word' id='word_1_79' title='bbox 985 1409 997 1476; x_wconf 81' lang='lat'>¹:</span> <span class='ocrx_word' id='word_1_80' title='bbox 1014 1427 1052 1478; x_wconf 92' lang='lat' dir='ltr'>ut</span> <span class='ocrx_word' id='word_1_81' title='bbox 1066 1435 1143 1504; x_wconf 73' lang='lat' dir='ltr'>ques</span> 
     </span>
     <span class='ocr_line' id='line_1_10' title="bbox 19 1503 1139 1620; baseline -0.001 -26"><span class='ocrx_word' id='word_1_82' title='bbox 19 1577 20 1582; x_wconf 19' lang='grc' dir='ltr'>η</span> <span class='ocrx_word' id='word_1_83' title='bbox 78 1552 185 1620; x_wconf 89' lang='lat' dir='ltr'>neque</span> <span class='ocrx_word' id='word_1_84' title='bbox 198 1521 366 1598; x_wconf 76' lang='lat' dir='ltr'>uroessitae</span> <span class='ocrx_word' id='word_1_85' title='bbox 381 1529 538 1609; x_wconf 80' lang='lat' dir='ltr'>veniunt,</span> <span class='ocrx_word' id='word_1_86' title='bbox 552 1550 616 1594; x_wconf 89' lang='lat' dir='ltr'>nec</span> <span class='ocrx_word' id='word_1_87' title='bbox 630 1527 784 1618; x_wconf 86' lang='lat' dir='ltr'>quamvis</span> <span class='ocrx_word' id='word_1_88' title='bbox 799 1503 908 1620; x_wconf 56' lang='lat' dir='ltr'>per&#39;se</span> <span class='ocrx_word' id='word_1_89' title='bbox 922 1528 1139 1608; x_wconf 82' lang='lat' dir='ltr'>accesserint,</span> 
     </span>
     <span class='ocr_line' id='line_1_11' title="bbox 19 1641 1139 1735; baseline -0.001 -25"><span class='ocrx_word' id='word_1_90' title='bbox 19 1695 20 1700; x_wconf 18' lang='grc' dir='ltr'>η</span> <span class='ocrx_word' id='word_1_91' title='bbox 79 1643 252 1712; x_wconf 90' lang='lat' dir='ltr'>inhonore</span> <span class='ocrx_word' id='word_1_92' title='bbox 268 1645 347 1726; x_wconf 89' lang='lat' dir='ltr'>sint,</span> <span class='ocrx_word' id='word_1_93' title='bbox 362 1666 474 1734; x_wconf 90' lang='lat' dir='ltr'>neque</span> <span class='ocrx_word' id='word_1_94' title='bbox 484 1641 554 1711; x_wconf 93' lang='lat' dir='ltr'>ullo</span> <span class='ocrx_word' id='word_1_95' title='bbox 567 1641 690 1735; x_wconf 80' lang='lat' dir='ltr'>gaudio</span> <span class='ocrx_word' id='word_1_96' title='bbox 703 1641 964 1735; x_wconf 85' lang='lat' dir='ltr'>percipientium</span> <span class='ocrx_word' id='word_1_97' title='bbox 979 1657 1139 1735; x_wconf 77' lang='lat' dir='ltr'>exeeptoe.</span> 
     </span>
     <span class='ocr_line' id='line_1_12' title="bbox 77 1755 1143 1850; baseline 0.001 -25"><span class='ocrx_word' id='word_1_98' title='bbox 77 1760 218 1827; x_wconf 86' lang='lat' dir='ltr'>Miscent</span> <span class='ocrx_word' id='word_1_99' title='bbox 233 1759 324 1827; x_wconf 90' lang='lat' dir='ltr'>enim</span> <span class='ocrx_word' id='word_1_100' title='bbox 335 1757 428 1839; x_wconf 91' lang='lat' dir='ltr'>illas,</span> <span class='ocrx_word' id='word_1_101' title='bbox 442 1772 477 1824; x_wconf 89' lang='lat' dir='ltr'>et</span> <span class='ocrx_word' id='word_1_102' title='bbox 485 1757 706 1850; x_wconf 86' lang='lat' dir='ltr'>interponunt</span> <span class='ocrx_word' id='word_1_103' title='bbox 717 1757 791 1824; x_wconf 81' lang='lat' dir='ltr'>vitae</span> <span class='ocrx_word' id='word_1_104' title='bbox 805 1807 814 1838; x_wconf 86' lang='lat'>‚</span> <span class='ocrx_word' id='word_1_105' title='bbox 833 1774 869 1823; x_wconf 89' lang='lat' dir='ltr'>nt</span> <span class='ocrx_word' id='word_1_106' title='bbox 881 1755 998 1825; x_wconf 90' lang='lat' dir='ltr'>ludum</span> <span class='ocrx_word' id='word_1_107' title='bbox 1010 1757 1143 1849; x_wconf 86' lang='lat' dir='ltr'>jocum-</span> 
     </span>
     <span class='ocr_line' id='line_1_13' title="bbox 18 1866 1138 1966; baseline 0 -24"><span class='ocrx_word' id='word_1_108' title='bbox 18 1897 19 1920; x_wconf 83' lang='lat'>³</span> <span class='ocrx_word' id='word_1_109' title='bbox 74 1897 137 1964; x_wconf 86' lang='lat' dir='ltr'>que</span> <span class='ocrx_word' id='word_1_110' title='bbox 150 1875 245 1942; x_wconf 90' lang='lat' dir='ltr'>inter</span> <span class='ocrx_word' id='word_1_111' title='bbox 256 1875 357 1942; x_wconf 83' lang='lat' dir='ltr'>seria.</span> <span class='ocrx_word' id='word_1_112' title='bbox 370 1867 560 1942; x_wconf 77' lang='lat' dir='ltr'>Desinant⁴</span> <span class='ocrx_word' id='word_1_113' title='bbox 575 1896 657 1966; x_wconf 79' lang='lat' dir='ltr'>ergo</span> <span class='ocrx_word' id='word_1_114' title='bbox 673 1866 966 1941; x_wconf 86' lang='lat' dir='ltr'>inconvenientia⁵</span> <span class='ocrx_word' id='word_1_115' title='bbox 975 1873 1138 1966; x_wconf 77' lang='lat' dir='ltr'>jungere,</span> 
     </span>
     <span class='ocr_line' id='line_1_14' title="bbox 18 1980 1141 2083; baseline 0 -25"><span class='ocrx_word' id='word_1_116' title='bbox 18 2051 19 2058; x_wconf 74' lang='grc'>,</span> <span class='ocrx_word' id='word_1_117' title='bbox 74 2004 106 2057; x_wconf 91' lang='lat' dir='ltr'>et</span> <span class='ocrx_word' id='word_1_118' title='bbox 123 1990 242 2058; x_wconf 87' lang='lat' dir='ltr'>virtuti</span> <span class='ocrx_word' id='word_1_119' title='bbox 252 1988 456 2083; x_wconf 86' lang='lat' dir='ltr'>voluptutem</span> <span class='ocrx_word' id='word_1_120' title='bbox 476 1988 664 2082; x_wconf 83' lang='lat' dir='ltr'>implicare,</span> <span class='ocrx_word' id='word_1_121' title='bbox 683 2012 746 2082; x_wconf 91' lang='lat' dir='ltr'>per</span> <span class='ocrx_word' id='word_1_122' title='bbox 764 1980 879 2080; x_wconf 80' lang='lat' dir='ltr'>quod⁶</span> <span class='ocrx_word' id='word_1_123' title='bbox 898 1990 1016 2059; x_wconf 82' lang='lat' dir='ltr'>vitium</span> <span class='ocrx_word' id='word_1_124' title='bbox 1035 1989 1141 2082; x_wconf 86' lang='lat' dir='ltr'>pessi·</span> 
     </span>
     <span class='ocr_line' id='line_1_15' title="bbox 74 2104 1181 2199; baseline 0.001 -26"><span class='ocrx_word' id='word_1_125' title='bbox 74 2108 133 2174; x_wconf 88' lang='lat' dir='ltr'>mis</span> <span class='ocrx_word' id='word_1_126' title='bbox 156 2106 351 2199; x_wconf 80' lang='lat' dir='ltr'>quibusque</span> <span class='ocrx_word' id='word_1_127' title='bbox 378 2104 573 2174; x_wconf 77' lang='lat' dir='ltr'>adulantur.</span> <span class='ocrx_word' id='word_1_128' title='bbox 606 2105 668 2172; x_wconf 85' lang='lat' dir='ltr'>llle</span> <span class='ocrx_word' id='word_1_129' title='bbox 695 2105 825 2174; x_wconf 79' lang='lat' dir='ltr'>ellusus</span> <span class='ocrx_word' id='word_1_130' title='bbox 850 2106 884 2174; x_wconf 89' lang='lat' dir='ltr'>in</span> <span class='ocrx_word' id='word_1_131' title='bbox 917 2106 1135 2199; x_wconf 78' lang='lat' dir='ltr'>voluptates,</span> <span class='ocrx_word' id='word_1_132' title='bbox 1165 2139 1181 2190; x_wconf 73' lang='lat'>3</span> 
     </span>
    </p>
   </div>
   <div class='ocr_carea' id='block_1_3' title="bbox 72 2221 1139 2430">
    <p class='ocr_par' dir='ltr' id='par_1_3' title="bbox 72 2221 1139 2430">
     <span class='ocr_line' id='line_1_16' title="bbox 73 2221 1139 2316; baseline 0.003 -26"><span class='ocrx_word' id='word_1_133' title='bbox 73 2221 329 2316; x_wconf 76' lang='lat' dir='ltr'>reptabundus⁷</span> <span class='ocrx_word' id='word_1_134' title='bbox 359 2245 492 2314; x_wconf 80' lang='lat' dir='ltr'>semper</span> <span class='ocrx_word' id='word_1_135' title='bbox 516 2237 618 2313; x_wconf 84' lang='lat' dir='ltr'>atque</span> <span class='ocrx_word' id='word_1_136' title='bbox 644 2221 780 2305; x_wconf 88' lang='lat' dir='ltr'>ebrius,</span> <span class='ocrx_word' id='word_1_137' title='bbox 810 2225 890 2316; x_wconf 87' lang='lat' dir='ltr'>quin</span> <span class='ocrx_word' id='word_1_138' title='bbox 914 2224 977 2292; x_wconf 89' lang='lat' dir='ltr'>scit</span> <span class='ocrx_word' id='word_1_139' title='bbox 1000 2248 1035 2291; x_wconf 88' lang='lat' dir='ltr'>se</span> <span class='ocrx_word' id='word_1_140' title='bbox 1062 2249 1139 2293; x_wconf 87' lang='lat' dir='ltr'>oum</span> 
     </span>
     <span class='ocr_line' id='line_1_17' title="bbox 72 2333 1137 2430; baseline 0.005 -29"><span class='ocrx_word' id='word_1_141' title='bbox 72 2337 242 2430; x_wconf 82' lang='lat' dir='ltr'>voluptate</span> <span class='ocrx_word' id='word_1_142' title='bbox 270 2337 408 2418; x_wconf 86' lang='lat' dir='ltr'>vivere,</span> <span class='ocrx_word' id='word_1_143' title='bbox 440 2333 550 2404; x_wconf 88' lang='lat' dir='ltr'>credit</span> <span class='ocrx_word' id='word_1_144' title='bbox 578 2350 709 2404; x_wconf 86' lang='lat' dir='ltr'>etcum</span> <span class='ocrx_word' id='word_1_145' title='bbox 734 2338 859 2404; x_wconf 86' lang='lat' dir='ltr'>virtute</span> <span class='ocrx_word' id='word_1_146' title='bbox 888 2363 895 2404; x_wconf 91' lang='lat'>:</span> <span class='ocrx_word' id='word_1_147' title='bbox 921 2336 1024 2406; x_wconf 85' lang='lat' dir='ltr'>audit.</span> <span class='ocrx_word' id='word_1_148' title='bbox 1046 2338 1137 2406; x_wconf 89' lang='lat' dir='ltr'>enirn</span> 
     </span>
    </p>
   </div>
   <div class='ocr_carea' id='block_1_4' title="bbox 67 2449 1176 3009">
    <p class='ocr_par' dir='ltr' id='par_1_4' title="bbox 67 2449 1176 3009">
     <span class='ocr_line' id='line_1_18' title="bbox 72 2449 1136 2545; baseline 0.004 -30"><span class='ocrx_word' id='word_1_149' title='bbox 72 2450 274 2545; x_wconf 81' lang='lat' dir='ltr'>voluptatem</span> <span class='ocrx_word' id='word_1_150' title='bbox 305 2450 430 2518; x_wconf 88' lang='lat' dir='ltr'>virtute</span> <span class='ocrx_word' id='word_1_151' title='bbox 457 2451 609 2543; x_wconf 84' lang='lat' dir='ltr'>separari</span> <span class='ocrx_word' id='word_1_152' title='bbox 634 2475 701 2517; x_wconf 91' lang='lat' dir='ltr'>non</span> <span class='ocrx_word' id='word_1_153' title='bbox 730 2473 828 2543; x_wconf 82' lang='lat' dir='ltr'>posse</span> <span class='ocrx_word' id='word_1_154' title='bbox 857 2477 864 2516; x_wconf 93' lang='lat'>:</span> <span class='ocrx_word' id='word_1_155' title='bbox 896 2449 1030 2518; x_wconf 83' lang='lat' dir='ltr'>deiude</span> <span class='ocrx_word' id='word_1_156' title='bbox 1044 2450 1136 2519; x_wconf 83' lang='lat' dir='ltr'>vitiis</span> 
     </span>
     <span class='ocr_line' id='line_1_19' title="bbox 70 2565 1137 2660; baseline 0.001 -27"><span class='ocrx_word' id='word_1_157' title='bbox 70 2567 137 2636; x_wconf 88' lang='lat' dir='ltr'>euis</span> <span class='ocrx_word' id='word_1_158' title='bbox 155 2567 355 2660; x_wconf 84' lang='lat' dir='ltr'>sapientiam</span> <span class='ocrx_word' id='word_1_159' title='bbox 373 2566 550 2646; x_wconf 72' lang='lat' dir='ltr'>inscribit,</span> <span class='ocrx_word' id='word_1_160' title='bbox 572 2583 608 2634; x_wconf 91' lang='lat' dir='ltr'>et</span> <span class='ocrx_word' id='word_1_161' title='bbox 623 2565 858 2636; x_wconf 82' lang='lat' dir='ltr'>abscondenda</span> <span class='ocrx_word' id='word_1_162' title='bbox 873 2567 1071 2660; x_wconf 51' lang='lat' dir='ltr'>profiteturn</span> <span class='ocrx_word' id='word_1_163' title='bbox 1086 2565 1137 2634; x_wconf 80' lang='lat' dir='ltr'>lu</span> 
     </span>
     <span class='ocr_line' id='line_1_20' title="bbox 71 2680 1134 2775; baseline 0.002 -27"><span class='ocrx_word' id='word_1_164' title='bbox 71 2705 136 2749; x_wconf 91' lang='lat' dir='ltr'>non</span> <span class='ocrx_word' id='word_1_165' title='bbox 159 2682 204 2749; x_wconf 81' lang='lat' dir='ltr'>ab</span> <span class='ocrx_word' id='word_1_166' title='bbox 231 2683 377 2775; x_wconf 82' lang='lat' dir='ltr'>Epicuro</span> <span class='ocrx_word' id='word_1_167' title='bbox 402 2681 799 2775; x_wconf 76' lang='lat' dir='ltr'>impulsiluxuriantur,</span> <span class='ocrx_word' id='word_1_168' title='bbox 829 2681 889 2750; x_wconf 89' lang='lat' dir='ltr'>sed</span> <span class='ocrx_word' id='word_1_169' title='bbox 913 2684 1004 2752; x_wconf 89' lang='lat' dir='ltr'>vitiis</span> <span class='ocrx_word' id='word_1_170' title='bbox 1027 2680 1134 2750; x_wconf 79' lang='lat' dir='ltr'>dediti</span> 
     </span>
     <span class='ocr_line' id='line_1_21' title="bbox 70 2797 1135 2890; baseline 0.003 -25"><span class='ocrx_word' id='word_1_171' title='bbox 70 2798 235 2867; x_wconf 81' lang='lat' dir='ltr'>luxurium</span> <span class='ocrx_word' id='word_1_172' title='bbox 264 2823 357 2868; x_wconf 81' lang='lat' dir='ltr'>strum</span> <span class='ocrx_word' id='word_1_173' title='bbox 377 2800 412 2867; x_wconf 94' lang='lat' dir='ltr'>in</span> <span class='ocrx_word' id='word_1_174' title='bbox 432 2797 652 2890; x_wconf 79' lang='lat' dir='ltr'>pbilosophioe</span> <span class='ocrx_word' id='word_1_175' title='bbox 678 2800 754 2866; x_wconf 89' lang='lat' dir='ltr'>sinu</span> <span class='ocrx_word' id='word_1_176' title='bbox 776 2798 1009 2880; x_wconf 79' lang='lat' dir='ltr'>abscondunt,</span> <span class='ocrx_word' id='word_1_177' title='bbox 1032 2815 1066 2867; x_wconf 86' lang='lat' dir='ltr'>et</span> <span class='ocrx_word' id='word_1_178' title='bbox 1094 2823 1135 2868; x_wconf 88' lang='lat' dir='ltr'>eo</span> 
     </span>
     <span class='ocr_line' id='line_1_22' title="bbox 67 2913 1176 3009; baseline -0.001 -25"><span class='ocrx_word' id='word_1_179' title='bbox 67 2933 293 2996; x_wconf 87' lang='lat' dir='ltr'>concurrunt,</span> <span class='ocrx_word' id='word_1_180' title='bbox 317 2917 375 2984; x_wconf 91' lang='lat' dir='ltr'>ubi</span> <span class='ocrx_word' id='word_1_181' title='bbox 392 2913 536 2985; x_wconf 82' lang='lat' dir='ltr'>audiunt</span> <span class='ocrx_word' id='word_1_182' title='bbox 558 2915 688 2984; x_wconf 86' lang='lat' dir='ltr'>laudari</span> <span class='ocrx_word' id='word_1_183' title='bbox 708 2916 927 3009; x_wconf 84' lang='lat' dir='ltr'>voluptatem.</span> <span class='ocrx_word' id='word_1_184' title='bbox 949 2918 1021 2985; x_wconf 88' lang='lat' dir='ltr'>Nec</span> <span class='ocrx_word' id='word_1_185' title='bbox 1045 2920 1134 2984; x_wconf 82' lang='lat' dir='ltr'>aesti-</span> <span class='ocrx_word' id='word_1_186' title='bbox 1159 2939 1176 3005; x_wconf 74' lang='lat'><strong><em>4</em></strong></span> 
     </span>
    </p>
   </div>
   <div class='ocr_carea' id='block_1_5' title="bbox 57 3099 1247 4349">
    <p class='ocr_par' dir='ltr' id='par_1_5' title="bbox 57 3099 1247 4349">
     <span class='ocr_line' id='line_1_23' title="bbox 102 3099 1134 3179; baseline 0.003 -25"><span class='ocrx_word' id='word_1_187' title='bbox 102 3123 121 3154; x_wconf 88' lang='grc' dir='ltr'>ι.</span> <span class='ocrx_word' id='word_1_188' title='bbox 129 3103 289 3173; x_wconf 77' lang='lat' dir='ltr'>lnoequales.</span> <span class='ocrx_word' id='word_1_189' title='bbox 299 3105 358 3156; x_wconf 86' lang='lat' dir='ltr'>Non</span> <span class='ocrx_word' id='word_1_190' title='bbox 367 3101 461 3154; x_wconf 78' lang='lat' dir='ltr'>similes</span> <span class='ocrx_word' id='word_1_191' title='bbox 470 3121 537 3166; x_wconf 87' lang='lat' dir='ltr'>,non</span> <span class='ocrx_word' id='word_1_192' title='bbox 545 3121 576 3154; x_wconf 84' lang='lat' dir='ltr'>te·</span> <span class='ocrx_word' id='word_1_193' title='bbox 623 3099 753 3159; x_wconf 76' lang='lat' dir='ltr'>homines.</span> <span class='ocrx_word' id='word_1_194' title='bbox 764 3105 808 3173; x_wconf 87' lang='lat' dir='ltr'>qui</span> <span class='ocrx_word' id='word_1_195' title='bbox 823 3103 924 3176; x_wconf 77' lang='lat' dir='ltr'>Epicuri</span> <span class='ocrx_word' id='word_1_196' title='bbox 937 3117 1057 3179; x_wconf 69' lang='lat' dir='ltr'>precepta</span> <span class='ocrx_word' id='word_1_197' title='bbox 1068 3125 1134 3158; x_wconf 82' lang='lat' dir='ltr'>exet·</span> 
     </span>
     <span class='ocr_line' id='line_1_24' title="bbox 65 3178 923 3254; baseline 0.002 -24"><span class='ocrx_word' id='word_1_198' title='bbox 65 3179 151 3250; x_wconf 75' lang='lat' dir='ltr'>quales</span> <span class='ocrx_word' id='word_1_199' title='bbox 163 3178 212 3231; x_wconf 84' lang='lat' dir='ltr'>sibi</span> <span class='ocrx_word' id='word_1_200' title='bbox 220 3220 228 3247; x_wconf 85' lang='lat'><em>,</em></span> <span class='ocrx_word' id='word_1_201' title='bbox 241 3179 333 3254; x_wconf 90' lang='lat' dir='ltr'>qnippe</span> <span class='ocrx_word' id='word_1_202' title='bbox 346 3179 391 3248; x_wconf 86' lang='lat' dir='ltr'>qui</span> <span class='ocrx_word' id='word_1_203' title='bbox 408 3198 467 3232; x_wconf 86' lang='lat' dir='ltr'>mox</span> <span class='ocrx_word' id='word_1_204' title='bbox 481 3178 507 3230; x_wconf 81' lang='lat' dir='ltr'>itl</span> <span class='ocrx_word' id='word_1_205' title='bbox 523 3179 576 3231; x_wconf 85' lang='lat' dir='ltr'>cul·</span> <span class='ocrx_word' id='word_1_206' title='bbox 625 3197 679 3229; x_wconf 84' lang='lat' dir='ltr'>uere</span> <span class='ocrx_word' id='word_1_207' title='bbox 690 3198 715 3230; x_wconf 84' lang='lat' dir='ltr'>se</span> <span class='ocrx_word' id='word_1_208' title='bbox 728 3198 780 3252; x_wconf 81' lang='lat' dir='ltr'>prre</span> <span class='ocrx_word' id='word_1_209' title='bbox 792 3200 819 3232; x_wconf 86' lang='lat' dir='ltr'>se</span> <span class='ocrx_word' id='word_1_210' title='bbox 831 3181 923 3233; x_wconf 82' lang='lat' dir='ltr'>lerunt.</span> 
     </span>
     <span class='ocr_line' id='line_1_25' title="bbox 64 3256 1133 3332; baseline 0.007 -24"><span class='ocrx_word' id='word_1_211' title='bbox 64 3256 147 3328; x_wconf 70' lang='lat' dir='ltr'>poturi</span> <span class='ocrx_word' id='word_1_212' title='bbox 163 3270 222 3309; x_wconf 83' lang='lat' dir='ltr'>sunt</span> <span class='ocrx_word' id='word_1_213' title='bbox 236 3257 304 3330; x_wconf 85' lang='lat' dir='ltr'>quod</span> <span class='ocrx_word' id='word_1_214' title='bbox 324 3278 404 3332; x_wconf 80' lang='lat' dir='ltr'>nuper</span> <span class='ocrx_word' id='word_1_215' title='bbox 420 3256 573 3330; x_wconf 75' lang='lat' dir='ltr'>probavere,</span> <span class='ocrx_word' id='word_1_216' title='bbox 657 3260 678 3308; x_wconf 90' lang='lat'>5.</span> <span class='ocrx_word' id='word_1_217' title='bbox 695 3259 910 3312; x_wconf 76' lang='lat' dir='ltr'>Inconoenr&#39;entr‘o.</span> <span class='ocrx_word' id='word_1_218' title='bbox 923 3259 957 3314; x_wconf 87' lang='lat' dir='ltr'>ll.</span> <span class='ocrx_word' id='word_1_219' title='bbox 971 3281 993 3314; x_wconf 82' lang='lat' dir='ltr'>e.</span> <span class='ocrx_word' id='word_1_220' title='bbox 1005 3281 1043 3314; x_wconf 86' lang='lat' dir='ltr'>res</span> <span class='ocrx_word' id='word_1_221' title='bbox 1054 3262 1133 3316; x_wconf 77' lang='lat' dir='ltr'>‹lisso-</span> 
     </span>
     <span class='ocr_line' id='line_1_26' title="bbox 64 3333 1131 3408; baseline 0.008 -22"><span class='ocrx_word' id='word_1_222' title='bbox 64 3347 88 3386; x_wconf 80' lang='lat' dir='ltr'>et</span> <span class='ocrx_word' id='word_1_223' title='bbox 105 3333 176 3387; x_wconf 85' lang='lat' dir='ltr'>illius</span> <span class='ocrx_word' id='word_1_224' title='bbox 189 3335 226 3388; x_wconf 87' lang='lat' dir='ltr'>tei</span> <span class='ocrx_word' id='word_1_225' title='bbox 242 3334 416 3408; x_wconf 66' lang='lat' dir='ltr'>poenitentiam</span> <span class='ocrx_word' id='word_1_226' title='bbox 429 3333 575 3406; x_wconf 71' lang='lat' dir='ltr'>acturique</span> <span class='ocrx_word' id='word_1_227' title='bbox 624 3333 724 3388; x_wconf 83' lang='lat' dir='ltr'>eiabiles</span> <span class='ocrx_word' id='word_1_228' title='bbox 733 3349 757 3388; x_wconf 91' lang='lat' dir='ltr'>et</span> <span class='ocrx_word' id='word_1_229' title='bbox 764 3356 821 3408; x_wconf 72' lang='lat' dir='ltr'>quse</span> <span class='ocrx_word' id='word_1_230' title='bbox 829 3338 975 3405; x_wconf 83' lang='lat' dir='ltr'>convenire,</span> <span class='ocrx_word' id='word_1_231' title='bbox 984 3340 1131 3405; x_wconf 77' lang='lat' dir='ltr'>coalescere,</span> 
     </span>
     <span class='ocr_line' id='line_1_27' title="bbox 64 3412 1115 3540; baseline 0.01 -77"><span class='ocrx_word' id='word_1_232' title='bbox 64 3424 194 3540; x_wconf 48' lang='lat' dir='ltr'>tantopere</span> <span class='ocrx_word' id='word_1_233' title='bbox 204 3412 305 3486; x_wconf 67' lang='lat' dir='ltr'>placuit.</span> <span class='ocrx_word' id='word_1_234' title='bbox 624 3433 674 3465; x_wconf 88' lang='lat' dir='ltr'>non</span> <span class='ocrx_word' id='word_1_235' title='bbox 688 3430 797 3486; x_wconf 82' lang='lat' dir='ltr'>possunt.</span> <span class='ocrx_word' id='word_1_236' title='bbox 809 3416 900 3470; x_wconf 74' lang='lat' dir='ltr'>Gallie.</span> <span class='ocrx_word' id='word_1_237' title='bbox 911 3420 1115 3486; x_wconf 78' lang='lat' dir='ltr'>incompatibles.</span> 
     </span>
     <span class='ocr_line' id='line_1_28' title="bbox 95 3489 1131 3568; baseline 0.012 -28"><span class='ocrx_word' id='word_1_238' title='bbox 95 3509 119 3540; x_wconf 80' lang='lat'>2.</span> <span class='ocrx_word' id='word_1_239' title='bbox 159 3489 433 3542; x_wconf 70' lang='lat' dir='ltr'>anamuvinuu.</span> <span class='ocrx_word' id='word_1_240' title='bbox 656 3489 742 3544; x_wconf 81' lang='lat' dir='ltr'>bPer</span> <span class='ocrx_word' id='word_1_241' title='bbox 751 3496 829 3563; x_wconf 81' lang='lat' dir='ltr'>quod.</span> <span class='ocrx_word' id='word_1_242' title='bbox 839 3497 860 3548; x_wconf 92' lang='lat'>1.</span> <span class='ocrx_word' id='word_1_243' title='bbox 872 3515 894 3546; x_wconf 92' lang='lat' dir='ltr'>e.</span> <span class='ocrx_word' id='word_1_244' title='bbox 908 3516 952 3567; x_wconf 90' lang='lat' dir='ltr'>per</span> <span class='ocrx_word' id='word_1_245' title='bbox 961 3517 1036 3568; x_wconf 76' lang='lat' dir='ltr'>quem</span> <span class='ocrx_word' id='word_1_246' title='bbox 1046 3498 1131 3552; x_wconf 79' lang='lat' dir='ltr'>tocie-</span> 
     </span>
     <span class='ocr_line' id='line_1_29' title="bbox 95 3565 706 3636; baseline 0.003 -18"><span class='ocrx_word' id='word_1_247' title='bbox 95 3565 119 3618; x_wconf 83' lang='lat'>3.</span> <span class='ocrx_word' id='word_1_248' title='bbox 133 3565 260 3621; x_wconf 68' lang='lat' dir='ltr'>Hilarem</span> <span class='ocrx_word' id='word_1_249' title='bbox 274 3569 443 3636; x_wconf 65' lang='lat' dir='ltr'>iterandam...</span> <span class='ocrx_word' id='word_1_250' title='bbox 453 3605 469 3617; x_wconf 90' lang='lat'>..</span> <span class='ocrx_word' id='word_1_251' title='bbox 475 3567 573 3634; x_wconf 77' lang='lat' dir='ltr'>suren.</span> <span class='ocrx_word' id='word_1_252' title='bbox 622 3579 706 3620; x_wconf 78' lang='lat' dir='ltr'>tatem.</span> 
     </span>
     <span class='ocr_line' id='line_1_30' title="bbox 61 3643 1130 3725; baseline 0.011 -30"><span class='ocrx_word' id='word_1_253' title='bbox 61 3643 119 3697; x_wconf 87' lang='lat' dir='ltr'>lloc</span> <span class='ocrx_word' id='word_1_254' title='bbox 131 3643 200 3697; x_wconf 86' lang='lat' dir='ltr'>enirn</span> <span class='ocrx_word' id='word_1_255' title='bbox 208 3645 325 3714; x_wconf 75' lang='lat' dir='ltr'>voluptas</span> <span class='ocrx_word' id='word_1_256' title='bbox 333 3646 458 3718; x_wconf 79' lang='lat' dir='ltr'>erstepntl</span> <span class='ocrx_word' id='word_1_257' title='bbox 468 3657 572 3709; x_wconf 79' lang='lat' dir='ltr'>veteres,</span> <span class='ocrx_word' id='word_1_258' title='bbox 586 3715 588 3718; x_wconf 84' lang='lat'>.</span> <span class='ocrx_word' id='word_1_259' title='bbox 652 3646 1130 3725; x_wconf 75' lang='lat' dir='ltr'>7.Replobundus.Pincieniconjectu·</span> 
     </span>
     <span class='ocr_line' id='line_1_31' title="bbox 62 3721 1129 3804; baseline 0.011 -32"><span class='ocrx_word' id='word_1_260' title='bbox 62 3721 188 3786; x_wconf 72' lang='lat' dir='ltr'>insanire,</span> <span class='ocrx_word' id='word_1_261' title='bbox 196 3725 286 3776; x_wconf 77' lang='lat' dir='ltr'>furere.</span> <span class='ocrx_word' id='word_1_262' title='bbox 298 3727 433 3776; x_wconf 71' lang='lat' dir='ltr'>Anacreon</span> <span class='ocrx_word' id='word_1_263' title='bbox 440 3743 513 3796; x_wconf 76' lang='lat' dir='ltr'>supra</span> <span class='ocrx_word' id='word_1_264' title='bbox 522 3723 573 3776; x_wconf 81' lang='lat' dir='ltr'>leu-</span> <span class='ocrx_word' id='word_1_265' title='bbox 620 3727 1129 3804; x_wconf 76' lang='lat' dir='ltr'>rsest,aGronovioreeteprobals.Codtl.</span> 
     </span>
     <span class='ocr_line' id='line_1_32' title="bbox 60 3799 1128 3873; baseline 0.009 -20"><span class='ocrx_word' id='word_1_266' title='bbox 60 3799 135 3853; x_wconf 72' lang='lat' dir='ltr'>datus</span> <span class='ocrx_word' id='word_1_267' title='bbox 153 3818 160 3851; x_wconf 75' lang='grc' dir='ltr'><strong>ε</strong></span> <span class='ocrx_word' id='word_1_268' title='bbox 179 3803 266 3866; x_wconf 75' lang='lat' dir='ltr'>olle,</span> <span class='ocrx_word' id='word_1_269' title='bbox 284 3805 342 3855; x_wconf 74' lang='lat' dir='ltr'>fle&#39;le</span> <span class='ocrx_word' id='word_1_270' title='bbox 360 3813 466 3868; x_wconf 70' lang='grc' dir='ltr'>μνῒινω.</span> <span class='ocrx_word' id='word_1_271' title='bbox 484 3803 572 3854; x_wconf 77' lang='lat' dir='ltr'>lloret.</span> <span class='ocrx_word' id='word_1_272' title='bbox 621 3821 708 3854; x_wconf 83' lang='lat' dir='ltr'>omnes</span> <span class='ocrx_word' id='word_1_273' title='bbox 721 3821 727 3854; x_wconf 75' lang='grc' dir='ltr'>ε</span> <span class='ocrx_word' id='word_1_274' title='bbox 740 3806 937 3873; x_wconf 77' lang='lat' dir='ltr'>reptabundus,</span> <span class='ocrx_word' id='word_1_275' title='bbox 956 3806 1028 3860; x_wconf 87' lang='lat' dir='ltr'>nullo</span> <span class='ocrx_word' id='word_1_276' title='bbox 1046 3829 1128 3863; x_wconf 80' lang='lat' dir='ltr'>sensu.</span> 
     </span>
     <span class='ocr_line' id='line_1_33' title="bbox 60 3879 1130 3951; baseline 0.007 -20"><span class='ocrx_word' id='word_1_277' title='bbox 60 3879 173 3932; x_wconf 80' lang='lat' dir='ltr'>centies:</span> <span class='ocrx_word' id='word_1_278' title='bbox 183 3879 319 3932; x_wconf 78' lang='lat' dir='ltr'>«lmrnire</span> <span class='ocrx_word' id='word_1_279' title='bbox 330 3879 410 3950; x_wconf 70' lang='lat' dir='ltr'>juvet!</span> <span class='ocrx_word' id='word_1_280' title='bbox 422 3879 484 3951; x_wconf 87' lang='lat' dir='ltr'>quid</span> <span class='ocrx_word' id='word_1_281' title='bbox 496 3881 572 3933; x_wconf 88' lang='lat' dir='ltr'>Bere·</span> <span class='ocrx_word' id='word_1_282' title='bbox 621 3879 767 3934; x_wconf 78' lang='lat' dir='ltr'>Gronovius</span> <span class='ocrx_word' id='word_1_283' title='bbox 775 3894 861 3935; x_wconf 72' lang='lat' dir='ltr'>temen</span> <span class='ocrx_word' id='word_1_284' title='bbox 873 3902 931 3936; x_wconf 86' lang='lat' dir='ltr'>eum</span> <span class='ocrx_word' id='word_1_285' title='bbox 937 3882 1055 3938; x_wconf 80' lang='lat' dir='ltr'>Rubenio</span> <span class='ocrx_word' id='word_1_286' title='bbox 1066 3906 1130 3939; x_wconf 84' lang='lat' dir='ltr'>cou-</span> 
     </span>
     <span class='ocr_line' id='line_1_34' title="bbox 59 3954 1247 4036; baseline 0.01 -29"><span class='ocrx_word' id='word_1_287' title='bbox 59 3954 166 4030; x_wconf 76' lang='lat' dir='ltr'>eyntbis</span> <span class='ocrx_word' id='word_1_288' title='bbox 177 3969 255 4010; x_wconf 69' lang='lat' dir='ltr'>catat</span> <span class='ocrx_word' id='word_1_289' title='bbox 266 3955 349 4010; x_wconf 79' lang='lat' dir='ltr'>listuln</span> <span class='ocrx_word' id='word_1_290' title='bbox 357 3976 415 4010; x_wconf 86' lang='lat' dir='ltr'>eum</span> <span class='ocrx_word' id='word_1_291' title='bbox 427 3957 482 4028; x_wconf 74' lang='lat' dir='ltr'>lyra</span> <span class='ocrx_word' id='word_1_292' title='bbox 491 3956 519 4012; x_wconf 76' lang='grc' dir='ltr'>Ι.</span> <span class='ocrx_word' id='word_1_293' title='bbox 528 3995 567 4011; x_wconf 89' lang='grc'>...</span> <span class='ocrx_word' id='word_1_294' title='bbox 619 3958 680 4032; x_wconf 82' lang='lat' dir='ltr'>jecit</span> <span class='ocrx_word' id='word_1_295' title='bbox 688 3959 887 4027; x_wconf 71' lang='lat' dir='ltr'>ztaptahundns.</span> <span class='ocrx_word' id='word_1_296' title='bbox 897 3961 939 4012; x_wconf 78' lang='lat' dir='ltr'>sel</span> <span class='ocrx_word' id='word_1_297' title='bbox 951 3961 1053 4036; x_wconf 73' lang='lat' dir='ltr'>vulgale</span> <span class='ocrx_word' id='word_1_298' title='bbox 1065 3962 1128 4018; x_wconf 83' lang='lat' dir='ltr'>bene</span> <span class='ocrx_word' id='word_1_299' title='bbox 1243 4023 1247 4030; x_wconf 59' lang='lat'><strong><em>‚</em></strong></span> 
     </span>
     <span class='ocr_line' id='line_1_35' title="bbox 61 4031 1128 4112; baseline 0.012 -29"><span class='ocrx_word' id='word_1_300' title='bbox 61 4031 158 4085; x_wconf 68' lang='lat' dir='ltr'>Audiet</span> <span class='ocrx_word' id='word_1_301' title='bbox 175 4035 327 4088; x_wconf 85' lang='lat' dir='ltr'>Dementem</span> <span class='ocrx_word' id='word_1_302' title='bbox 343 4035 473 4108; x_wconf 76' lang='lat' dir='ltr'>strepitum</span> <span class='ocrx_word' id='word_1_303' title='bbox 489 4037 572 4110; x_wconf 77' lang='lat' dir='ltr'>Lycus</span> <span class='ocrx_word' id='word_1_304' title='bbox 619 4035 702 4090; x_wconf 76' lang='lat' dir='ltr'>bebet-</span> <span class='ocrx_word' id='word_1_305' title='bbox 708 4037 913 4112; x_wconf 73' lang='lat' dir='ltr'>Reptarenptum</span> <span class='ocrx_word' id='word_1_306' title='bbox 920 4039 1072 4093; x_wconf 71' lang='lat' dir='ltr'>vocabulum</span> <span class='ocrx_word' id='word_1_307' title='bbox 1079 4055 1128 4109; x_wconf 76' lang='lat' dir='ltr'>est,</span> 
     </span>
     <span class='ocr_line' id='line_1_36' title="bbox 58 4109 1133 4188; baseline 0.011 -29"><span class='ocrx_word' id='word_1_308' title='bbox 58 4111 92 4160; x_wconf 84' lang='lat' dir='ltr'>Et</span> <span class='ocrx_word' id='word_1_309' title='bbox 101 4109 195 4164; x_wconf 74' lang='lat' dir='ltr'>vicine.</span> <span class='ocrx_word' id='word_1_310' title='bbox 204 4135 216 4158; x_wconf 74' lang='grc' dir='ltr'><strong>υ</strong></span> <span class='ocrx_word' id='word_1_311' title='bbox 228 4112 341 4165; x_wconf 76' lang='lat' dir='ltr'>eumin.</span> <span class='ocrx_word' id='word_1_312' title='bbox 351 4113 394 4166; x_wconf 92' lang='lat' dir='ltr'>lib.</span> <span class='ocrx_word' id='word_1_313' title='bbox 410 4113 455 4178; x_wconf 85' lang='grc' dir='ltr'>ΙΙΙ,</span> <span class='ocrx_word' id='word_1_314' title='bbox 467 4113 516 4170; x_wconf 82' lang='lat' dir='ltr'>Od.</span> <span class='ocrx_word' id='word_1_315' title='bbox 530 4132 569 4185; x_wconf 80' lang='lat'>19,</span> <span class='ocrx_word' id='word_1_316' title='bbox 620 4116 735 4170; x_wconf 82' lang='lat' dir='ltr'>Gronov.</span> <span class='ocrx_word' id='word_1_317' title='bbox 743 4118 862 4179; x_wconf 81' lang='lat' dir='ltr'>docente.</span> <span class='ocrx_word' id='word_1_318' title='bbox 871 4117 903 4170; x_wconf 81' lang='lat' dir='ltr'>tle</span> <span class='ocrx_word' id='word_1_319' title='bbox 912 4117 943 4170; x_wconf 85' lang='lat' dir='ltr'>iis</span> <span class='ocrx_word' id='word_1_320' title='bbox 952 4159 959 4186; x_wconf 89' lang='lat'><em>,</em></span> <span class='ocrx_word' id='word_1_321' title='bbox 968 4117 1026 4188; x_wconf 84' lang='lat' dir='ltr'>qui,</span> <span class='ocrx_word' id='word_1_322' title='bbox 1038 4117 1098 4170; x_wconf 84' lang='lat' dir='ltr'>luxu</span> <span class='ocrx_word' id='word_1_323' title='bbox 1106 4133 1133 4176; x_wconf 85' lang='lat' dir='ltr'>et</span> 
     </span>
     <span class='ocr_line' id='line_1_37' title="bbox 57 4187 1130 4259; baseline 0.011 -23"><span class='ocrx_word' id='word_1_324' title='bbox 57 4207 95 4238; x_wconf 78' lang='lat' dir='ltr'>vs.</span> <span class='ocrx_word' id='word_1_325' title='bbox 109 4187 146 4239; x_wconf 77' lang='lat'>18.</span> <span class='ocrx_word' id='word_1_326' title='bbox 362 4243 366 4258; x_wconf 62' lang='grc'>,</span> <span class='ocrx_word' id='word_1_327' title='bbox 623 4193 730 4247; x_wconf 80' lang='lat' dir='ltr'>libidine</span> <span class='ocrx_word' id='word_1_328' title='bbox 741 4194 816 4248; x_wconf 80' lang='lat' dir='ltr'>soluti</span> <span class='ocrx_word' id='word_1_329' title='bbox 830 4231 838 4259; x_wconf 85' lang='lat'>,</span> <span class='ocrx_word' id='word_1_330' title='bbox 855 4195 972 4250; x_wconf 82' lang='lat' dir='ltr'>morbum</span> <span class='ocrx_word' id='word_1_331' title='bbox 983 4195 1082 4250; x_wconf 77' lang='lat' dir='ltr'>incessu</span> <span class='ocrx_word' id='word_1_332' title='bbox 1093 4198 1130 4248; x_wconf 77' lang='lat' dir='ltr'>ls-</span> 
     </span>
     <span class='ocr_line' id='line_1_38' title="bbox 93 4265 1133 4349; baseline 0.009 -29"><span class='ocrx_word' id='word_1_333' title='bbox 93 4266 118 4330; x_wconf 75' lang='lat' dir='ltr'>tl-</span> <span class='ocrx_word' id='word_1_334' title='bbox 136 4265 268 4321; x_wconf 75' lang='lat' dir='ltr'>Desinunt</span> <span class='ocrx_word' id='word_1_335' title='bbox 287 4289 353 4338; x_wconf 67' lang='lat' dir='ltr'>ergo.</span> <span class='ocrx_word' id='word_1_336' title='bbox 377 4267 418 4322; x_wconf 89' lang='lat' dir='ltr'>llli</span> <span class='ocrx_word' id='word_1_337' title='bbox 439 4269 573 4343; x_wconf 80' lang='lat' dir='ltr'>volupterii</span> <span class='ocrx_word' id='word_1_338' title='bbox 622 4285 706 4326; x_wconf 88' lang='lat' dir='ltr'>tentur</span> <span class='ocrx_word' id='word_1_339' title='bbox 718 4292 724 4329; x_wconf 75' lang='grc' dir='ltr'><strong>ι</strong></span> <span class='ocrx_word' id='word_1_340' title='bbox 735 4271 775 4326; x_wconf 78' lang='lat' dir='ltr'>vix</span> <span class='ocrx_word' id='word_1_341' title='bbox 786 4273 920 4339; x_wconf 83' lang='lat' dir='ltr'>incedunt,</span> <span class='ocrx_word' id='word_1_342' title='bbox 930 4287 1027 4349; x_wconf 75' lang='lat' dir='ltr'>reptent</span> <span class='ocrx_word' id='word_1_343' title='bbox 1039 4277 1133 4334; x_wconf 71' lang='lat' dir='ltr'>verius.</span> 
     </span>
    </p>
   </div>
   <div class='ocr_carea' id='block_1_6' title="bbox 0 0 1454 4944">
    <p class='ocr_par' dir='ltr' id='par_1_6' title="bbox 0 0 1454 4944">
     <span class='ocr_line' id='line_1_39' title="bbox 0 0 1454 4944; baseline 0 8"><span class='ocrx_word' id='word_1_344' title='bbox 0 0 1454 4944; x_wconf 95' lang='lat' dir='ltr'> </span> 
     </span>
    </p>
   </div>
  </div>
 </body>
</html>
