2926 4958
326 423 460 510 clxxviij
516 421 546 488 J.
574 421 741 489 LIPSII
766 419 1221 492 MANUDUCTIONIS

324 565 451 650 pulchra
466 578 497 628 et
505 563 643 647 apposita
653 563 785 648 imagine
803 563 810 624 !
825 561 947 626 Revera
964 565 1064 642 enim,
1083 593 1099 618 u
1116 563 1186 627 talis
1197 577 1242 628 est
1254 559 1397 648 Sapientis

326 675 465 750 animus,
482 669 580 754 qualis
595 669 700 734 mnndi
716 683 808 732 status
827 689 920 754 super
934 666 1055 734 Lunam
1072 695 1079 730 ε

455 851 608 922 Perpetuum
617 847 688 899 nulla
701 856 834 898 temeratus
846 845 914 898 nube
927 865 1053 898 serenum.
1068 847 1196 914 (Lucttt.)

321 1009 405 1072 Nam
432 1007 483 1069 illa
507 1027 579 1091 pars
599 1005 703 1068 mundi
723 1005 863 1089 superior
880 1019 912 1067 et
939 1005 1107 1066 ordinatior
1128 1049 1137 1078 ,
1159 1005 1267 1068 necin
1287 1005 1394 1068 nubem

322 1117 459 1200 cogitur,
481 1113 586 1176 necin
612 1124 824 1195 tempestatem
842 1110 1031 1194 impellitur,
1053 1131 1111 1174 nee
1130 1125 1268 1177 versatur
1287 1112 1319 1174 in
1333 1126 1395 1174 tur-

319 1224 444 1296 binem;
467 1223 552 1284 omni
570 1221 701 1284 tumnultu
723 1233 815 1284 earet.
839 1217 961 1284 Eodem
979 1222 1072 1284 modo
1097 1219 1236 1283 sublimis
1257 1221 1393 1296 animus,

319 1331 437 1413 quietus
457 1351 596 1413 semper,
614 1341 645 1392 et
664 1328 696 1390 in
710 1329 838 1390 statione
859 1327 1022 1408 tranquilla
1041 1326 1226 1402 collocatus,
1244 1331 1396 1392 modestos

316 1435 520 1510 venerabilis,
537 1448 568 1496 et
582 1433 777 1518 compositus.
795 1459 811 1489 ι
827 1430 925 1512 (Seu.
945 1429 1045 1516 Epist.
1061 1435 1149 1514 ux.)
1168 1431 1329 1496 Postrema
1344 1434 1393 1494 illa

315 1544 445 1608 observa
458 1567 465 1614 ς
477 1563 534 1604 nec
548 1540 631 1604 enim
643 1538 764 1602 Hilario
779 1540 893 1624 agitare
904 1537 1082 1622 Sapientem
1097 1553 1149 1604 aut
1159 1537 1332 1605 Saturnalia
1344 1563 1394 1604 vo

265 1634 268 1642 ¹
315 1650 434 1712 lumus:
451 1647 604 1732 placidtnn
627 1660 658 1709 et
673 1645 825 1710 oecultum
838 1645 914 1709 illud
927 1642 1082 1710 Gaudium
1101 1659 1166 1724 est,
1182 1661 1213 1710 et
1233 1669 1305 1711 erun
1325 1667 1393 1732 gra-

312 1756 424 1826 vitate.
448 1755 511 1817 imo
541 1754 700 1818 severitate
720 1754 923 1836 conjuncttnn.
946 1779 960 1806 α
976 1750 1056 1814 Mibi
1076 1755 1186 1827 crede,
1211 1754 1254 1815 ait
1274 1767 1392 1830 noster,

311 1885 362 1926 res
376 1882 482 1926 severa
502 1876 548 1924 est
566 1881 673 1924 verum
693 1856 857 1922 Gaudium.
877 1887 892 1914 υ
908 1857 999 1937 (Seu.
1017 1858 1067 1923 De
1081 1857 1146 1922 Vit.
1157 1859 1245 1924 Beat.
1260 1881 1329 1945 cap.
1340 1859 1392 1942 3.)

314 1969 424 2051 Neque
440 1968 523 2032 enim
536 1967 619 2029 aliud
628 1980 695 2042 est,
710 1987 802 2048 quam
816 1967 943 2030 interior
959 1968 1065 2050 quies,
1083 1982 1114 2030 et
1126 1995 1141 2026 e
1151 1989 1209 2052 pax
1219 1960 1255 2031 ¹et
1269 1989 1394 2032 concor-

314 2078 364 2139 dia
380 2077 496 2150 animi,
514 2089 545 2137 ct
557 2074 732 2158 magnitudo
746 2095 816 2138 eum
834 2073 1097 2140 mansuetudine.»
1116 2077 1192 2158 Quae
1211 2075 1322 2154 malis,
1340 2090 1390 2139 aut

311 2183 408 2246 stultis
422 2182 531 2246 absunt
551 2205 559 2242 a
580 2182 633 2244 ubi
647 2182 803 2266 cupidines
817 2183 888 2266 ipsae
901 2183 959 2245 sibi
975 2183 1164 2267 obstrepunt,
1180 2198 1232 2247 aut
1246 2199 1392 2270 pugnant,

309 2305 340 2353 et
358 2309 480 2374 semper
498 2290 530 2351 in
549 2309 657 2352 eorum
675 2289 784 2367 animis
794 2267 885 2350 'velut
905 2289 1058 2374 legiones,
1078 2303 1130 2352 aut
1142 2290 1394 2355 eastra.·Seneca

309 2397 389 2460 banc
404 2397 538 2480 quietem
549 2396 642 2459 etiam
657 2392 827 2479 explicabat
844 2416 935 2479 supra
951 2419 958 2455 ε
979 2423 995 2452 u
1007 2398 1069 2459 suis
1083 2400 1232 2482 gaudere,
1248 2419 1309 2464 nec
1325 2420 1394 2460 ma-

309 2507 377 2587 jora
392 2503 566 2568 domesticis
586 2524 730 2588 cupere.»
750 2501 854 2583 (ibid.
874 2524 900 2565 c.
916 2501 971 2581 b)
986 2499 1044 2566 Est
1060 2503 1143 2566 enim
1158 2505 1322 2589 proprium
1335 2505 1395 2566 hoc

312 2611 445 2688 «Beati,
470 2611 666 2696 presentibus
687 2609 999 2692 qualiacumque'sint
1020 2625 1195 2675 contentum
1210 2634 1277 2676 esse
1290 2658 1300 2692 ,
1314 2612 1394 2676 ami-

309 2741 439 2802 ctnnqne
453 2719 545 2784 rebus
556 2719 627 2784 suis.
637 2745 651 2774 o
664 2717 765 2802 Atque
780 2719 832 2782 ille
844 2719 942 2796 idem,
967 2741 1144 2803 «nonquam
1161 2721 1252 2783 malis
1265 2723 1331 2784 suis
1345 2722 1395 2782 in-

308 2826 442 2909 gemuit.
456 2846 611 2908 nunquam
622 2825 731 2888 delato
745 2845 800 2887 suo
811 2837 932 2910 questm
942 2838 997 2904 est,
1010 2825 1082 2889 fecit
1091 2826 1194 2890 miultis
1204 2828 1394 2894 intellectum

307 2933 366 3004 sui,
375 2947 405 2996 et
415 2953 477 2996 non
490 2934 578 2996 aliter
591 2954 684 3015 quam
697 2934 729 2994 in
743 2931 877 2995 tenebris
885 2932 988 2995 lumen
1000 2932 1122 3012 effulsit,
1129 2955 1221 3015 quum
1234 2949 1319 2999 esset
1331 2935 1397 3019 pla-

308 3039 402 3116 cidus,
415 3040 509 3118 lenis,
523 3054 554 3103 et
563 3039 702 3103 humanis
718 3039 886 3122 divinisque
897 3041 989 3103 rebus
1002 3042 1118 3124 pariter
1127 3063 1260 3123 aequus»
1276 3041 1395 3127 (Epis

308 3147 371 3208 tola
387 3151 480 3226 cxx.)
494 3145 566 3211 aliie
592 3162 637 3210 est
663 3148 716 3210 ille
733 3148 828 3210 animi
863 3161 975 3226 subn,
1006 3169 1099 3228 quem
1121 3147 1394 3232 'l'ranquillitatem

307 3253 399 3317 mam
412 3255 484 3320 lieet
496 3254 642 3338 appelles.
658 3251 776 3317 Seneca
791 3279 799 3318 e
822 3251 927 3336 «Quid
942 3269 987 3317 est
1000 3255 1097 3317 Beata
1116 3255 1195 3318 vita?
1211 3253 1394 3328 Securitas,

308 3373 339 3422 et
351 3375 499 3445 perpetua
510 3360 738 3442 Tranquillitas.
749 3387 764 3415 »ι
776 3357 848 3445 (Ep.
859 3363 951 3438 xctt.)
960 3358 1037 3442 Quae
1049 3359 1144 3422 linitio
1154 3382 1224 3424 cum
1238 3389 1253 3416 s
1268 3361 1396 3424 Demo-

307 3467 375 3531 criti
390 3489 480 3530 sensu
494 3467 635 3530 convenit
651 3491 659 3527 ε
677 3467 725 3529 cui
738 3475 847 3552 εὐθυμία
860 3468 928 3545 ista,
944 3468 1007 3530 sive
1025 3468 1142 3530 «animi
1155 3465 1395 3552 Tranquillitas,

308 3587 354 3636 est
365 3575 431 3657 ipsa
444 3573 539 3638 Beata
552 3575 613 3637 vita
624 3601 639 3628 u
653 3619 662 3652 ,
675 3588 707 3636 ut
724 3572 836 3639 Cicero
852 3574 925 3637 alibi
942 3573 1246 3656 scribit.·lterumque
1266 3573 1397 3637 Demo-

303 3682 396 3744 critus
413 3679 575 3744 Summum
593 3682 717 3744 Bonum
732 3689 854 3766 ioloptes
876 3696 907 3744 et
920 3703 997 3765 saepe
1017 3687 1159 3766 ἀταραξίαν
1175 3681 1345 3764 appellat:
1366 3682 1396 3742 id

305 3801 371 3860 est,
386 3791 522 3851 animum
533 3803 652 3852 terrore
665 3789 805 3852 liberum.
818 3817 833 3845 o
849 3790 898 3860 (V
911 3789 961 3852 De
972 3787 1062 3869 ltin.)
1073 3788 1165 3871 Quod
1176 3786 1276 3851 Stoici
1287 3799 1395 3850 tamen

304 3893 440 3958 abnuunt
456 3919 463 3956 ε
478 3917 535 3960 nec
552 3897 645 3960 finem
661 3897 740 3959 hune
753 3917 836 3972 esse,
847 3899 899 3960 sed
916 3892 1055 3959 fructum.
1069 3895 1232 3968 decessio,
1247 3895 1394 3977 inquam,

301 4017 366 4074 est,
383 4017 472 4085 atque
486 4005 527 4066 ita
544 4001 704 4082 Laertius,
723 4006 803 4068 iuter
815 4005 947 4067 Zenonis
965 4007 1106 4090 dogmata
1127 4024 1134 4064 t
1160 4001 1397 4066 «Accessiones

299 4107 430 4174 Virtutis
447 4132 513 4174 csse
535 4109 691 4175 Gaudium
711 4127 740 4176 et
758 4111 989 4176 liilaritatem.»
1013 4111 1116 4176 Etiam
1130 4125 1256 4174 noster:
1282 4111 1395 4174 «Tum

295 4217 369 4278 illud
382 4217 495 4280 orietur
508 4218 518 4301 (
529 4239 565 4280 ex
575 4218 721 4297 Virtute)
734 4218 944 4282 inestimabile
962 4219 1098 4296 booron,
1114 4218 1211 4300 Quies
1223 4219 1347 4281 mentis
1362 4219 1391 4278 in
