2860 4962
475 496 647 568 CAPUT
673 495 718 566 Π.
1063 499 1129 590 295

71 630 160 723 giem
175 643 249 717 est,
273 651 337 723 ego
350 628 647 721 Tmnquillitetem
660 649 761 711 vooo3
782 647 845 694 neo
863 626 954 696 enim
973 627 1126 708 imitari,

18 774 39 814 ;·.
70 763 104 814 et
114 747 297 816 transferre
316 745 420 814 verbe
438 744 482 814 ed
501 745 635 815 illorum
653 745 793 814 formum
812 767 950 812 neeesse
970 759 1022 812 est
1044 767 1126 812 :res

70 863 160 956 ipsa,
182 862 226 931 de
240 886 308 955 qun
326 863 459 956 egion,
478 862 593 954 aliquo
609 858 775 955 signanda
793 859 931 928 nomine
948 876 1017 944 est,
1037 860 1130 953 quod

69 979 301 1072 appellationis
313 978 517 1046 Graeoaevim
536 977 641 1047 debet
653 977 781 1046 hebere
793 1025 802 1059 ,
816 999 885 1046 non
896 976 1129 1072 luciemAErgo

17 1121 30 1166 τι
71 1098 250 1187 quaeritmm
262 1093 454 1188 ,quomodo
467 1095 600 1163 animus
618 1119 752 1188 semper
768 1093 891 1186 equali
912 1094 1129 1188 secundoque

16 1237 40 1283 ;·
70 1219 186 1284 eursu'
199 1219 290 1297 θεῖ’,
306 1213 540 1307 propitiusque
558 1211 623 1280 sibi
633 1211 693 1296 sit,
712 1228 746 1280 et
759 1236 820 1281 sue
830 1211 926 1282 letus
938 1210 1127 1306 adspiciet,

16 1363 38 1402 μ
70 1343 103 1395 et
114 1329 180 1397 hoo
194 1325 354 1422 goudium
365 1319 378 1364 ³
391 1352 461 1396 nou
478 1329 719 1421 interrumpat,
740 1324 944 1421 sedpleoido
957 1342 1046 1398 stetu
1058 1353 1130 1398 mo-

16 1479 34 1503 ··
70 1459 165 1527 uest,
178 1469 243 1514 nee
257 1444 413 1514 attollens
428 1467 464 1512 se
479 1467 647 1535 unquam,
663 1465 728 1512 noo
744 1440 950 1535 deprimens.
964 1442 1004 1512 ld
1016 1444 1129 1513 Tran-

15 1594 33 1639 z:
71 1555 218 1646 quillitos
239 1558 316 1626 erit.
345 1553 526 1650 Quomodo
555 1553 599 1624 sd
626 1556 714 1624 hono
740 1557 911 1648 perveniri
938 1558 1063 1650 possit,
1094 1558 1171 1628 inl

20 1711 34 1754 5
71 1673 262 1741 universum
284 1695 475 1764 queremus
503 1697 511 1738 ι
537 1694 648 1740 sumes
672 1687 709 1739 tu
729 1695 769 1740 ex
794 1671 932 1765 publioo
954 1673 1126 1757 remedie,

14 1827 27 1870 2.
71 1802 231 1876 quantum
248 1787 352 1856 voles.
375 1789 498 1856 Totum
518 1787 654 1854 iuterim
671 1788 791 1855 vitium
815 1787 852 1856 in
872 1785 1022 1856 medium
1047 1811 1129 1881 pro-

14 1943 30 1984 ,z
71 1903 271 1974 trahendum
280 1921 351 1989 est,
369 1927 486 1997 exquo
499 1897 700 1997 cognoscet⁴
718 1905 864 1996 quisque
875 1921 1127 1997 pertemsuum:

13 2073 17 2104 ¹.
70 2018 164 2088 simul
182 2035 221 2088 tu
236 2019 426 2114 intelliges,
445 2035 571 2112 quanto
586 2019 697 2086 minus
709 2020 836 2111 negotii
850 2019 976 2088 habeas
989 2043 1065 2086 cum
1079 2019 1130 2086 le-

15 2175 25 2214 ,2
71 2133 166 2202 stidio
183 2136 259 2218 tui,
282 2159 382 2228 quom
400 2135 437 2204 hi
457 2158 542 2227 quos
560 2132 605 2202 od
622 2132 863 2225 professionem
882 2135 1066 2228 speciosam
1084 2134 1132 2202 ul-'

22 2289 29 2302 ·
71 2246 208 2342 ligatos,
230 2264 265 2318 et
283 2249 346 2318 sub
362 2251 493 2344 ingenti
508 2248 605 2318 titulo
619 2247 812 2316 laborantes
825 2242 854 2332 ⁵,
870 2250 906 2318 in
919 2272 980 2319 suo
994 2248 1131 2318 simula-

11 2410 21 2452 ,
72 2365 157 2434 tione
175 2364 288 2459 pudor
305 2366 432 2459 magis,
449 2371 550 2457 'quem
569 2362 722 2432 voluntas
743 2379 847 2434 tenet.
869 2365 997 2435 Omnes
1016 2367 1053 2434 in
1072 2390 1129 2434 ea·
1157 2381 1173 2430 5

11 2523 20 2566 2:
73 2477 144 2548 dem
160 2505 262 2549 muse
281 2495 376 2562 sunt,
399 2479 484 2548 ethi
498 2480 558 2572 qui
576 2479 712 2548 levitate
731 2496 918 2565 vexentur,
938 2504 978 2549 sc
996 2479 1126 2564 taedio,

11 2642 16 2678 r
72 2594 268 2688 assiduaque
296 2594 478 2663 mutatione
508 2596 691 2688 propositi,
719 2595 844 2687 quibus
870 2620 1004 2690 semper
1022 2579 1130 2690 megis

73 2711 179 2802 pleeet
202 2709 294 2805 quod
315 2710 555 2803 reliquerunt,
587 2725 621 2778 et
643 2711 710 2794 illi,
735 2712 794 2803 qui
816 2727 966 2782 marcent
988 2727 1022 2782 et
1044 2714 1130 2782 osei-

14 2811 17 2821 ¹
74 2842 195 2898 tantur.
208 2828 328 2922 Adjioe
340 2827 432 2911 illos,
445 2829 584 2920 quinon
596 2828 714 2910 aliter,
730 2853 832 2921 quam
843 2829 968 2921 quihus
980 2829 1131 2899 difficilis
1206 2879 1209 2886 ·

11 2985 13 2988 -
74 2965 203 3038 somnus
222 2957 292 3025 est,
313 2956 450 3012 versant
464 2965 521 3024 oe,
544 2956 579 3009 et
595 2941 661 3010 boo
679 2956 781 3034 etque
796 2942 855 3011 illo
874 2941 974 3013 modo
993 2967 1129 3039 compo-

74 3107 163 3162 tiouem
184 3107 298 3180 alioquin
317 3108 460 3181 preclarum
479 3120 504 3160 et
523 3127 574 3161 no·
621 3107 712 3180 lregrn.
728 3106 760 3160 de
775 3107 836 3162 Otio
847 3107 958 3181 sapient.
977 3109 1009 3161 sd
1025 3129 1078 3184 esp.
1091 3111 1130 3162 28.

74 3197 145 3239 strom
162 3187 265 3254 locum,
283 3186 333 3240 nisi
347 3185 435 3252 lellor,
454 3185 573 3240 eximium
653 3183 677 3238 3.
692 3183 835 3240 Gaudium.
853 3187 885 3240 Iu
894 3185 944 3240 hoo
953 3186 1060 3240 discedit
1067 3189 1132 3240 Nos-

75 3261 189 3318 inlusere
200 3302 208 3329 ,
220 3276 244 3318 et
255 3263 286 3316 de
297 3263 352 3324 lus.
365 3261 409 3317 lib.
418 3265 471 3326 Ill,
483 3284 536 3336 etp.
546 3263 572 3328 o,
621 3277 658 3318 ter
667 3283 681 3316 e
691 3263 847 3330 Democrito,
855 3264 900 3336 qui
911 3283 950 3337 ep.
961 3265 1129 3338 Diopluert.

11 3347 13 3370 ³
75 3357 102 3406 2,
119 3353 143 3394 et
158 3341 225 3396 inire
243 3361 295 3417 esp.
317 3339 407 3407 ml,
426 3341 574 3416 presertim
621 3341 1129 3414 tthmtranquillitatemottopter,

74 3417 153 3472 mim·
623 3423 755 3491 ἂθαμβίαν)
773 3422 950 3476 distinxerat·
969 3421 1080 3496 gaudio,
1101 3432 1131 3492 τῇ

107 3515 127 3548 r.
145 3495 312 3570 Swtdopue
327 3517 412 3552 cursu.
434 3495 575 3550 Stoioorum
623 3499 707 3570 ἡδονῇ.

75 3591 118 3626 ror
134 3573 234 3646 ripere,
248 3575 280 3630 de
294 3595 411 3650 prospero
425 3575 482 3628 riter
502 3592 576 3628 eursu
657 3576 680 3640 ⁴.
696 3573 945 3644 CognosoetAExedd.
955 3573 1133 3648 priscisetorn·

76 3649 178 3716 usitate,
189 3651 222 3706 de
230 3673 279 3724 qua
286 3653 410 3727 poetelius
418 3651 576 3724 Wesseling.
625 3650 699 3704 nibus
717 3651 778 3704 Mes.
791 3652 893 3706 Gruteri
907 3651 1006 3707 reduxit
1018 3651 1132 3706 Gronov.

76 3729 103 3782 sd
114 3728 190 3784 Diod.
198 3730 249 3787 Sie-
259 3751 284 3803 p.
293 3730 350 3798 155,
358 3729 479 3782 Valcken.
488 3727 520 3781 ed
527 3729 577 3780 Eu·
626 3728 726 3790 Antea:
736 3737 865 3797 agrsoscet.

76 3805 575 3960 ttdlflssfttssttlltlttzittl
625 3805 1133 3954 tilftlilt'fflotlltlt:

107 3979 128 4014 a.
140 3959 257 4032 AEquali
266 3963 424 4032 secundoque
433 3981 507 4016 curru
526 3972 576 4015 eat.
625 3960 752 4034 gerebsnt.
764 3961 888 4016 Ceterum
901 3961 1045 4034 priusquam
1059 3978 1134 4029 qure-

78 4035 164 4110 Recepi
182 4059 196 4090 e
218 4038 296 4114 lipsii
317 4038 461 4112 conjecture
475 4057 482 4092 ι
498 4039 577 4109 stipere
626 4053 664 4094 ret
685 4039 813 4110 quomodo
833 4040 865 4094 sd
881 4039 947 4092 hene
969 4037 1133 4109 tranquillita-

78 4111 214 4169 Stoieorum
226 4136 337 4192 expresse
346 4130 389 4170 est.
397 4117 468 4170 ldem
477 4117 539 4172 dixit
547 4117 577 4170 de
626 4131 677 4172 tem
694 4116 870 4191 pervenietur,
894 4115 1012 4180 vitium,
1032 4113 1063 4168 de
1082 4134 1133 4185 qus

80 4188 160 4246 (leost-
175 4193 231 4268 Sap.
250 4215 303 4268 cop.
319 4197 351 4260 8,
369 4215 396 4258 2,
409 4193 538 4266 «AEqusli
555 4208 578 4246 et
627 4206 726 4266 questus
740 4206 776 4248 est
792 4194 920 4262 Serenus,
936 4191 1068 4260 describit,
1083 4194 1136 4248 ori·

80 4269 195 4322 concordi
217 4291 291 4324 eursu
313 4273 447 4326 fluentius
470 4272 529 4326 Vitl.
556 4285 578 4324 et
627 4271 914 4346 ginemqusejusdorot.
