2896 4954
290 468 349 532 152
729 473 795 538 DE
822 473 909 540 IRA
1105 559 1110 567 ¹

283 595 480 688 Philippus,
505 624 520 660 u
538 597 670 680 Dicite,
692 601 827 691 iuquit,
848 601 950 682 mihi,
970 601 1079 668 facere
1093 597 1176 692 quid
1193 622 1349 690 possum,

205 722 208 728 '
284 707 380 801 quod
396 711 440 778 sit
453 710 720 780 Atheniensibus
736 731 870 808 gratum
884 715 923 782 in
942 715 1081 805 Excepit
1096 711 1347 780 Demochares:

245 855 259 886 ι
288 853 304 888 n
328 826 401 908 Te,
419 829 531 919 inquit
546 879 555 912 ,
572 829 793 922 suspendere.
813 857 829 896 n
851 828 1047 925 indignatio
1061 829 1349 896 circumstantium

177 933 180 940 ’
284 939 327 1009 ad
353 957 420 1011 tarn
444 945 667 1014 inhumanum
687 952 891 1040 responsum
914 959 1029 1013 exorta
1048 959 1101 1012 est
1122 971 1129 1009 :
1153 967 1241 1035 quos
1267 943 1349 1011 Phi-

284 1057 396 1152 lippus
410 1063 637 1130 conticescere
649 1063 770 1154 jussit,
786 1078 821 1130 et
834 1063 1027 1131 Thersitam
1044 1060 1138 1129 iilum
1153 1061 1280 1128 salvum
1294 1061 1348 1128 in-

284 1176 518 1269 columemque
538 1177 722 1246 dimittere.
748 1205 763 1242 n
783 1178 829 1247 At
845 1203 925 1260 vus,
947 1163 1079 1270 inquit,
1095 1178 1207 1246 caeteri
1220 1176 1347 1270 legati,

285 1293 438 1360 nuntiate
468 1291 758 1376 Atheniensibus,
790 1295 898 1362 muito
921 1292 1139 1386 superbiores
1164 1315 1259 1370 esse,
1290 1291 1350 1382 qui

244 1421 260 1472 3
285 1409 348 1476 ista
366 1408 506 1492 dicunt,
527 1433 628 1502 quam
655 1411 714 1502 qui
742 1411 879 1504 impune
908 1409 998 1478 dicta
1023 1408 1177 1477 audiunt.
1198 1435 1214 1470 n
1243 1407 1352 1475 Multa

284 1541 319 1592 et
344 1526 451 1594 Divus
475 1526 647 1618 Augustus
666 1523 770 1620 digna
796 1527 956 1596 memoria
982 1526 1082 1608 fecit,
1108 1524 1281 1618 dixitque,
1304 1547 1352 1591 ex

284 1641 409 1732 quibus
431 1657 592 1734 appareat
608 1641 660 1709 illi
681 1643 765 1710 iram
790 1667 858 1710 non
884 1645 1081 1736 imperasse.
1101 1642 1351 1734 'Timagenes,

284 1756 500 1824 historiarum
526 1758 692 1849 scriptor,
722 1757 874 1849 quaedam
906 1760 941 1825 in
970 1760 1100 1851 ipsum,
1133 1755 1286 1850 quaedam
1314 1757 1353 1823 in

285 1897 422 1942 uxorem
441 1874 551 1964 ejus²,
578 1891 612 1942 et
635 1875 671 1941 in
684 1890 798 1944 totam
819 1874 954 1944 domum
981 1875 1130 1956 dixerat,
1155 1899 1220 1942 nec
1237 1873 1357 1967 perdi-

286 1989 383 2058 derat
400 1982 513 2057 dicta³
528 2017 535 2054 :
553 1991 661 2082 magis
675 1991 765 2057 enim
780 1991 1039 2074 circumfertur,
1061 2007 1096 2059 et
1113 1993 1149 2058 in
1167 2015 1226 2058 ore
1244 1991 1356 2058 homi-

286 2131 366 2176 uum
389 2089 439 2174 cst
457 2084 636 2174 temeraria
649 2107 835 2175 urbanitas.
853 2109 950 2200 Saepe
963 2108 1059 2176 ilium
1072 2109 1185 2176 Caesar
1198 2109 1347 2186 monuit,

227 2226 229 2235 '
287 2237 325 2290 ut
348 2220 554 2290 moderatius
579 2222 696 2316 lingua
725 2237 880 2291 uteretur
897 2251 906 2308 ς
924 2225 1154 2316 perseveranti
1176 2221 1275 2291 domo
1294 2247 1355 2290 sua

287 2337 476 2406 interdixit.
503 2340 623 2406 Postea
649 2341 853 2431 Timagenes
880 2341 916 2407 in
944 2340 1170 2408 contubernio
1194 2339 1359 2408 Pollionis
1427 2399 1429 2402 .

288 2449 424 2523 Asinii⁴
446 2455 646 2536 consenuit,
675 2479 715 2523 ac
734 2471 802 2522 tota
825 2457 960 2524 civitate
982 2455 1137 2549 direptus
1159 2451 1247 2524 est⁵.
1269 2457 1358 2524 Nui-
1446 2461 1447 2466 ’

250 2595 265 2658 4
289 2571 358 2639 lum
370 2568 419 2636 iiii
432 2569 536 2638 limen
549 2569 711 2662 praecium
722 2571 863 2638 Caessris
876 2569 995 2640 domus
1010 2571 1160 2640 abstulit.
1176 2566 1362 2640 ⁶Historias

327 2779 347 2812 ι.
374 2763 535 2831 Timagenes.
556 2761 659 2816 Graeeus
678 2763 796 2830 natione,
845 2765 1361 2837 malignitasvelmonnonrecordaretur.

292 2839 372 2892 cianus
381 2839 515 2891 historicus
524 2839 551 2890 in
561 2840 715 2910 antiquitate.
722 2841 799 2894 Testi-
879 2845 903 2911 4.
910 2842 1038 2898 Pollionis
1045 2845 1139 2897 Asinii.
1147 2843 1231 2895 Pollio
1241 2843 1361 2906 Asinius,

292 2915 800 2992 moniaattuleruntRubeniusetLipsius
849 2919 1010 2992 philosophus
1034 2921 1142 2985 stoicus,
1163 2934 1261 2984 orator,
1282 2935 1361 2994 poeta

293 2993 325 3045 ad
334 3007 446 3045 nostrum
455 2993 554 3048 iocum:
566 2995 703 3066 inprimise
713 2995 800 3048 Contr.
847 2995 965 3068 idemque
975 2999 1126 3062 historicus,
1136 2999 1204 3071 errius
1214 3013 1238 3050 et
1247 3001 1311 3073 Epp.
1323 3001 1360 3052 ad

293 3087 371 3124 xxtttv
398 3073 500 3128 Senecae
523 3075 615 3148 patris,
634 3095 689 3146 quae
715 3076 801 3128 Nostri
848 3075 997 3128 Ciceronem
1011 3077 1164 3150 X,Epp.ad
1175 3077 1235 3130 niv.
1248 3077 1364 3144 3r,32,

294 3151 463 3204 narrationem
488 3151 648 3204 confirmant.
674 3153 800 3224 Plutarch.
849 3153 897 3210 33.
916 3167 1019 3206 entant.
1033 3154 1183 3206 Libertatem
1198 3155 1240 3206 bie
1256 3168 1362 3207 suenus

295 3241 355 3282 tom.
366 3229 434 3294 vll,
455 3251 512 3304 pag.
533 3233 597 3294 218,
618 3251 682 3301 αις),
695 3231 799 3284 Hntteu.
849 3229 926 3283 tuitus
938 3243 981 3284 est.
991 3231 1071 3284 Tacit.
1084 3231 1177 3283 Annal.
1189 3233 1245 3294 ill,
1260 3234 1306 3296 75,
1326 3232 1364 3284 ib.

295 3309 363 3360 idern
376 3309 455 3360 aiiert.
471 3308 549 3361 Plura
563 3309 605 3361 dat
623 3309 723 3362 Fabrie.
734 3309 801 3363 Bibi.
849 3309 929 3380 lutpp.
941 3308 1029 3361 Horat.
1044 3308 1085 3372 II,
1097 3307 1147 3360 Od.
1158 3328 1179 3360 1.
1191 3307 1294 3360 Amicus
1302 3309 1359 3361 tuit

295 3387 340 3442 Gr.
352 3387 406 3453 lli,
422 3387 460 3440 53.
475 3387 573 3440 Harles.
850 3386 1006 3457 Timagenis.

329 3483 352 3518 a.
367 3463 485 3517 Uxorem
495 3470 558 3533 ejus.
566 3465 667 3518 Liviam
675 3465 742 3516 hanc
752 3485 803 3536 per·
884 3467 907 3515 5.
918 3463 1044 3532 Direptns
1055 3463 1171 3515 omnium
1180 3460 1258 3514 MSS.
1269 3461 1367 3514 lectio:

297 3543 438 3608 celebrem,
457 3562 515 3614 qute
537 3557 605 3597 tants
623 3557 714 3595 ettam
736 3543 805 3596 ieiici
851 3539 970 3592 Erasmus
988 3539 1083 3593 dedit:
1103 3542 1229 3602 dilectus5
1246 3537 1290 3590 alii
1310 3541 1368 3592 de-

297 3619 432 3674 cailiditate
446 3621 584 3694 priucipaie
596 3619 803 3683 matrimonium,
851 3621 943 3680 iectus,
959 3619 1087 3682 dr'rectn53
1108 3619 1224 3685 direptus
1243 3629 1280 3667 est
1297 3638 1368 3684 trept-

298 3697 460 3772 principaiem
478 3697 598 3752 fiduciam
615 3699 664 3752 sibi
684 3698 804 3751 concilia·
853 3695 1000 3758 σπούδαστος
1010 3716 1049 3768 ap.
1060 3695 1206 3759 Luciamli,
1219 3715 1243 3767 p.
1255 3691 1370 3764 70.Bip.

298 3777 350 3842 vit,
375 3791 414 3842 et,
436 3796 475 3828 res
497 3777 560 3828 mira
579 3775 644 3850 apud
663 3775 803 3848 Antiquos,
853 3773 897 3827 ubi
921 3773 1095 3827 Hemsterhus.
1115 3791 1122 3834 ;
1149 3769 1219 3842 eujus
1248 3769 1370 3822 amititia

299 3877 351 3908 uon
366 3855 451 3908 minus
467 3853 605 3907 senescenti
618 3854 709 3908 marito
725 3853 806 3924 impe·
854 3853 924 3905 enixe
935 3852 1063 3923 quaeritur.
1073 3851 1113 3904 Cf.
1122 3850 1156 3912 de,
1164 3849 1238 3901 Brer.
1249 3849 1295 3900 rit.
1307 3869 1332 3900 c.
1345 3872 1371 3918 7.

298 3936 378 4003 ravit,
397 3955 472 4007 quum
489 3934 617 3987 hodiernis
632 3935 659 3987 in
676 3931 741 3986 aulis
756 3931 806 3983 im·
854 3931 917 3982 Item
926 3929 1044 3996 Martini,
1056 3928 1154 3982 titvn
1166 3965 1174 3990 ,
1187 3927 1275 4000 Epigr.
1287 3942 1368 3978 ιω.

299 4033 384 4086 perare
397 4012 479 4064 solent
490 4008 609 4065 tentia.
886 4007 910 4060 b.
921 4006 1065 4059 Historias.
1074 4005 1273 4058 Ceterastamen
1282 4003 1369 4056 hister

333 4091 356 4142 3.
366 4091 419 4144 Nec
426 4092 579 4160 perdiderat
590 4093 668 4144 dictu.
682 4091 736 4142 Nee
751 4087 804 4140 sru-
853 4079 1370 4154 rissejusadhocusquetemporiaconse·

299 4167 459 4241 straiingnax
468 4189 496 4220 ea
505 4165 608 4220 dicteria
618 4177 739 4240 sparserat
748 4183 804 4236 qute
854 4176 920 4216 satas
936 4160 1008 4213 docet
1027 4159 1137 4230 Quintil.
1156 4159 1199 4211 iib.
1212 4159 1251 4222 X,
1267 4179 1322 4231 cap
1336 4179 1346 4210 r
1360 4197 1370 4222 ,

300 4246 341 4298 rei
358 4267 409 4300 non
423 4245 549 4299 exaudiret
560 4245 693 4298 otiantium
706 4243 801 4314 urbana
855 4253 878 4293 et
893 4240 1019 4294 Ammian.
1038 4237 1082 4292 iib.
1102 4237 1183 4300 XVi,
1202 4257 1256 4308 cap.
1275 4259 1300 4308 9.
