2926 4958
242 476 312 546 AD
337 477 513 546 STOIC.
535 475 742 544 PHILOS.
768 474 864 542 LlB.
893 474 944 542 ll.
1032 480 1133 544 cxxix

72 621 186 701 denique
199 663 210 694 ,
223 617 341 680 Vivere
351 618 454 680 omnia
464 617 564 680 officia
576 630 765 679 curantem.»
778 613 854 678 Haec
863 615 916 678 ibi.
927 613 963 676 ln
974 613 1134 680 Clemente

72 725 269 802 Alexandrino
291 738 322 786 ct
338 727 464 800 eadem,
480 737 510 786 et
530 723 759 806 quodannis,
777 736 828 786 aut
843 723 930 786 aliter
952 746 959 782 ι
978 746 1041 806 quae
1055 725 1137 805 juvet

73 853 249 915 excerpere,
267 845 298 892 et
307 851 492 913 componere
504 833 542 892 ad
553 843 689 892 mutuam
699 829 798 892 lucem
812 854 820 900 ς
833 843 862 890 ct
872 831 1009 911 quasdam
1020 829 1135 892 leviora

73 953 115 998 ant
127 938 351 1022 longinquiora.
368 935 426 996 llla
442 949 550 998 sonant
568 956 575 992 ι
590 963 604 990 o
614 936 698 997 Zeno
710 931 829 998 Stoicus
843 935 934 998 finem
948 950 1070 1012 censet,
1085 958 1138 1000 se-

74 1048 190 1108 cmdurn
206 1045 352 1106 virtutem
362 1043 472 1104 vivere.
484 1039 660 1120 Cleanthes,
668 1038 891 1104 Convenientec
899 1055 1012 1104 naturae
1022 1044 1136 1121 vivere,

72 1152 184 1214 inrecta
200 1150 322 1212 ratione
337 1169 372 1210 ac
381 1145 608 1210 ratiocinatione
620 1191 628 1223 ,
642 1149 722 1228 quod
735 1147 767 1208 in
778 1146 925 1210 electione
939 1169 1062 1226 eonem,
1074 1171 1138 1232 qna

73 1261 232 1322 secundm
246 1267 387 1317 naturam
397 1267 483 1328 sum,
493 1251 626 1337 positum
639 1251 812 1314 arbitratur.
823 1249 982 1336 Antipater
993 1298 1002 1329 ‚
1015 1255 1079 1336 ejus
1088 1275 1140 1316 an·

72 1365 142 1425 ditor
152 1409 162 1437 ,
174 1364 211 1424 in
224 1363 263 1424 iis
278 1383 344 1442 qum
362 1373 430 1422 sunt
442 1362 606 1422 secundum
622 1372 762 1422 natuuam
780 1359 896 1422 assidue
908 1382 916 1432 ς
930 1374 961 1422 et
975 1361 1040 1423 sine
1053 1361 1141 1446 lapsu

73 1469 232 1553 eligendis,
252 1467 429 1549 abjiciendis
443 1479 545 1528 antem
558 1465 724 1528 contrariis.
736 1463 944 1528 Archedemus
956 1509 965 1540 ‚
977 1467 1139 1552 eligentem

73 1577 166 1639 vivere
178 1598 219 1638 ea
234 1595 300 1656 qma
314 1574 477 1636 seeundmn
490 1585 629 1634 naturam
643 1583 710 1632 sunt
720 1571 854 1638 maxima
864 1573 1050 1658 etpraecipm
1061 1621 1071 1653 ,
1083 1598 1141 1644 nee

73 1703 152 1764 posse
163 1704 203 1744 ea
218 1680 383 1749 transilire.
394 1677 559 1754 Panaetius,
579 1680 680 1740 vivere
701 1681 864 1742 secundum
878 1683 1141 1772 appetitionesin-

73 1789 136 1848 sites
147 1809 165 1848 a
177 1800 300 1848 nauus.
318 1783 517 1861 Posidonius,
534 1784 635 1846 vivere
652 1785 908 1870 contemplantem
919 1785 1140 1852 Universorum

74 1893 226 1954 amitalem
241 1905 273 1953 et
282 1891 448 1952 ordinem.»
460 1888 510 1972 (ll
519 1889 653 1968 Strom.)
662 1889 698 1952 ln
708 1891 815 1972 quibus
824 1891 990 1954 dissutam
1002 1894 1075 1956 alibi
1085 1917 1142 1980 per

74 2013 195 2060 tenetes
209 1998 253 2060 ab
268 1997 329 2058 illis
338 1994 470 2072 Stobsei,
484 1997 579 2078 magis
592 2010 695 2070 minen
709 2009 792 2058 certo
805 2009 836 2058 et
850 1995 978 2060 fideliter
992 2003 1082 2076 (meo
1095 2002 1141 2082 ju-

73 2107 168 2184 dicio)
179 2105 352 2188 exscriptis.
365 2103 505 2168 laertius
520 2105 640 2186 quidem
656 2105 782 2188 propius
796 2105 888 2170 istum
904 2107 1038 2182 accedit,
1058 2109 1142 2190 cnjus

74 2211 146 2274 habe
161 2210 356 2280 iternserba.
374 2209 458 2272 Nam
472 2210 503 2270 in
521 2231 556 2272 re
568 2211 624 2271 ista
634 2210 775 2292 capitali,
799 2233 853 2274 cur
864 2212 973 2294 judicia
993 2213 1143 2276 verbatim
1177 2280 1180 2286 ,

75 2339 130 2378 non
145 2317 393 2398 conquiram,et
407 2313 603 2399 consignemi
619 2313 676 2378 llle
698 2316 742 2380 sic
762 2317 851 2400 igitur
870 2341 877 2375 :
896 2315 1042 2382 ..Primus
1058 2320 1142 2383 Zeno

76 2423 160 2486 tinem
183 2424 280 2497 dixit,
295 2420 520 2498 Convenienter
536 2435 647 2484 natur-n
662 2423 781 2492 vivere.
803 2426 884 2504 quod
897 2437 961 2500 est,
980 2429 1144 2489 secundum

74 2531 215 2592 virtutem
226 2530 343 2606 vivere.
362 2526 508 2590 Similiter
521 2525 703 2604 Cleanthes,
720 2525 918 2606 Posidonius,
935 2529 1063 2595 Hecato.
1079 2531 1145 2596 lte-

75 2659 223 2719 rumque,
240 2636 338 2698 simile
352 2649 398 2698 est
411 2635 619 2712 etctinsonat,
634 2637 798 2698 secundum
809 2637 951 2700 virtutem
966 2639 1083 2710 vivere,
1100 2640 1146 2702 illi

75 2747 241 2806 secundum
257 2743 398 2826 peritiam
414 2755 520 2804 natura
537 2743 739 2806 evenientium
753 2744 875 2816 vivere;
892 2757 924 2806 ut
939 2747 981 2806 ait
997 2741 1146 2831 Chrysip-

74 2873 136 2933 pns
150 2851 313 2934 Diogenes
326 2829 437 2924 antem,
454 2847 564 2910 Finem
577 2850 619 2912 ait
633 2846 698 2911 esse
710 2849 812 2933 plane,
832 2863 913 2912 recte
929 2851 1102 2914 ratiocinari
1117 2867 1147 2916 et

73 2957 206 3040 dirigere
219 2956 251 3016 in
261 2953 407 3017 electione
418 2975 525 3016 eorum
536 2977 599 3036 epm
609 2968 722 3017 naturae
731 2956 928 3018 consentiunt.
939 2956 1147 3022 Archedemus

74 3063 178 3126 omnia
191 3060 295 3122 officia
304 3059 481 3144 implentem
491 3061 625 3122 vivere.»
633 3059 684 3139 (ln
690 3060 777 3141 Zen.)
788 3058 863 3124 llaec
873 3063 899 3124 si
910 3059 1148 3128 eumStolmnis

73 3169 211 3245 coniers,
220 3166 353 3230 illustres
366 3167 419 3230 illa
435 3179 464 3228 et
478 3166 629 3250 approbes
643 3168 718 3230 :etsi
734 3169 765 3229 in
782 3169 883 3250 aliquo
895 3172 989 3232 etiam
1002 3173 1148 3239 dissensu.

398 3371 738 3436 DlSSERTATlO
757 3372 836 3435 XV.

138 3527 248 3587 Primo
263 3527 389 3588 Zenonis
404 3529 545 3586 sententio
560 3527 722 3607 explicata,
741 3527 776 3586 de
795 3525 997 3587 convenientia
1011 3529 1090 3588 vito.

112 3705 184 3768 San
199 3705 277 3785 qnid
290 3717 319 3764 te
333 3703 460 3765 moror?
477 3703 642 3766 sententias
655 3704 749 3781 vides,
766 3705 843 3788 elige
861 3705 958 3766 :mihi
973 3705 1059 3782 satis,
1074 3707 1153 3768 viam

75 3813 216 3894 signasse
227 3809 277 3872 his
291 3808 374 3872 velut
385 3810 481 3871 astris.
492 3810 575 3874 Aen.
591 3807 694 3872 Satis?
708 3815 815 3894 μηδαμῆ
830 3816 966 3896 puisseda,
981 3815 1154 3894 neudipuom,

77 3935 286 3998 squameam,
303 3928 336 3974 nt
351 3914 411 3976 hoc
427 3936 497 3977 cnm
514 3912 640 3977 Platone
652 3915 788 3978 efferam.
805 3915 887 3980 Nam
899 3938 955 4000 ego
969 3939 1025 4000 per
1038 3940 1088 3980 me
1102 3917 1154 4000 qui

77 4023 210 4106 eligam,
228 4035 282 4084 aut
292 4021 374 4084 viam
389 4021 539 4098 insistam,
557 4023 657 4104 inqua
669 4024 801 4086 variasse
813 4038 843 4085 et
854 4023 1009 4088 vacillasse
1025 4025 1156 4087 culmina

78 4129 129 4188 illa
154 4128 272 4190 video?
290 4125 391 4188 Tuam
407 4126 505 4189 lacem
522 4142 646 4212 specto,
668 4142 697 4190 et
719 4131 968 4192 Monuductrimem
987 4143 1126 4214 exspecto
1147 4155 1155 4192 a

76 4237 147 4315 quia
162 4234 247 4296 mihi
260 4233 311 4296 hic
324 4232 475 4317 (ingenue
484 4235 581 4297 fateor
591 4235 602 4316 )
613 4235 743 4298 tenebra
757 4250 787 4297 et
801 4236 902 4300 chaos.
913 4234 998 4298 lues
1008 4236 1157 4300 Allncebo

79 4355 108 4400 et
122 4343 263 4423 dirigam
274 4339 365 4422 igitm
376 4386 385 4418 ,
398 4355 431 4403 nt
440 4341 527 4426 copia
541 4342 654 4424 ingenii
667 4355 718 4407 aut
730 4344 831 4424 judicii
843 4345 903 4406 mei
918 4345 984 4406 erit.
996 4341 1160 4406 Stolsseana

229 4445 249 4495 l·
1056 4452 1062 4463 .
