2926 4958
320 431 397 496 xciv
498 428 531 494 J.
556 426 720 496 LIPSll
744 427 1203 498 MANUDUGTIONIS

318 570 427 632 umbra
440 581 472 630 et
485 570 629 653 opinione
641 569 797 631 mlorum
812 569 931 642 territi,
949 570 1080 632 vitamus
1101 585 1152 632 aut
1165 570 1309 656 fugimus,
1322 571 1377 634 siue

319 697 409 740 causa
423 677 533 760 trepidi
546 691 597 738 aut
608 675 712 762 inepti.
724 674 867 758 Denique
881 673 1015 740 Lucretii
1027 678 1129 739 verbis
1145 703 1155 738 ε

519 845 627 862 .......
643 807 1177 883 Utpueriucpiiam,atqueomniaomcis

513 903 544 952 ln
557 899 667 952 tenebris
677 913 795 953 metuunt
806 919 814 953 ε
824 903 862 954 aie
873 921 920 953 uos
931 901 960 954 iu
973 901 1029 954 luce
1042 901 1160 952 timemus

514 991 661 1054 Interdum,
674 992 756 1044 nihilo
767 1012 825 1064 qut
838 1004 898 1048 suut
908 993 1045 1047 metuenda
1057 992 1155 1063 magis,
1167 1009 1244 1062 quam

516 1083 583 1152 Qu:
592 1083 663 1154 peri
677 1085 705 1136 ia
716 1083 826 1138 umbri
835 1085 966 1160 pavitant,
980 1083 1131 1157 Quique
1141 1085 1235 1138 lotura.

320 1203 363 1266 Et
377 1207 501 1267 videsne
519 1207 610 1289 igitur
621 1229 735 1290 pueros
753 1209 842 1271 esse?
859 1221 892 1270 et
911 1235 928 1262 ι
946 1209 1028 1289 quod
1044 1207 1105 1269 illis
1120 1203 1312 1280 minusculis,
1330 1199 1382 1261 hoc

319 1313 409 1374 nobis
423 1334 544 1396 quoque
558 1315 733 1396 majusculis
745 1315 849 1398 pueris
863 1314 1010 1378 evenire?
1028 1341 1044 1370 ι
1058 1311 1153 1394 (Sur.
1172 1308 1383 1396 Episcxxtv.)

320 1419 368 1482 lta
378 1419 461 1482 enim
476 1435 558 1483 reete
571 1421 762 1505 appellemus
778 1423 868 1499 istos,
894 1448 910 1477 ι
929 1421 1038 1504 quibus
1052 1421 1144 1484 etiarn
1157 1431 1228 1504 post
1242 1420 1383 1501 juventam

320 1548 473 1609 canosque
487 1528 645 1612 puerilitas
659 1542 714 1589 est.
727 1527 780 1590 Au
799 1528 964 1610 quidquam
979 1527 1029 1589 isti
1049 1526 1264 1611 proiecerunt,
1287 1521 1385 1604 quibus

321 1633 416 1694 animi
428 1633 512 1694 mala
527 1647 612 1708 suut,
630 1634 767 1716 auctique
783 1634 815 1694 in
832 1635 931 1716 majus
949 1633 1093 1694 errores?
1111 1631 1163 1714 qui
1178 1652 1196 1692 a
1212 1628 1313 1713 pueris
1329 1644 1386 1686 nta-

321 1740 476 1823 gnitudine
490 1753 605 1803 tantum
619 1739 780 1821 formaque
795 1760 975 1824 corporum,
989 1737 1151 1800 differunt?
1163 1751 1319 1809 caeterum,
1331 1751 1386 1793 non

321 1845 422 1906 miuus
436 1847 504 1928 vagi
523 1846 707 1927 incertique,
721 1846 910 1930 voluptatem
926 1847 992 1906 sinc
1009 1845 1118 1908 dilectu
1129 1856 1323 1928 appetentes,
1337 1852 1387 1899 tro·

321 1951 385 2034 pidi
396 1997 406 2028 ,
418 1963 450 2012 et
460 1971 523 2012 non
536 1951 658 2034 ingenio
668 1997 678 2025 ,
689 1953 743 2013 sed
756 1950 919 2014 formidine
932 1950 1036 2034 quieti.
1050 1978 1067 2005 ι
1082 1948 1152 2029 (De
1165 1945 1322 2013 Constant.
1334 1941 1389 2006 Sa-

322 2060 436 2143 pienc,
451 2080 518 2142 cap.
538 2059 611 2138 12.)
624 2055 768 2120 Protoeto
781 2072 849 2120 sunt
862 2059 951 2142 pueri
965 2077 974 2117 a
989 2085 1005 2114 ι
1016 2057 1068 2139 qui
1083 2069 1188 2119 contra
1201 2055 1334 2117 indolem
1345 2052 1388 2132 ju-

322 2165 463 2240 niorum,
475 2165 540 2228 sola
557 2165 716 2226 occasione
732 2165 926 2247 precedentis
939 2165 1036 2226 aetatis
1056 2164 1259 2224 intumescunt
1269 2157 1388 2240 (Sidou.

322 2269 377 2330 lib·
385 2267 466 2330 Vlll
476 2315 486 2344 ,
498 2269 585 2352 epist.
595 2273 665 2347 vn)
685 2315 695 2344 ,
716 2270 834 2332 ratione
852 2283 903 2331 aut
923 2269 1071 2352 sapientia
1083 2289 1192 2353 parum
1205 2280 1258 2330 aut
1269 2265 1344 2328 nihil
1356 2261 1390 2324 ab

322 2375 361 2435 iis
373 2375 504 2437 discreti.
517 2403 533 2428 ι
547 2373 633 2436 Beue
647 2373 722 2436 olim
730 2373 833 2436 Varro
848 2400 856 2434 :
873 2402 889 2430 κ
908 2372 970 2437 Sed
982 2395 1081 2457 oeque
1095 2375 1212 2437 venrlus
1225 2371 1389 2444 mortus,

322 2501 414 2562 quam
426 2480 565 2542 novellus
578 2480 706 2556 melior,
725 2503 783 2543 nec
801 2482 963 2544 cauitudini
981 2504 1085 2546 comes
1104 2484 1207 2545 virtus.
1226 2511 1244 2538 a·
1260 2481 1393 2565 Ergollu

322 2587 473 2660 adnitere,
485 2586 662 2649 incredibile
672 2588 813 2670 gaudium
824 2611 965 2651 sensurus
978 2618 993 2643 α
1004 2612 1097 2673 quum
1105 2589 1256 2674 puerilem
1264 2589 1392 2652 animun

321 2693 509 2775 deposueris,
525 2707 555 2756 et
566 2707 595 2754 te
607 2695 638 2754 in
649 2694 731 2755 viros
738 2695 930 2778 philosophia
939 2697 1185 2782 transscripserit.
1198 2695 1308 2759 Adhuc
1319 2693 1394 2757 enim

322 2803 376 2878 (ut
390 2799 442 2858 illa
454 2795 577 2861 Senecae
590 2800 792 2884 subjungam)
802 2821 864 2864 uon
872 2805 1002 2885 pueritia
1013 2807 1043 2866 in
1058 2805 1162 2880 nobis,
1176 2807 1231 2866 sed
1240 2806 1323 2886 quod
1333 2822 1394 2886 gra-

322 2905 389 2965 vius
403 2918 464 2980 est,
484 2905 639 2987 puerilitas
659 2921 817 2968 remanet:
835 2923 865 2970 et
882 2909 1092 2972 auctoritatem
1106 2909 1256 2972 habemus
1269 2931 1393 2982 senum,

323 3013 395 3072 vitia
409 3031 584 3092 puerorum.
600 3039 616 3068 a
630 3011 725 3091 (Sem
736 3012 834 3098 Epist.
849 3018 918 3092 tv.)
930 3014 1016 3077 Anu.
1028 3017 1127 3095 Boni,
1144 3032 1175 3080 et
1187 3017 1265 3079 milti
1279 3017 1395 3099 quidem

322 3117 421 3202 grati,
437 3117 490 3178 sed
505 3137 566 3182 nou
576 3141 635 3202 pro
648 3117 781 3204 iulgohi
795 3143 960 3186 sermones
977 3119 1063 3188 Ltus.
1079 3123 1255 3189 Stoicorum
1272 3139 1357 3196 sunt,
1369 3123 1395 3182 id

323 3239 455 3286 estsere
469 3215 747 3309 philosophantium
763 3251 771 3288 ε
788 3229 814 3290 si
829 3229 888 3292 ltuc
902 3244 933 3292 te
948 3233 1019 3308 das,
1038 3233 1111 3312 quid
1123 3231 1254 3295 reflectis
1274 3231 1394 3302 oculos,

324 3344 355 3392 et
368 3331 408 3392 ad
415 3329 540 3413 rulgtun
548 3335 688 3414 spectas?
702 3331 875 3416 Diogenem
885 3335 973 3396 illurn
987 3334 1138 3422 Cynicum
1149 3383 1158 3416 ,
1173 3339 1203 3398 iu
1214 3338 1274 3402 ltac
1285 3349 1397 3400 seuten-

320 3435 385 3512 tia,
404 3437 493 3512 audi,
511 3437 563 3517 qui
575 3437 778 3522 irnerrogatus
797 3462 805 3498 ε
825 3469 840 3494 ι
858 3439 995 3504 Ubinam
1016 3441 1146 3506 Graeciae
1164 3443 1261 3507 Viros
1284 3445 1399 3507 vidisset

322 3541 575 3604 bonosi-Viros
585 3541 767 3620 hercle,ait,
778 3565 940 3628 nusquam:
949 3545 1399 3614 LaeedaemouetamenPneros

324 3649 395 3710 ridi.
408 3677 425 3703 u
436 3646 557 3725 (Laert.
567 3649 599 3709 in
609 3647 722 3732 Diog.)
734 3648 776 3711 Et
785 3653 830 3714 vis
841 3652 934 3714 alium
945 3651 1082 3718 Stoicum
1094 3659 1294 3719 sermonem?
1306 3677 1399 3737 nequo

325 3753 468 3815 inutiliter
480 3755 618 3837 ingeram
628 3801 636 3832 ,
646 3776 719 3817 uam
730 3801 739 3829 ,
751 3769 783 3817 ut
796 3771 877 3821 recte
889 3757 1046 3842 Epictetus
1058 3784 1065 3820 ε
1080 3789 1096 3818 ι
1106 3761 1234 3828 Initium
1244 3765 1399 3837 docmina,

324 3861 482 3922 nominum
494 3861 732 3923 consideratio.»
748 3861 864 3941 iidem,
881 3865 965 3944 dico,
980 3865 1093 3942 Stoici,
1111 3869 1169 3932 hos
1185 3893 1301 3955 pueros
1311 3887 1342 3933 et
1353 3893 1402 3932 ro-

326 3968 397 4040 des,
420 3965 525 4027 stultos
547 3965 720 4042 habebant,
742 3967 854 4031 nullius
873 3969 962 4034 bona
980 3974 1026 4036 rei
1047 3990 1099 4037 aot
1117 3979 1208 4060 spei:
1226 3991 1258 4040 at
1277 3978 1330 4060 qui
1343 3977 1401 4060 jam

327 4071 493 4152 inciperent
510 4084 541 4132 et
556 4063 809 4150 adluls'escerent,
831 4077 943 4158 quique
961 4076 1125 4162 Sapientiae
1147 4101 1180 4144 se
1198 4087 1328 4161 darent,
1350 4084 1403 4143 hos

325 4175 486 4251 swdi'asos,
500 4189 530 4236 et
542 4177 651 4237 studere
664 4179 823 4252 dicebaut3
844 4183 896 4263 qui
912 4197 1014 4246 autem
1028 4188 1239 4270 pervenissent
1255 4193 1357 4253 dunos
1378 4202 1404 4251 et

328 4281 460 4342 mditos.
471 4279 589 4343 Passim
601 4279 655 4343 ille
668 4303 770 4346 sermo
782 4287 824 4360 (si
835 4288 901 4368 quis
914 4289 1079 4370 observat)
1093 4295 1125 4356 in
1136 4315 1245 4359 eorum
1263 4297 1402 4381 scriptist
