2894 4954
484 458 659 552 CAPUT
684 458 759 526 lll.
1087 461 1150 549 309

84 612 224 670 snmus,
247 604 284 655 ut
306 589 425 656 liceret
451 589 601 656 latiorem
627 588 742 666 virtuti
771 611 924 678 canrpnm
944 584 1038 652 dare.
1058 587 1150 650 Prae·

84 703 217 770 clusum
227 702 288 770 tibi
299 703 446 772 tribunal
456 707 539 786 ιη’,
556 704 726 772 etRostris
737 707 749 736 ²
761 701 966 794 prohiberis,
981 715 1039 767 aut
1053 700 1153 766 eomi-

90 811 195 884 uie?
213 820 344 910 respice
357 833 433 911 post
452 834 501 900 te,
529 834 690 909 qnantum
710 818 944 885 latissimarum
975 817 1149 907 regionum

91 946 224 1024 proteat,
246 947 408 1024 quantum
431 932 631 1026 populorum
652 959 659 998 :
681 957 852 1023 nunqnam
874 931 935 998 tibi
961 930 1016 1010 ita,
1031 951 1149 1021 magna

86 1069 168 1138 pars
195 1042 437 1128 obstruetur³‚
459 1062 584 1116 utnon
610 1047 715 1140 major
739 1046 961 1138 relinquatur.
984 1043 1052 1114 Sed
1073 1041 1151 1112 vide

86 1183 133 1226 ne
154 1175 259 1228 totum
277 1162 369 1230 istud
385 1163 503 1230 vitium
523 1178 617 1230 tuum
636 1156 717 1246 sit⁴3
740 1186 809 1230 non
824 1163 977 1230 visenim
991 1161 1056 1227 nisi
1072 1183 1152 1230 eon·

86 1353 141 1424 jam
151 1353 267 1406 vidimus.
279 1353 373 1408 Notum
387 1375 464 1424 vero,
475 1355 518 1408 vel
528 1374 557 1407 ex
567 1353 598 1409 iis
647 1357 826 1410 concinnitate.
847 1358 913 1410 Nam
926 1355 1024 1409 videtur
1044 1355 1151 1408 voluisse

85 1451 150 1501 qnae
160 1433 252 1506 passim
262 1434 289 1486 in
298 1435 392 1487 notulis
402 1435 492 1488 nostris
502 1435 598 1508 sparsi·
647 1431 695 1488 hoo
707 1433 807 1500 dicere,
826 1454 874 1487 nec
883 1434 984 1508 publica
992 1433 1068 1486 alicui
1077 1469 1084 1498 ,
1105 1451 1151 1483 nec

87 1529 146 1562 mna
156 1549 163 1576 ‚
173 1511 293 1582 placuisse
300 1513 422 1586 praecipue
433 1513 523 1566 Stoicis
532 1513 597 1566 hanc
645 1511 739 1565 lorensi
749 1511 891 1582 eloquentia
901 1511 997 1564 licitum
1008 1511 1152 1566 claresceret

84 1588 438 1660 doctrinamanmnndanns
447 1629 455 1656 ,
464 1604 488 1644 et
495 1603 523 1643 nt
529 1611 597 1644 nune
645 1589 781 1659 etquidem
793 1609 837 1663 pro
849 1589 943 1642 lorensi
956 1587 1099 1660 eloquentia
1109 1589 1152 1638 tri·

87 1665 200 1716 mutuati
217 1685 311 1722 nomen
331 1689 344 1721 e
361 1669 456 1723 Graecis
473 1668 596 1734 dicimus,
647 1665 731 1718 dunel
749 1665 810 1718 dixit
827 1705 835 1732 ,
855 1685 900 1738 pro
923 1665 1023 1739 publica
1048 1667 1152 1717 rostris:

86 1745 262 1810 κοσμοπιλίιης
276 1745 374 1818 sapiens
389 1745 504 1800 efficitur.
519 1747 600 1798 Nam-
647 1743 692 1794 sed
701 1746 811 1796 comitiis
822 1761 872 1812 qua
887 1741 918 1794 de
928 1741 1026 1794 eausa?
1044 1762 1152 1813 namque

85 1838 154 1888 que,
163 1817 244 1872 aiebat
253 1821 324 1874 Zeno
334 1862 342 1889 ,
353 1822 468 1876 homines
479 1824 599 1896 aosprins
647 1819 697 1874 hoo
709 1820 787 1874 modo
798 1819 924 1871 honorum
936 1819 1022 1891 petitio
1034 1832 1058 1871 et
1071 1819 1153 1872 candi·

86 1914 178 1946 sumus
195 1915 269 1964 quam
289 1898 354 1950 cives
367 1917 374 1951 :
389 1899 449 1952 civis
466 1911 548 1952 autem
566 1900 599 1953 ad
648 1898 763 1950 datorum
776 1895 1152 1953 nisnsindicanturclarissime.

64 1965 67 1968 ¹
87 1973 176 2025 locum
189 1994 287 2041 unum,
306 1977 338 2030 ad
350 1979 474 2034 amntem
492 1980 599 2053 pertinet
648 1977 774 2030 Exstincta
785 1995 845 2028 vero
865 1972 1017 2047 Republica,
1031 1993 1084 2025 non
1102 1974 1152 2044 jam

87 2055 181 2122 (quse,
196 2067 396 2128 quantacumque
406 2058 454 2124 sit,
466 2069 542 2130 quota
553 2079 599 2111 re·
647 2054 745 2128 publice
763 2045 871 2105 honores
891 2050 1092 2114 mandabantrrr;
1113 2070 1154 2103 ne·

85 2150 149 2182 rum
160 2129 328 2186 humanarum
338 2135 419 2206 portio
429 2148 464 2188 est
474 2135 479 2186 l
489 2137 510 2201 )‚
520 2135 598 2188 bomo
647 2131 731 2203 quein
742 2130 850 2182 comitiis
859 2129 946 2203 populi
958 2124 1078 2200 suffragia
1088 2147 1153 2180 eom·

88 2229 153 2260 sero
163 2209 196 2260 ad
208 2209 396 2266 humanitatem.
412 2212 540 2274 oderant,
553 2233 599 2265 ne·
647 2227 743 2280 perere,
757 2206 839 2259 sedin
850 2206 951 2279 palatiis·
963 2203 1154 2284 principiaque-

89 2307 142 2356 que
150 2286 288 2354 immerito,
299 2290 448 2362 optimarum
460 2291 598 2363 disciplina·
647 2286 708 2337 lltm
719 2285 836 2356 aucupari
848 2302 947 2335 necem
960 2295 1019 2335 0¹³²·

89 2383 150 2416 rum
157 2363 186 2416 hi
196 2366 309 2438 magistri
323 2367 445 2438 privatam
458 2367 599 2420 utilitatem.
681 2367 704 2430 4.
716 2363 876 2416 obstaretur.
887 2362 988 2414 Passive
1000 2397 1007 2425 ,
1020 2379 1077 2412 cum
1088 2359 1154 2411 sub-

90 2441 172 2510 Atqui
181 2442 274 2514 privata
283 2444 416 2498 commoda
422 2444 495 2498 multi
501 2443 599 2518 generis
647 2442 704 2513 ject.
713 2444 794 2498 llulor.
806 2444 899 2505 γίνουςς
913 2459 994 2510 neque
1008 2437 1156 2509 improban-

87 2531 169 2580 snnt3
181 2533 206 2572 et
215 2533 244 2572 nt
256 2521 341 2592 patrie
353 2521 449 2573 bonum
460 2539 511 2573 snae
522 2519 599 2593 ipsius
648 2518 710 2571 dnm
718 2519 832 2589 quamvis
840 2538 895 2571 raro
905 2516 1021 2579 occurrit,
1031 2528 1056 2566 et
1063 2515 1156 2566 ιιιὶηιιιι

89 2594 195 2647 utilitati
206 2595 296 2666 aliquis
307 2597 568 2664 debetanteferre‚ita
576 2609 601 2649 et
648 2601 733 2650 forsan
760 2596 836 2649 alicui
864 2596 990 2669 principio
1020 2594 1155 2664 vitlpbitur.

89 2671 210 2724 omnium
228 2673 362 2728 hominum
383 2675 516 2729 commoda
531 2688 600 2728 ante·
648 2676 717 2730 Tull.
738 2696 784 2748 pro
803 2675 858 2748 Syl.
879 2695 931 2747 cap.
954 2691 1008 2745 79:
1030 2695 1043 2718 s
1057 2671 1155 2724 Munite

88 2762 185 2822 ponet,
197 2750 218 2802 si
226 2752 316 2825 sapiet,
330 2753 414 2825 patriae
424 2753 501 2806 bono.
649 2773 810 2808 communem
836 2772 919 2805 arcem
942 2751 1084 2813 bonorum,
1105 2749 1156 2801 ob-

123 2845 144 2878 ι.
153 2827 339 2884 Pmctmum...
348 2841 394 2884 est.
405 2832 600 2884 lli'ceainnnese
648 2831 733 2884 struite
740 2831 855 2904 perfugia
865 2829 1046 2904 improborum.
1054 2849 1067 2872 ιι
1080 2827 1113 2877 Et
1124 2825 1155 2876 de

88 2925 151 2976 qnae
159 2905 206 2958 sibi
215 2907 262 2980 ipsi
271 2907 414 2961 accidernt
422 2907 521 2961 videtur
529 2909 600 2961 Nost.
649 2911 709 2963 Sen.
730 2929 782 2987 cap.
797 2910 846 2972 75:
860 2931 872 2953 ι
886 2907 942 2974 Qui
960 2907 1006 2959 iter
1027 2905 1111 2958 Ptenis
1132 2917 1156 2956 et

87 2981 186 3055 qnippe
194 3003 268 3052 quem
277 3005 291 3036 a
300 2985 373 3038 rebus
381 2986 487 3057 publicis
496 3025 502 3051 ‚
514 3007 572 3039 mox
577 2999 600 3039 et
648 2986 792 3058 corporibus
798 2987 848 3038 suis
855 2986 982 3045 obstruere
991 2985 1132 3037 voluerunt.
1144 3007 1155 3030 ι

89 3059 148 3130 ipso
158 3059 213 3111 l'oso
221 3060 381 3134 prohibuerat
392 3062 422 3114 G.
430 3061 512 3136 Calig.
521 3083 599 3134 quum
652 3063 773 3130 Quamvis
783 3064 921 3137 elegantior
931 3063 1008 3117 dard.
1016 3084 1066 3117 cas.
1074 3064 1154 3129 ldem,

88 3135 163 3192 illius
169 3137 254 3190 virtuti
264 3151 288 3191 et
296 3140 446 3210 eloquentiae
453 3140 584 3192 invideret.
651 3139 682 3193 de
696 3139 762 3192 Clar.
773 3140 805 3193 65
814 3158 819 3192 :
829 3163 842 3188 κ
854 3141 897 3195 Sic
908 3139 1011 3195 Catonis
1018 3141 1156 3193 luminibus

128 3233 152 3264 a.
164 3215 275 3269 Rostris.
285 3217 376 3270 llostra
385 3217 488 3270 ιιιιίιιιιι
497 3255 504 3280 ,
513 3218 534 3270 ιί
544 3237 601 3290 pro·
651 3218 770 3272 obstruxit
776 3218 829 3273 hec
837 3219 1000 3291 posteriorum
1009 3219 1079 3290 quasi
1087 3237 1157 3288 erag-

88 3290 150 3362 prio
160 3309 235 3346 sensu
243 3313 296 3346 rem
306 3297 452 3368 sumpseris,
460 3315 602 3348 armamen-
650 3307 735 3368 gerata
746 3295 819 3347 altius
831 3296 919 3348 oratio.
931 3320 944 3342 u

88 3379 191 3420 tasum
204 3370 298 3440 quibua
317 3392 386 3425 mare
409 3371 522 3424 finditur.
533 3371 600 3424 Gall.
684 3371 954 3426 5.Seds·r'de...tuum
968 3379 1018 3433 sit,
1038 3386 1081 3428 etc.
1091 3375 1157 3426 'l'en-

88 3444 204 3498 dicimus
220 3449 263 3500 bec
278 3449 319 3501 vel
330 3455 442 3518 sperans.
454 3448 505 3502 Sed
523 3469 601 3520 quum
652 3449 689 3501 dit
700 3469 767 3501 nunc
779 3451 807 3502 in
820 3451 869 3503 alia
879 3491 886 3518 ,
898 3463 922 3503 et
933 3451 969 3503 ait
979 3469 984 3502 ι
994 3451 1039 3502 sed
1049 3471 1156 3514 vereor,

90 3521 240 3575 Antiatibus
253 3524 321 3579 bello
333 3526 405 3578 vietis
413 3546 471 3579 ann.
480 3539 531 3578 ant.
542 3525 601 3582 Chr.
650 3541 679 3580 ut
687 3528 803 3581 facultate
816 3549 865 3580 una
879 3529 966 3581 utilem
988 3541 1010 3580 te
1034 3527 1156 3580 reddendi

91 3613 148 3651 nat.
162 3599 210 3653 338
220 3602 300 3654 multa
312 3622 325 3653 ι
336 3602 444 3655 navibus
456 3604 531 3676 captis
545 3603 603 3654 tto-
652 3605 724 3678 Reip.
734 3619 865 3659 contentus
874 3607 924 3668 sis,
944 3604 988 3657 sed
999 3624 1064 3658 vana
1076 3605 1156 3657 ambi·

90 3676 167 3729 mani
189 3675 348 3740 detulissent,
372 3699 401 3731 ex
418 3679 568 3752 aplustribus
580 3691 604 3730 et
651 3682 719 3735 tione
732 3683 837 3742 ducaris.
850 3681 959 3734 Simulus
979 3681 1026 3734 tibi
1047 3682 1157 3754 publica-

91 3754 181 3808 rostsis
194 3755 274 3808 moles
286 3754 390 3829 trophoel
406 3757 482 3808 instar
493 3767 551 3809 ante
562 3775 603 3808 ou·
652 3779 708 3810 rum
732 3779 814 3811 rerum
836 3759 1008 3811 tractationem
1028 3773 1157 3833 propterea

89 3832 159 3884 ιίιιιι
169 3831 302 3884 Hostiliam
310 3845 398 3899 erecta,
409 3834 450 3887 rui
458 3833 603 3906 impositum
652 3834 784 3909 displicere
796 3835 864 3906 quod
872 3836 899 3887 in
911 3837 949 3887 his
959 3837 1063 3888 ambitio
1075 3851 1099 3891 et
1108 3851 1157 3891 tnr-

89 3921 263 3980 suggestnm‚
284 3922 327 3961 ant
349 3908 426 3962 sedile
454 3923 510 3974 est,
534 3909 603 3962 nnsle
651 3911 1158 3984 bidaconsiliaetaurovonaliseloquen-

91 3985 192 4059 publici
205 3986 363 4058 magistratus
381 3987 602 4040 concionabantur.
652 3990 685 4042 tia
699 3989 804 4043 maxime
815 3990 940 4062 polleant,
961 3991 1002 4042 sed
1025 3991 1158 4064 displicent

126 4063 153 4114 3.
163 4065 222 4116 Ars!
232 4067 350 4118 comitiis.
363 4066 493 4133 Quidnam
506 4066 531 4120 h.
542 4068 558 4119 l.
570 4068 601 4119 dc
651 4069 710 4137 qnia
721 4068 753 4120 ad
764 4069 914 4140 amplissima
925 4068 998 4121 evehi
1008 4069 1059 4140 jam
1072 4070 1139 4142 cupis
1148 4107 1161 4134 ‚¹

92 4141 206 4194 comitiis
215 4141 308 4210 injecta
315 4143 411 4196 mentio
420 4157 456 4195 est
465 4143 477 4194 ,Ρ
487 4145 554 4197 lllira
565 4164 603 4197 res
652 4164 735 4214 neque
746 4145 814 4197 aliud
832 4146 942 4197 somnias
958 4165 1034 4215 qnam
1045 4147 1157 4204 consula-

91 4237 155 4278 saue
166 4255 174 4282 ‚
186 4239 269 4290 neque
283 4239 312 4272 ex
328 4219 401 4273 solita
413 4221 507 4274 Annei
523 4221 600 4276 nostri
651 4235 703 4287 tus,
714 4223 868 4286 mcerdotia,
882 4223 1021 4277 dictaturas.
