2886 4958
421 639 781 702 ARGUMENTUM.

511 898 646 921 *-

112 1131 140 1196 l,
152 1131 185 1186 ll.
198 1131 349 1186 Alendibus
361 1131 505 1188 Stoicorum
517 1133 629 1201 orditur,
640 1149 705 1205 quos
716 1151 748 1186 eo
756 1131 862 1186 nomine
873 1131 973 1208 prefert
984 1132 1080 1188 ceteris
1088 1152 1144 1186 orn·

82 1213 151 1268 nibus
161 1215 334 1292 pbilosophis,
347 1219 415 1290 qnod
428 1239 482 1272 non
494 1218 605 1272 molliter
617 1231 641 1270 et
653 1217 764 1282 blande,
778 1215 821 1269 sed
831 1215 938 1270 viriliter
948 1230 1043 1289 agunt,
1056 1230 1080 1269 et
1096 1235 1143 1270 nos

84 1313 111 1347 eo
127 1298 213 1352 ducere
229 1314 344 1368 tentant,
360 1316 478 1378 utsupra
496 1323 601 1356 omnem
614 1304 742 1354 fortunam
759 1301 922 1354 emineamus.
937 1299 997 1353 Jam
1014 1299 1145 1354 mentione

81 1379 114 1432 M.
127 1381 226 1438 Catonis
234 1387 298 1439 lecta
308 1398 332 1440 et
343 1385 484 1458 objectione
496 1387 705 1460 injectatNonne
717 1385 781 1438 Cato
793 1385 954 1440 contumeliis
966 1387 1077 1453 affectus,
1089 1405 1146 1464 ver·

81 1461 172 1518 boribus
181 1479 204 1519 et
212 1465 403 1541 sputisi’transit
412 1469 443 1522 ad
456 1469 600 1541 paradoxon
608 1467 752 1524 Stoicorum
763 1471 920 1523 tractandum
931 1469 1082 1540 :sapientem
1092 1488 1146 1523 non

80 1547 141 1603 allici
152 1552 255 1624 injuria.
290 1553 346 1618 lll,
359 1555 404 1608 lv.
416 1553 454 1606 Ab
467 1555 517 1606 bac
528 1553 670 1626 objectione
681 1567 731 1607 tam
747 1556 867 1608 adversus
876 1547 928 1607 boc
946 1553 1056 1626 dogma,
1069 1573 1146 1626 quam

80 1635 189 1690 adversus
206 1638 305 1710 reliqua
323 1639 467 1694 Stoicorum
483 1641 579 1696 decreta
599 1640 739 1714 rigidiora,
754 1640 898 1712 ingreditur
914 1640 942 1692 in
958 1640 1105 1708 materiem,
1122 1651 1148 1692 et

78 1719 162 1788 docet,
175 1723 299 1778 Catonern
307 1723 408 1798 injuriis
418 1745 471 1778 non
480 1745 531 1778 esse
541 1726 661 1778 allectum
672 1725 736 1778 :fuit
744 1726 815 1779 enim
825 1725 924 1800 sapiens
934 1725 977 1790 ,in
988 1745 1064 1796 quern
1074 1724 1147 1778 nulla

78 1805 163 1877 iniuria
174 1809 249 1862 cadit.
259 1810 337 1880 Quod
345 1821 430 1862 tamen
438 1831 467 1863 ea
478 1823 562 1863 mente
576 1810 628 1863 dici
639 1810 674 1864 ait
685 1811 792 1876 Noster,
803 1831 856 1863 non
866 1823 894 1864 ut
900 1811 1009 1864 omnino
1020 1831 1074 1891 non
1085 1809 1147 1876 fiat,

77 1891 117 1944 sed
127 1906 154 1946 ut
163 1913 219 1948 eam
229 1915 285 1948 non
296 1894 419 1948 admittat.
431 1896 533 1949 Feritur
546 1896 651 1968 quidem
667 1895 782 1970 sapiens,
797 1895 906 1949 sednon
921 1894 1041 1972 luditur,
1054 1895 1148 1970 qnippe

78 1977 117 2044 qui
127 1977 233 2032 intactus
249 1994 274 2033 et
286 1979 485 2054 impenetrabilis
497 1992 535 2033 est
551 1979 650 2053 injuriis
661 1992 687 2033 et
701 1979 870 2034 contumeliis.
905 1981 1034 2034 V.-Vll.
1046 1979 1148 2035 Dividit

78 2055 163 2112 deinde
175 2060 286 2114 dicenda
296 2061 324 2115 in
337 2061 399 2115 duas
410 2075 492 2136 partes
503 2099 511 2128 ,
523 2061 600 2134 idque
612 2081 627 2114 a
644 2061 789 2114 discrimine
806 2062 910 2132 lnjnriae
928 2075 952 2116 et
969 2062 1148 2118 Contumeliae.

76 2139 159 2197 Priore
170 2158 256 2198 antem
273 2160 350 2220 negat
363 2145 435 2198 illam
448 2147 537 2200 cadere
547 2146 575 2199 in
590 2146 744 2220 sapientem,
758 2146 895 2220 posteriore
912 2168 959 2202 nec
974 2147 1049 2202 banc.
1068 2148 1148 2217 Quod

78 2224 106 2276 ad
116 2226 233 2297 injuriam
245 2230 372 2303 pertinet,
384 2248 413 2282 ea
425 2229 523 2283 malum
538 2241 590 2296 est,
603 2228 674 2302 quod
688 2229 716 2283 in
728 2231 867 2303 sapientem
880 2233 969 2284 cadere
982 2232 1079 2304 nequit.
1097 2234 1147 2285 ln-

76 2309 134 2380 jnria
153 2313 265 2367 detrabit
283 2326 308 2368 et
326 2315 448 2368 diminuit
458 2332 466 2367 ι
476 2314 583 2390 sepienti
600 2328 683 2368 autem
696 2313 761 2370 nihil
774 2313 894 2390 eripitur,
910 2318 1001 2392 quippe
1019 2318 1065 2389 qui
1079 2317 1108 2370 in
1119 2337 1147 2373 se

76 2391 146 2448 babet
154 2397 243 2451 omnia
252 2398 377 2473 reposita,
390 2399 499 2470 ideoque
511 2411 579 2454 ertra
592 2397 712 2470 injuriam
720 2412 744 2453 et
755 2402 864 2455 sortnnae
872 2401 983 2454 ludibria
989 2400 1084 2475 positus
1093 2412 1145 2467 est,

76 2488 100 2528 nt
109 2476 188 2553 Stilpo
200 2480 378 2555 philosophus.
400 2481 472 2534 vlll.
479 2482 563 2535 Fortis
573 2481 605 2535 ab
616 2481 719 2536 infirmo
729 2505 783 2536 nou
794 2484 895 2537 loeditur
906 2503 912 2536 :
923 2504 977 2538 non
988 2504 1050 2559 ergo
1061 2504 1077 2536 a
1086 2501 1145 2536 tna-

75 2557 124 2612 litia
135 2563 224 2617 virtus.
243 2563 349 2618 Relellit
370 2563 489 2640 deinceps
510 2563 677 2637 objectionem
696 2585 703 2619 :
720 2569 799 2638 Atqui
820 2569 936 2622 Socrates
948 2588 1035 2621 nonne
1050 2567 1144 2640 injuria

75 2641 203 2699 damnatus
214 2661 253 2700 est
262 2649 275 2701 ?
285 2647 320 2701 ita
329 2659 358 2700 ut
369 2647 453 2714 dicat,
466 2647 515 2701 boc
527 2648 583 2702 sine
596 2648 689 2722 injuria
701 2651 794 2702 lactum
805 2670 864 2702 esse.
874 2651 978 2703 lnimici
990 2649 1091 2722 quidem
1104 2651 1144 2704 in·

74 2724 180 2781 tulerunt
189 2729 329 2800 injuriam,
341 2727 386 2785 sed
396 2731 440 2784 ille
452 2751 507 2785 non
520 2731 614 2807 accepit
624 2771 631 2799 ,
643 2733 763 2806 supientia
781 2733 834 2806 ejus
848 2734 943 2804 rejecit.
956 2735 1015 2804 Qua
1027 2733 1055 2787 in
1069 2753 1096 2786 re
1107 2732 1143 2786 si·

74 2809 137 2864 milis
149 2827 185 2866 est
196 2815 268 2888 ejus,
280 2815 325 2886 qui
338 2816 432 2869 veneni
448 2814 496 2889 ipsi
506 2815 558 2869 dati
571 2816 625 2868 vim
642 2817 755 2869 antidoto
773 2818 904 2890 infringit,
917 2818 989 2885 sive,
1003 2818 1048 2890 qui
1063 2818 1144 2871 scelus

73 2913 123 2948 non
134 2899 240 2969 patitur,
253 2900 323 2972 quod
334 2900 399 2954 alius
410 2901 433 2953 ei
446 2903 526 2952 lacere
539 2913 625 2957 tentat.
650 2903 697 2966 lx,
712 2903 743 2954 X.
756 2903 851 2974 lnjuria
864 2923 921 2956 cum
933 2902 1054 2975 injustitia
1065 2903 1145 2958 miste

74 2992 108 3032 tat
117 3002 129 3034 e
138 2984 233 3054 quibus
246 3005 330 3056 neque
337 2984 404 3049 baec,
414 3004 496 3056 neque
507 2984 586 3038 illain
595 2985 732 3059 sapientem
744 2986 819 3040 cadit.
827 2987 1023 3061 Sapientinemo
1034 2989 1143 3062 prodest,
1183 3029 1186 3036 ,

75 3083 133 3137 ergo
144 3089 199 3123 non
212 3069 294 3124 laedit.
307 3071 394 3139 Quum
406 3068 500 3141 injuria
517 3081 561 3121 ant
577 3089 591 3122 a
606 3090 649 3144 spe
660 3107 668 3134 ,
680 3082 749 3124 enta
764 3082 833 3123 metu
844 3068 1031 3143 proficiscatur,
1045 3071 1145 3146 sepiens

75 3163 159 3205 neutro
172 3173 264 3207 eorum
277 3154 397 3226 tangitur.
407 3152 529 3226 lnjnriam
543 3152 654 3224 denique
667 3173 742 3206 nemo
755 3154 860 3207 immota
871 3167 955 3208 mente
971 3155 1060 3229 accipit
1071 3173 1077 3208 :
1089 3174 1146 3226 qnae

76 3253 150 3304 quum
163 3238 221 3291 sine
237 3237 427 3312 perturbatione
438 3249 462 3289 et
473 3236 510 3288 ira
520 3255 572 3290 esse
582 3237 687 3307 nequit,
702 3250 726 3289 et
736 3237 780 3289 illa
790 3251 856 3290 caret
865 3239 980 3312 sapiens,
997 3238 1081 3310 utqui
1094 3250 1146 3292 tarn

75 3318 124 3386 ira,
134 3343 214 3394 quarn
225 3321 415 3398 perturbatione
426 3333 501 3374 caret.
512 3321 577 3373 Usui
587 3335 668 3374 autem
681 3333 717 3374 est
728 3322 835 3395 sapienti
845 3323 952 3394 injuria,
968 3344 1011 3396 per
1022 3343 1097 3395 quam
1109 3343 1147 3376 er·

76 3407 245 3477 perimentum
259 3407 299 3461 sui
310 3407 384 3480 capit,
395 3418 420 3458 et
430 3407 548 3458 virtutem
554 3418 641 3457 tentat.
654 3405 793 3458 Concludit
803 3405 868 3459 hanc
877 3407 986 3479 priorem
995 3405 1148 3459 tractationis

75 3506 167 3564 partem
187 3493 368 3548 adhortatione
386 3491 418 3544 ad
436 3492 530 3564 dogma
540 3490 590 3544 boc
605 3490 698 3543 animis
711 3489 892 3563 accipiendum.
912 3490 997 3544 Altera
1012 3511 1067 3565 pars
1082 3491 1149 3544 circa

76 3579 259 3633 contumeliam
270 3591 323 3632 tota
333 3588 452 3630 versatur.
465 3580 502 3629 Ae
520 3576 629 3649 primum
643 3575 762 3648 explicat,
775 3574 838 3647 quid
851 3576 949 3648 proprie
960 3576 992 3628 sit
1003 3575 1147 3646 calumnia,

75 3678 146 3726 qnam
159 3681 174 3712 a
187 3660 305 3734 sapiente
317 3657 426 3711 alienam
438 3676 488 3709 esse
509 3656 596 3723 docet,
609 3676 653 3709 seu
665 3677 680 3709 a
691 3656 802 3731 sapiente
821 3669 901 3722 arcet,
915 3657 972 3728 quia
982 3658 1079 3729 sapiens
1091 3677 1150 3711 ma·
1252 3701 1261 3710 .

74 3744 237 3814 gnitudinetn
249 3763 321 3798 suern
332 3743 417 3808 novit,
429 3742 487 3794 ideo
499 3740 654 3794 contumelia
666 3742 764 3793 adeum
776 3741 959 3814 nonpertinet,
972 3742 1063 3816 quippe
1072 3761 1149 3813 quarn

75 3849 167 3883 nomen
179 3843 205 3884 et
216 3849 274 3884 rem
284 3848 299 3881 a
309 3839 454 3900 contemptu
464 3824 641 3899 habereputat.
663 3825 710 3890 XI,
721 3825 777 3878 llll.
790 3824 876 3893 Quum
887 3845 963 3878 nemo
973 3826 1022 3879 nisi
1029 3825 1151 3899 superbus
1229 3877 1232 3892 ,

74 3925 98 3965 et
108 3914 225 3968 insolens
236 3912 419 3968 contumeliam
432 3911 506 3964 inlert
518 3947 526 3976 ,
537 3910 635 3984 sapiens
644 3907 705 3961 tales
715 3909 817 3982 spernit
834 3911 918 3961 Nemo
935 3911 1058 3982 majorem
1074 3923 1150 3982 atque
1211 3971 1216 3976 ι

74 3996 206 4052 meliorem
217 4017 246 4050 se
260 3995 399 4050 contemnit
410 4013 418 4048 ι
430 3994 450 4046 is
463 4007 547 4046 nutem
564 4006 599 4046 est
614 3992 721 4066 sapiens.
735 3993 802 4066 Ergo
818 3991 845 4044 in
861 3993 968 4047 aedicto
987 3995 1068 4062 ridet,
1083 4009 1110 4048 ut
1121 3996 1151 4049 in

74 4082 196 4136 conviviis
207 4080 309 4154 joculos
321 4097 466 4153 puerorum.
479 4076 531 4130 Sed
549 4074 632 4147 qnid?
643 4077 692 4128 lert
703 4075 781 4148 igitur
794 4074 848 4129 buc
868 4076 956 4129 omnia
967 4076 1086 4149 sapiens?
1096 4097 1151 4134 non

73 4164 175 4239 castigat
185 4178 233 4218 ant
243 4161 402 4235 compescit?
411 4161 494 4212 Immo
510 4159 571 4216 facit
589 4157 733 4224 interdurn,
746 4158 810 4211 sicut
823 4158 881 4211 illos
892 4159 959 4231 ipsos
970 4181 1059 4233 pueros
1072 4163 1152 4216 casti.

72 4264 131 4316 gare
141 4247 262 4300 solemus
273 4260 281 4296 t
291 4263 344 4298 non
356 4243 416 4316 quia
426 4240 522 4294 malum
535 4241 578 4294 ille
594 4240 693 4315 sapiens
705 4254 831 4312 streperet
845 4241 875 4294 ob
893 4241 936 4306 iis,
947 4243 990 4294 sed
1005 4243 1064 4315 quia
1080 4244 1153 4298 lece-
