2894 4954
302 477 365 562 342
449 473 520 542 uu
543 474 1022 566 Tusuoummusuu
1043 473 1202 542 suum

300 607 513 674 menimis-iri
522 603 658 674 timidos
671 605 803 674 fortiter
812 604 991 672 moriendo
1004 605 1158 672 fuciunt?
1171 600 1368 670 laudemus

300 722 398 790 toties
424 719 566 814 dignum
594 721 777 802 leudibus,
804 735 840 788 et
868 719 1017 788 dieamus
1046 721 1190 788 :Tanto
1218 717 1365 796 fortior,

300 854 392 906 tanto
410 838 567 919 felicior,
593 838 758 906 humanos
775 839 924 930 effirgisti
945 861 1065 918 casus,
1083 836 1251 916 livorem,
1273 857 1368 902 mor-

298 955 379 1023 bum
400 951 409 1020 l
429 955 527 1022 existi
550 977 592 1022 ex
618 950 792 1022 custodial
811 977 880 1022 non
905 969 943 1021 tu
968 953 1094 1046 dignus
1117 954 1203 1020 msls
1228 954 1369 1020 fortuna

299 1070 373 1138 Diis
388 1070 480 1138 visus
492 1093 546 1152 es,
568 1067 629 1138 sed
645 1068 807 1163 indignus
823 1070 860 1136 in
880 1093 981 1160 quem
995 1071 1067 1160 jem
1083 1067 1213 1161 aliquid
1228 1068 1368 1135 lurtum

260 1210 273 1258 7
299 1181 433 1278 posset!
454 1185 730 1254 Subducentibus
742 1209 823 1255 vero
845 1209 903 1265 se,
925 1201 959 1252 et
980 1187 1016 1252 in
1037 1187 1111 1278 ipss
1129 1202 1234 1252 morte
1249 1183 1299 1252 ad
1319 1185 1369 1251 si-

300 1317 367 1368 tnm
394 1301 663 1393 respectantibus
687 1323 806 1370 manus
826 1299 1017 1392 injiciendae
1037 1307 1155 1368 sunt¹.
1185 1301 1368 1367 Neminem

300 1417 390 1484 flebo
404 1418 538 1498 lentum,
560 1417 731 1492 nerninem
748 1417 910 1501 flentem
930 1417 989 1484 ille
1014 1415 1167 1484 laesimus
1182 1438 1275 1482 mess
1293 1417 1368 1507 ipse

300 1531 459 1600 abstersit
483 1559 490 1598 :
514 1533 571 1600 bic
593 1534 663 1600 suis
685 1533 833 1600 lacrimis
850 1532 983 1612 effecit,
1004 1554 1050 1599 ne
1064 1531 1142 1598 ullis
1159 1529 1286 1623 dignus
1309 1530 1365 1597 sit.

299 1649 371 1738 ugo
385 1648 566 1716 Herculem
581 1648 697 1730 llesm,
713 1646 806 1738 quod
822 1648 919 1717 vivus
935 1649 1084 1728 uritur¹‚
1103 1663 1162 1715 unt
1173 1643 1366 1738 Regulum,

300 1759 393 1850 quod
418 1776 467 1828 tot
488 1761 591 1830 clavis
610 1761 813 1854 configitur,
832 1777 892 1830 sut
908 1763 1092 1838 Catonem,
1112 1757 1203 1851 quod
1222 1759 1370 1826 vulners

223 1959 230 1980 ἢ
301 1899 362 1942 sue
377 1875 510 1943 fortiter
522 1869 620 1944 tulit³
636 1877 789 1944 lomnes
799 1876 856 1944 isti
869 1877 934 1944 levi
948 1877 1110 1968 temporis
1127 1869 1302 1968 impensal
1318 1875 1371 1940 in-

300 2007 470 2060 venerunt
493 1991 662 2083 quomodo
694 1993 812 2060 aeterni
837 1993 963 2062 fierent
983 2019 991 2058 :
1010 1992 1054 2059 nd
1086 1989 1372 2060 immortalitatem

260 2130 277 2180 s
302 2083 477 2178 moriendo
487 2125 667 2177 venerunt.
684 2113 743 2178 Est
759 2124 794 2178 et
807 2108 868 2176 ille
880 2108 1146 2178 sollicitudinum
1159 2131 1227 2174 non
1239 2105 1374 2174 medio·

301 2224 368 2290 cris
385 2225 546 2302 muteris,
568 2227 597 2293 si
612 2240 644 2294 te
661 2227 759 2292 anxie
778 2247 981 2319 compones,
1001 2249 1067 2293 nec
1085 2223 1147 2292 ulli
1167 2221 1372 2314 simpliciter

300 2337 457 2408 ostendes
479 2366 488 2404 z
509 2341 620 2432 qualis
643 2340 828 2410 multorum
851 2343 922 2410 vite
939 2357 1014 2422 est,
1036 2339 1136 2420 ficta,
1160 2353 1196 2405 et
1220 2351 1373 2404 ostentu-

300 2455 385 2523 tioni
398 2473 527 2548 parate.
545 2458 699 2550 Torquet
714 2458 802 2525 enim
817 2457 958 2525 assidue
971 2456 1161 2524 observatio
1175 2455 1227 2522 sui
1239 2457 1252 2535 ,'
1262 2467 1302 2519 et
1315 2452 1375 2520 de·

300 2571 469 2663 prehendi
492 2574 608 2656 aliter,
641 2597 681 2642 ec
708 2574 811 2654 solet,
837 2575 961 2641 metuit
985 2601 993 2638 :
1018 2597 1083 2640 nec
1112 2593 1262 2662 unquam
1289 2591 1374 2636 cnm

301 2685 483 2769 solvimur,
504 2689 564 2756 ubi
584 2691 682 2758 toties
701 2713 762 2757 nos
785 2690 942 2758 estimari
959 2703 1135 2782 putemus,
1154 2689 1288 2780 quoties
1307 2685 1372 2753 sd-

302 2803 400 2894 spici.
422 2805 507 2872 Nem
526 2821 562 2874 et
583 2806 689 2874 multu
711 2805 886 2886 incidunt,
916 2829 992 2896 qum
1018 2805 1141 2872 invitos
1167 2801 1371 2872 denudent:

303 2928 339 2982 et
350 2930 389 2983 ut
406 2915 494 2986 bene
508 2918 607 2986 cedat
620 2935 713 2986 tanta
730 2921 781 2987 sui
797 2918 995 3014 diligentis,
1013 2943 1082 2987 non
1097 2935 1211 3019 tamen
1219 2916 1374 3011 jucunde

301 3031 390 3111 vita,
412 3045 471 3098 sot
491 3049 707 3115 secure-est,
729 3057 863 3125 semper
890 3033 953 3102 sub
976 3021 1149 3126 persona⁵
1168 3031 1370 3101 viventium.

337 3241 358 3275 ι.
368 3223 469 3276 Marsus
481 3227 626 3292 injicienda
635 3235 702 3278 sunt.
712 3225 747 3276 vi
759 3223 811 3276 sbi-
859 3227 912 3278 cris
931 3245 988 3298 pag.
1011 3227 1075 3291 ¹⁴⁰)
1088 3225 1209 3300 proponit
1222 3227 1374 3297 Ι...[οηῗιιεν

302 3299 380 3373 gendi
398 3321 443 3352 ssn
461 3321 537 3374 poenn
549 3300 679 3354 efficiendi
696 3313 755 3354 sunt
771 3301 811 3354 illi
859 3303 953 3370 napis?
973 3303 1024 3355 Sed
1046 3303 1086 3354 bis
1104 3303 1181 3356 meris
1200 3301 1370 3373 eonjettsn'eis

302 3376 386 3429 timidi
396 3375 521 3430 homines.
726 3399 730 3408 ·
858 3380 1090 3452 supersedebimus,
1107 3379 1219 3432 lectione
1231 3378 1334 3450 vulgata
1348 3391 1372 3430 tt

336 3475 358 3507 ι.
371 3456 811 3511 Hemtem......mtmr.1nmonte
859 3457 927 3509 sslvs
948 3469 972 3510 st
993 3457 1091 3510 bonum
1113 3475 1216 3510 sensum
1239 3456 1370 3508 fundate

305 3534 374 3586 OEts.
396 3534 458 3586 Vid.
476 3534 597 3606 Sophocl.
615 3535 734 3590 Trachin·
751 3536 811 3590 Seu.
859 3537 954 3588 Nonne
974 3537 1042 3590 enim
1056 3537 1095 3602 is,
1114 3537 1159 3606 qui
1175 3535 1285 3598 vulnus,
1301 3535 1370 3605 qnod

289 3613 377 3683 Ἴης.
400 3613 474 3664 Here·
495 3613 616 3666 OEtssnm.
634 3613 677 3666 Gl.
690 3612 810 3686 Apollod.
859 3613 907 3666 sibi
918 3614 970 3687 ipss
985 3613 1120 3676 intulerat,
1140 3625 1164 3664 st
1180 3612 1275 3664 deinde
1288 3631 1305 3664 ι
1316 3631 1372 3664 me-

301 3691 346 3743 lib.
357 3692 398 3750 ll,
412 3710 465 3763 esp.
478 3711 502 3759 7,
516 3709 539 3754 ⁷·
859 3689 917 3743 dieo
929 3691 1070 3764 obligatum
1086 3703 1204 3764 ruperat,
1208 3691 1369 3762 sorls'tertu-

321 3767 809 3838 =3.Vutnemrasontmm1o.1.eeio
857 3771 921 3821 lim
932 3769 1055 3822 dicmdns
1068 3768 1124 3821 est?

304 3844 417 3896 sstlsons
428 3845 488 3896 Mss.
506 3857 532 3896 st
544 3843 612 3896 editt
623 3844 809 3896 lereomninm.
891 3849 916 3912 4.
938 3847 1076 3915 Impense.
1099 3845 1232 3913 Quatenus
1254 3843 1303 3896 sibi
1322 3843 1368 3915 ipsi

303 3921 417 3973 Muretus
430 3921 533 3974 dederat
543 3921 631 3993 seonj.
639 3924 810 3991 quodvutm
859 3937 967 3977 mortem
979 3921 1172 3988 consciverunt,
1190 3925 1299 3995 ideoque
1312 3923 1368 3975 vim

303 3999 567 4052 ruumsiuravm's?
591 3999 601 4065 (
613 3999 749 4070 respiciens
778 3999 811 4051 sd
857 4003 906 4056 sibi
923 4003 1294 4076 reliqusejsctursmletsrnnt.

304 4073 394 4126 Ssnec.
407 4076 453 4147 Ep.
465 4077 497 4142 nl
507 4113 515 4138 ‚
526 4087 582 4148 post
592 4077 646 4128 init.
653 4090 679 4127 et
689 4077 808 4142 Plntsru)
892 4084 916 4132 5.
927 4079 985 4132 Sub
995 4099 1116 4148 persono.
1135 4081 1169 4132 Ut
1181 4080 1287 4144 histrio,
1299 4098 1366 4150 qno·

304 4150 402 4220 Lipsius
412 4155 531 4206 emendat
541 4157 629 4222 :qnod
640 4157 750 4207 uulmm
761 4153 812 4205 sibi
859 4177 917 4210 eum
926 4175 990 4232 seps
1003 4157 1120 4212 homiues
1130 4169 1318 4230 eompsrsntnr.
1330 4153 1367 4206 (Ἰ.

294 4229 403 4296 sortiter
430 4233 546 4284 sumtu?
574 4233 696 4286 Trillerus
719 4233 809 4300 (Obss.
859 4233 990 4286 Gstskad
1004 4232 1365 4308 buton-‚psgsdflffismffl
