2910 4954
475 850 820 914 Anouunu'rurt
844 855 973 918 ttuttt
995 855 1221 916 SECUNDI.

342 1029 525 1102 Disquirnntur
534 1030 583 1084 hoe
593 1030 660 1086 libro
668 1031 726 1087 dua
733 1033 885 1104 questiones
896 1051 903 1086 t
914 1035 984 1107 prior
995 1033 1026 1088 de
1034 1034 1078 1088 ire
1087 1047 1175 1088 nature
1185 1046 1260 1105 atque
1272 1032 1371 1097 indole,

307 1116 431 1188 posterior
449 1115 480 1168 de
498 1116 632 1182 remediis,
645 1135 703 1188 qua
722 1117 839 1171 adversus
858 1139 914 1171 ιιιιι
935 1119 1050 1172 adhiberi
1068 1132 1172 1192 oportet.
1184 1118 1260 1170 Prior
1273 1117 1373 1188 quidem

310 1219 366 1272 pars
379 1221 456 1272 usqne
469 1199 502 1254 ad
514 1221 567 1276 cap.
581 1201 654 1254 XVI!
666 1203 780 1275 pertinet.
794 1205 832 1256 Αι
846 1203 954 1277 primum
967 1203 1070 1274 querit,
1084 1215 1166 1254 utrum
1183 1200 1219 1252 ira
1233 1220 1249 1252 a
1260 1201 1314 1253 solo
1323 1201 1373 1252 im-

310 1299 388 1360 petu,
402 1307 435 1340 an
447 1308 462 1341 a
473 1287 568 1359 judicio
580 1285 759 1362 proficiscatur.
773 1287 937 1362 Respondet,
951 1309 1006 1342 eam
1018 1288 1055 1342 nil
1066 1289 1115 1342 uisi
1128 1288 1213 1340 animo
1226 1287 1373 1360 approbante

208 1402 211 1410 ·
306 1371 397 1422 conari
408 1408 416 1434 ,
427 1391 480 1446 cap.
490 1374 510 1426 1.
517 1372 560 1426 Sic
571 1372 653 1447 pergit
666 1373 758 1426 deinde
771 1372 804 1427 ad
812 1373 974 1438 doeendmn,
985 1373 1048 1444 quid
1057 1373 1089 1426 sit
1098 1372 1151 1436 ira,
1162 1370 1232 1424 addit
1243 1371 1295 1442 ejus
1305 1369 1374 1422 initia

310 1465 334 1504 et
346 1453 456 1527 padus,
468 1466 492 1507 et
501 1455 631 1526 quomodo
643 1455 741 1510 disteta
751 1457 897 1510 erudelitate
910 1469 935 1509 et
945 1459 1044 1530 furore,
1056 1457 1149 1511 ll—V.
1160 1455 1373 1525 Virtutemitaque

306 1547 361 1588 tum
374 1537 448 1590 docet
464 1539 508 1592 ire
520 1558 573 1591 nou
588 1559 640 1592 esse
652 1557 785 1613 capacem
797 1539 904 1612 ideoque
917 1561 964 1593 nec
975 1541 1111 1614 sapientem
1124 1541 1187 1612 (qui
1199 1539 1268 1592 uuila
1280 1539 1373 1590 ratione

307 1618 377 1672 vitiis
386 1633 410 1674 et
419 1619 553 1674 sceleribus
563 1621 682 1676 humanis
692 1641 829 1696 eorumque
841 1623 915 1678 ioedia
925 1623 1064 1688 effectibus,
1075 1623 1139 1695 justo
1147 1622 1229 1676 fusius
1236 1620 1371 1694 descriptis,

307 1701 437 1756 admoveri
457 1704 571 1776 possit),
589 1705 633 1759 ire
654 1725 768 1776 unquam
789 1706 928 1760 obnoxium
949 1725 976 1760 se
997 1707 1064 1778 pati,
1081 1707 1161 1758 VI-
1171 1705 1202 1756 X.
1234 1704 1375 1775 Sequuntur

304 1787 511 1858 questinneule,
523 1809 538 1842 a
550 1787 722 1864 Peripateticis
734 1804 826 1845 mota:
837 1804 923 1844 ιοιιιιι
933 1811 994 1862 quas
1003 1802 1103 1854 munet,
1116 1810 1147 1842 ne
1159 1789 1292 1862 quisquam
1300 1789 1371 1850 iram,

304 1871 366 1944 quia
378 1873 511 1927 formidini
522 1875 568 1939 sit,
584 1895 706 1950 magnum
718 1887 801 1950 putet,
823 1877 956 1930 x1-x11.
975 1877 1008 1930 Es
1023 1877 1093 1930 vinci
1105 1888 1185 1949 potest
1198 1875 1235 1928 ira
1251 1875 1284 1928 ad
1299 1877 1366 1928 xlv.

307 1953 337 2007 Si
348 1953 405 2026 quis
418 1953 498 2020 dicat,
510 1955 569 2010 ideo
580 1956 644 2009 iram
655 1957 771 2030 generosi
782 1957 846 2030 quid
854 1957 962 2023 habere,
975 1957 1045 2031 quod
1056 1971 1143 2032 gentes
1153 1957 1239 2011 libere
1249 1996 1256 2022 ,
1268 1969 1297 2010 ut
1312 1957 1372 2010 Ger-

305 2039 377 2092 mani
391 2052 416 2092 et
427 2039 546 2114 Scytha,
559 2041 699 2095 iratissimae
711 2041 894 2118 praedicantur,
912 2042 1051 2116 imputet,
1064 2041 1159 2096 feritate
1171 2061 1212 2094 eas
1225 2042 1300 2104 duci,
1315 2041 1371 2094 XV.

306 2121 410 2174 Oratori
421 2143 474 2176 uon
485 2123 559 2188 ἰιιιιι,
575 2122 620 2176 sed
636 2123 693 2177 irati
706 2125 875 2179 imitationem
891 2127 1015 2199 prodesse.
1030 2127 1073 2180 sie
1087 2125 1216 2200 respondit
1229 2124 1261 2178 ad
1281 2125 1371 2196 objec-

303 2205 386 2258 tiones
401 2206 459 2260 istas
474 2207 711 2281 Peripateticorum,
722 2209 767 2264 isse
778 2208 911 2264 utilitatem
922 2209 1123 2274 vindicantium,
1146 2209 1227 2262 xvss.
1243 2209 1372 2262 Posterior

190 2335 193 2342 .
304 2307 361 2362 pars
369 2285 427 2342 infit
436 2309 512 2364 aeap.
520 2291 622 2356 xv111,
633 2292 678 2345 ubi
686 2291 719 2346 ad
729 2293 773 2346 ire
782 2292 894 2346 remedia
903 2291 1006 2348 aceedit.
1016 2293 1133 2362 Quorum
1141 2291 1202 2344 duas
1210 2291 1268 2344 facit
1276 2303 1374 2363 partes:

307 2371 376 2445 prior
386 2374 497 2429 continet
509 2375 637 2442 remedia,
649 2395 682 2428 ιιι
694 2377 722 2430 in
734 2377 799 2430 iram
811 2377 970 2442 incidamus,
982 2377 1103 2449 usquead
1115 2376 1260 2430 finemlihri
1270 2395 1277 2429 ι
1287 2389 1374 2451 poste-

305 2457 360 2510 rior
373 2477 429 2532 pars
444 2458 518 2512 tertio
529 2457 599 2512 libro
607 2471 733 2513 tractatur.
747 2462 769 2513 A
781 2481 835 2521 cap.
847 2463 1061 2525 xvtlt-xxn,
1074 2473 1098 2513 et
1113 2461 1218 2514 interme
1231 2473 1255 2512 et
1267 2473 1372 2512 externe

304 2560 387 2596 causte
399 2562 429 2596 ac
441 2544 524 2596 fontes
535 2543 578 2600 ire
591 2556 665 2616 atque
678 2545 817 2600 iracundias
831 2559 1003 2620 exponuntur,
1015 2565 1071 2618 quas
1082 2559 1136 2598 turn
1146 2545 1233 2599 habitu
1244 2557 1269 2597 et
1280 2543 1375 2598 consti-

305 2625 402 2678 tutions
412 2626 541 2700 corporis,
555 2627 663 2699 ideoque
674 2628 822 2695 elementis,
838 2649 976 2702 eorumque
988 2629 1148 2704 potestatibus
1160 2631 1373 2701 (temperamenta

303 2711 443 2778 vocamus)
463 2725 518 2764 tum
536 2711 693 2766 institutione
711 2713 803 2786 puerili
821 2718 832 2778 ί
841 2713 872 2766 de
891 2735 941 2785 que
960 2733 1029 2788 capp.
1042 2714 1121 2780 XXI,
1142 2713 1223 2768 ΧΧΙΙ
1234 2750 1242 2777 ,
1254 2711 1374 2785 preclara

304 2796 413 2862 monita)
421 2809 561 2850 occurrunt.
571 2799 593 2850 A
602 2817 653 2872 cap.
662 2799 938 2864 xxtlt-xxlv,·alis
945 2797 1079 2870 quadam,
1092 2797 1120 2851 in
1131 2815 1187 2870 quar
1195 2797 1299 2870 ingenia
1308 2817 1374 2848 non-

302 2881 374 2935 nuila
386 2881 513 2935 interdum
524 2882 644 2955 proniora
662 2902 713 2936 esse
731 2884 830 2948 solent,
843 2903 865 2936 e.
878 2904 899 2938 e.
912 2884 1035 2959 suspicio,
1051 2896 1075 2936 et
1092 2883 1250 2956 conjectura,
1265 2897 1312 2936 etc.
1324 2903 1373 2936 uu-

245 2985 250 2992 ·
303 2977 395 3018 tantm.
417 2967 441 3018 A
460 2985 513 3038 cap.
533 2967 617 3031 XXV,
638 2979 746 3022 externte
766 2969 911 3021 occasiones
924 2969 967 3022 irre
983 2982 1008 3020 et
1024 2966 1160 3020 iracundias
1174 2969 1314 3020 afferuntur
1330 2964 1373 3016 vel

303 3047 331 3102 in
340 3048 414 3103 uobis
424 3049 496 3117 site,
510 3067 566 3122 quse
575 3063 660 3103 tamen
672 3070 701 3103 er
713 3051 873 3126 ignoratione
883 3072 912 3106 ac
924 3051 1080 3124 impudentia
1090 3048 1222 3105 oriuntur:
1231 3050 1272 3103 vel
1284 3071 1299 3104 a
1313 3049 1371 3101 Diis

302 3132 424 3188 {minime
442 3133 475 3186 ad
494 3135 617 3188 xxvllt.
636 3135 739 3187 Deinde
757 3135 852 3208 regula
873 3137 981 3210 egregias
998 3127 1136 3208 sequuntur
1152 3135 1245 3190 :iterus
1265 3135 1297 3188 ab
1315 3135 1372 3186 aliis

303 3216 408 3270 consilia
420 3217 549 3291 agentium
560 3219 672 3292 respice,
683 3218 833 3272 maledictus
851 3219 879 3272 iu
897 3220 1026 3272 veritatem
1044 3220 1159 3291 inquire,
1180 3233 1226 3272 etc.
1239 3219 1371 3273 XXIX-—

303 3299 524 3373 XXX.Praecipue
536 3302 612 3354 fastus
624 3315 661 3354 est
674 3302 822 3376 ponendus,
835 3315 859 3354 et
867 3302 999 3356 estimatio
1010 3301 1048 3354 sui
1060 3302 1139 3354 nimia
1148 3299 1371 3374 abjicienda,qua

302 3383 437 3436 iracundos
455 3397 479 3436 et
490 3384 610 3439 vindict:
618 3387 724 3458 cupidos
735 3386 803 3440 facit.
812 3385 869 3439 Pati
881 3387 963 3459 potius
975 3386 1045 3440 decet
1057 3397 1081 3439 et
1093 3385 1263 3448 dissimulare;
1275 3404 1291 3438 a
1305 3397 1368 3437 tetro

300 3469 346 3523 ilio
358 3471 448 3524 affeetu
459 3471 553 3546 optime
567 3471 691 3526 abstinere
704 3493 848 3548 possumus,
860 3472 882 3524 si
891 3471 1028 3534 ruditatem
1038 3473 1081 3526 ire
1090 3491 1148 3526 cum
1157 3471 1231 3526 saris
1241 3469 1371 3528 effectibus

301 3554 354 3628 ejus
366 3553 432 3630 apud
444 3555 560 3610 animum
572 3571 731 3630 reputemus,
744 3557 991 3614 xxm-xxxvl.
