2896 4954
332 473 485 540 arana
513 473 594 552 111,
622 473 926 541 car.xxv11.
1102 477 1162 566 157

100 615 208 694 potest
220 601 372 690 quietos,
393 615 516 680 mutuae
531 599 700 668 facilitatis
716 601 905 668 conventio.
927 599 988 668 llle
1001 600 1083 668 mihi
1091 601 1163 692 jam

98 718 233 800 nocuit,
251 739 315 809 ego
324 715 374 782 illi
383 714 533 785 nondum
547 743 554 781 :
569 712 629 784 sed
636 715 707 807 jam
718 713 865 806 aliquem
879 715 1018 784 fortasse
1030 716 1161 802 laesisti3

65 891 68 900 i
98 832 159 900 sed
172 830 311 900 laedea¹.
365 835 369 841 ’

146 947 295 1015 XXVII.
314 945 391 1013 Noli
407 947 574 1014 aestimare
593 944 682 1012 banc
700 945 839 1027 horam,
862 960 920 1013 aut
936 945 1029 1014 bunc
1049 947 1162 1032 diem3
1192 986 1202 1018 1

97 1079 208 1162 totum*
219 1063 348 1155 inspice
363 1063 485 1130 mentis
499 1077 565 1129 tuae
578 1060 755 1145 habitum,
772 1061 902 1129 etiamsi
918 1063 1006 1131 nihil
1024 1065 1102 1133 mali
1117 1065 1166 1134 le·

97 1185 195 1265 cisti,
219 1200 314 1276 potes
332 1184 455 1251 facere.
478 1184 616 1276 Quanto
635 1183 739 1250 satius
755 1198 826 1264 cat,
850 1186 961 1254 sanari
980 1186 1161 1277 injuriam,
1209 1213 1213 1238 ¹

98 1323 200 1392 quam
221 1295 356 1367 ulcisci!
381 1299 528 1366 Multum
543 1299 703 1390 temporis
715 1296 799 1365 ultio
812 1295 958 1366 absumit
973 1326 980 1364 :
1002 1301 1164 1370 multisne

97 1414 235 1506 injuriis
243 1413 381 1506 objicit,
398 1411 479 1481 dnm
492 1436 561 1482 una
571 1412 673 1481 dolet.
694 1413 831 1482 Diutius
843 1414 1020 1482 irascimur
1034 1439 1161 1500 omnes,

98 1555 199 1621 quam
219 1529 395 1616 laedimur3
418 1545 546 1622 quanto
561 1531 682 1626 melius
696 1545 768 1613 est,
788 1530 905 1599 abirc’
921 1533 958 1599 in
977 1531 1161 1615 diversum,

99 1669 163 1714 nec
178 1646 260 1714 vitia
274 1647 365 1714 vitiis
380 1643 603 1739 componere!
625 1648 712 1714 Num
729 1647 805 1736 quis
826 1648 907 1715 satis
927 1665 1080 1718 constare
1100 1650 1164 1718 sibi

98 1761 279 1844 rideatur,
299 1764 326 1832 si
347 1763 471 1831 mulam
494 1761 642 1831 calcibus
662 1777 816 1854 repetat,
836 1778 871 1830 et
890 1787 1006 1832 canem
1028 1769 1166 1835 morsa?

103 1905 119 1941 s
142 1877 230 1959 Ista,
254 1879 389 1969 inquis,
416 1901 558 1972 peccare
581 1901 616 1950 ae
639 1879 806 1946 nesciunt.
828 1905 844 1941 n
865 1881 1037 1964 Primum,
1064 1905 1164 1973 quam
1191 1910 1205 1942 a

101 1993 240 2085 iniquus
259 2009 331 2074 est,
353 1993 445 2086 apud
459 2017 580 2085 quem,
602 1992 772 2062 hominem
791 2017 864 2063 ease
876 1985 903 2078 ³,
918 1993 963 2063 ad
980 1997 1165 2090 impetran-

101 2105 177 2175 dam
196 2108 330 2176 veniam
352 2103 469 2175 nocet!
491 2104 645 2190 Deinde,
662 2109 691 2176 si
709 2126 830 2178 caetcra
848 2112 1005 2179 animalia
1024 2113 1083 2180 irae
1101 2127 1165 2181 tuae

99 2221 279 2304 subducit,
292 2222 385 2313 quod
398 2211 539 2292 consilio
554 2240 691 2310 carent,
710 2247 749 2292 eo
760 2225 833 2294 loco
847 2227 909 2294 tibi
925 2229 969 2295 sit
981 2279 998 2319 „
1011 2229 1164 2320 quisquis

98 2337 241 2406 consilio
260 2353 363 2406 caret.
394 2337 488 2430 Quid
509 2340 600 2406 enim
627 2339 753 2420 refert,
784 2365 828 2408 an
852 2343 917 2410 alia
934 2345 1035 2411 mutia
1063 2344 1163 2412 diasi-

98 2455 192 2523 milia
211 2455 357 2535 habeat,
383 2457 410 2522 si
432 2455 519 2537 hoc,
545 2453 636 2546 quod
656 2457 800 2524 inomni
825 2475 961 2550 peccato
989 2477 1079 2528 muta
1105 2460 1165 2530 de-

97 2570 229 2651 fendit,
257 2570 365 2638 simile
386 2570 510 2652 babet,
532 2570 711 2664 caliginem
739 2575 884 2641 mentia?
902 2577 1055 2644 Peccavit
1075 2603 1082 2641 ε
1099 2575 1164 2644 hoc
1191 2591 1206 2644 3

97 2687 190 2754 enim
216 2687 383 2778 primurn,
405 2687 469 2754 hoc
489 2687 579 2754 enim
598 2702 781 2756 extremum
793 2683 818 2755 4.
841 2693 915 2757 Non
935 2693 1094 2783 estquod
1114 2693 1164 2762 illi

97 2799 240 2881 credas,
266 2801 393 2867 etiamsi
419 2799 504 2867 dixit
526 2826 534 2866 τ
559 2801 685 2868 lterum
704 2825 772 2870 non
791 2801 921 2870 faciam.
949 2807 989 2872 Et
1010 2808 1071 2872 istc
1091 2831 1167 2899 pec-

97 2917 213 2997 cabit,
239 2932 274 2983 ct
296 2917 332 2983 in
355 2917 454 2983 istum
475 2916 582 2999 alius,
604 2932 638 2983 et
657 2931 724 2984 tota
748 2918 817 2984 vita
838 2919 927 2986 inter
947 2943 1080 2990 errores
1104 2947 1165 2992 vo-

98 3033 278 3102 lutabitur.
304 3035 480 3105 Mansuete
503 3032 721 3098 immansueta
751 3033 924 3101 tractanda
947 3053 1037 3103 aunt.
1064 3038 1166 3128 Quod
1237 3123 1243 3136 ι
1340 3101 1342 3109 .

101 3150 137 3215 in
150 3149 247 3216 luctu
260 3145 327 3214 dici
341 3145 446 3224 solet,
464 3143 695 3212 efficacissime
709 3160 742 3213 et
756 3147 791 3212 in
805 3147 856 3214 ira
871 3146 1004 3218 dicetur
1022 3179 1029 3216 :
1046 3155 1165 3222 Utrum

98 3263 285 3358 aliquando
307 3261 463 3344 desines,
486 3285 531 3329 an
546 3285 717 3352 nunquam
732 3263 747 3328 l
762 3264 798 3330 Si
814 3263 1020 3356 aliquando,
1041 3287 1167 3360 quanto

98 3383 206 3450 satiem
232 3394 283 3447 eat
308 3380 393 3445 iram
418 3376 636 3469 relinquere,
661 3399 761 3467 quam
778 3375 822 3445 ab
840 3379 892 3445 ira
912 3379 1089 3474 relinqui?
1107 3387 1165 3453 Sin

136 3552 158 3583 1.
172 3529 235 3584 Sed.
254 3529 399 3603 Opponitnr
415 3531 442 3578 ab
453 3529 502 3580 sed
512 3529 607 3591 loedet,
658 3527 685 3580 id
699 3540 753 3592 cat,
767 3541 847 3596 recta,
864 3543 888 3582 et
905 3551 965 3584 sana
982 3534 1023 3585 via
1041 3535 1165 3590 incedere.

99 3629 155 3662 non
171 3613 204 3680 τῷ
216 3609 264 3660 sed
272 3613 346 3673 iam,
359 3619 404 3658 etc.
422 3619 447 3658 at
462 3612 494 3677 τῷ
512 3625 557 3676 ego
571 3608 611 3658 itta·
691 3606 714 3658 3.
728 3607 870 3660 Hominem
884 3628 944 3684 esse.
960 3611 1070 3680 Ideoque
1088 3615 1165 3665 errori

97 3689 234 3748 Μάνης
250 3685 322 3756 qnasi
334 3697 415 3736 esset:
431 3682 482 3736 Sed
500 3683 609 3751 aliquem
658 3682 794 3736 obnoxium
811 3703 869 3737 esse.
885 3685 945 3739 lllox
956 3687 1073 3740 subducit
1081 3693 1164 3756 quod3

93 3775 145 3820 'ant
155 3765 209 3837 jam
219 3764 322 3830 laesisti,
334 3777 376 3815 aut
385 3782 444 3814 mox
455 3761 558 3815 lacunas
568 3779 601 3810 ea.
658 3763 677 3814 i.
687 3781 709 3816 c.
716 3761 801 3814 minor
808 3763 844 3814 ira
851 3761 895 3826 fit,
905 3765 925 3817 si
937 3767 1029 3838 cogites
1041 3805 1047 3832 ,
1059 3769 1166 3823 consilio

133 3843 244 3896 xxvtl.
253 3835 527 3910 Auo.Aeccdit‚quod
536 3835 611 3907 jactu·
661 3842 765 3913 injurias
779 3841 889 3893 faciendi
903 3857 995 3898 carent.

97 3942 158 3976 ram
173 3920 293 3994 ampotis
312 3937 429 3990 magnam
450 3917 555 3970 iacimus
573 3915 612 3967 nl·
694 3919 716 3985 4.
733 3919 793 3971 Hoc
807 3923 875 3970 enim
884 3925 1018 3989 primum,
1038 3925 1166 3979 basanim

97 3997 350 4068 tinniindulgentea,
360 4009 384 4046 et
392 3996 516 4048 rationem
525 4011 611 4045 sanam
661 4006 815 4048 extremum.
830 3995 884 4048 Alii
896 4018 902 4049 :
917 3999 975 4052 Hoc
985 4013 1024 4054 est
1033 4007 1165 4071 primum,

97 4078 251 4139 deserimus,
258 4077 418 4128 immemores
427 4073 611 4148 imprudentiae,
662 4074 707 4126 tor
717 4077 766 4126 erit
774 4083 920 4126 extremum
929 4076 944 4128 ?
953 4077 1039 4149 probat
1054 4081 1150 4152 Lipsius
1159 4123 1165 4144 ,

97 4175 160 4228 qu
170 4174 262 4220 omncs
273 4153 378 4226 injurias
390 4165 463 4206 meat.
662 4152 757 4204 ratione
776 4172 828 4204 non
843 4151 935 4206 addita.
947 4155 1055 4228 Vulgata
1071 4159 1166 4210 bonurn

135 4253 159 4286 ι.
178 4231 260 4284 Absit
275 4236 303 4283 in
318 4233 456 4284 diversum.
473 4230 612 4302 Opposita,
663 4229 1114 4307 tensumdatetSenecanonindigna
1124 4249 1165 4286 rat.
