2930 4956
361 491 403 561 L.
428 489 608 560 ANNAEI
632 491 861 560 SENECAE.
1068 495 1149 580 xxiij

114 634 274 718 putthen,
286 634 373 716 quasi
386 633 557 697 valetudiue
570 633 707 711 insensa,
723 648 775 696 aut
789 633 941 717 sapientiae
951 631 1055 694 studiis
1068 632 1151 696 domi

112 741 268 802 attineretur.
286 767 301 794 ι
315 737 392 803 llaec
403 760 467 801 nou
483 753 551 802 suut
563 723 621 822 pro
639 759 719 801 noro
733 739 877 813 consule,
892 738 1044 801 autetiam
1053 739 1154 801 caudi-

112 848 165 906 dato
174 869 181 906 ε
189 860 217 908 et
226 867 310 908 mors
320 847 385 930 ejus
394 866 456 908 nou
466 846 517 909 diu
529 859 598 930 post
609 859 709 910 secute
717 858 799 908 vetat
806 845 953 918 assentiri.
958 841 1041 926 Quid
1050 857 1152 907 mmeu

111 953 187 1014 norit
206 954 285 1016 viros
299 955 405 1017 doctos
425 953 470 1016 sic
484 937 659 1037 suspicari?
673 951 766 1034 Quod
778 952 910 1044 'l'acitus''
923 951 977 1014 illo
999 971 1079 1014 auno
1091 949 1153 1016 SC.

109 1057 199 1120 butun
208 1059 321 1138 scribit,
331 1087 346 1116 ι
355 1082 395 1123 ue
403 1061 543 1124 simutau
551 1062 673 1144 adoptio
680 1063 715 1124 iu
727 1061 790 1124 ulla
799 1063 885 1145 pnite
897 1060 1032 1124 mrmeris
1040 1059 1154 1144 publici

107 1164 217 1244 juraret,
230 1185 266 1228 ac
279 1187 320 1228 ne
333 1166 512 1252 usurpandis
525 1166 647 1250 quidem
658 1167 873 1232 hereditatibus
885 1168 1050 1251 prodesset
1063 1193 1079 1222 n
1091 1163 1154 1229 Sed

107 1268 220 1350 prolecto
233 1271 308 1334 nibil
331 1271 390 1336 boc
406 1275 446 1335 ad
465 1272 694 1338 Trebellianum
704 1273 779 1336 illud
793 1298 801 1334 e
819 1273 881 1336 alio
897 1285 1027 1357 spectat,
1043 1272 1069 1334 si
1086 1273 1153 1353 quis

106 1377 190 1456 priora
199 1379 287 1441 etiam
301 1381 356 1442 illa
371 1381 402 1442 in
414 1380 523 1444 Tacito
536 1381 617 1466 legit
628 1380 735 1464 ltaque
745 1381 836 1444 fuisse
848 1382 987 1464 equidem
998 1379 1152 1443 consulem

104 1485 257 1563 consentio,
277 1490 334 1549 sed
345 1487 407 1550 alio
424 1501 456 1550 et
468 1489 571 1572 priore
585 1502 723 1572 tempore
739 1509 816 1551 :nec
836 1501 919 1551 certo
937 1488 1100 1572 designem.
1112 1486 1153 1548 tte

104 1605 241 1672 perpetuus
253 1593 307 1656 ille
329 1594 392 1676 ejus
410 1593 529 1671 bonos,
544 1595 688 1678 principis
701 1596 857 1658 doctorem
867 1597 1152 1682 moderatoremque

102 1684 307 1782 suisae:optimi
323 1721 413 1778 saue,
425 1702 568 1782 quamdiu
580 1700 668 1785 hujus
679 1699 812 1766 consiliis
823 1703 1004 1784 monitisque
1015 1723 1049 1764 ae
1061 1701 1151 1764 dedit.

100 1799 202 1866 Tacitus
216 1827 277 1868 uou
291 1805 390 1883 celat,
404 1821 434 1869 et
444 1809 518 1870 duos
532 1807 688 1880 nominat,
709 1807 817 1890 quibus
835 1808 947 1870 utiliter
962 1808 1102 1892 princeps
1118 1829 1150 1868 se

101 1910 226 1990 permisit
244 1941 259 1967 e
280 1911 387 1975 Ibatur
404 1914 436 1974 iu
454 1915 547 1976 cretes
567 1914 625 1976 nisi
645 1912 788 1976 Afranius
809 1913 947 1991 Burnus,
969 1927 1000 1976 et
1019 1913 1151 1976 Annaeus

100 2011 215 2089 Seneca,
233 2040 266 2080 se
291 2018 484 2102 objecissent.
505 2017 548 2081 lli
572 2033 705 2083 rectores
725 2021 929 2113 imperatoria
949 2023 1097 2104 juventa,
1121 2033 1152 2081 et

100 2122 152 2200 pari
173 2123 201 2184 in
226 2112 371 2188 societate
392 2127 533 2209 potentiae
558 2129 745 2204 concordes,
777 2128 895 2189 diversa
917 2141 981 2189 arte
1007 2147 1043 2188 ex
1064 2146 1150 2208 aequo

99 2227 242 2308 pollebant.
262 2231 383 2294 Burrus
397 2231 577 2294 militaribus
590 2233 690 2310 curis,
707 2246 738 2294 et
755 2234 913 2296 severitate
927 2252 1048 2296 monum
1068 2231 1150 2295 :Se-

97 2353 158 2396 neca
168 2337 327 2422 preceptis
342 2335 540 2417 eloquentiae,
556 2352 587 2399 et
602 2339 743 2401 comitate
754 2338 881 2401 honesta
899 2327 1056 2422 :juvantes
1076 2339 1151 2400 invi-

97 2460 171 2520 tem,
184 2465 243 2526 quo
257 2443 379 2509 facilius
397 2443 545 2509 lubricam
566 2445 710 2530 principia
730 2459 868 2524 amum,
890 2447 916 2508 si
935 2446 1076 2510 virtmem
1098 2468 1149 2509 as-

97 2553 277 2626 pernaretur,
293 2550 498 2634 voluptatibus
520 2552 670 2615 concessis
688 2552 864 2614 retinerent.
882 2581 897 2606 »ι
918 2550 950 2614 O
966 2552 1149 2615 laudabilem

95 2666 233 2733 consume,
254 2671 285 2720 et
301 2677 482 2720 consensum
496 2659 504 2717 l
517 2655 726 2735 Couseustuu,
740 2659 791 2740 qui
804 2658 894 2720 nimis
909 2679 996 2721 rarus
1008 2659 1039 2719 iu
1054 2657 1147 2734 aulis,

96 2753 139 2816 tbi
149 2760 268 2844 quisque
275 2763 321 2824 ita
328 2763 463 2825 eminere
473 2762 537 2827 lere
549 2763 623 2841 vult,
635 2777 668 2825 ut
678 2763 772 2826 alium
780 2763 866 2826 nolit.
877 2761 937 2825 Sed
945 2767 982 2825 ad
991 2759 1148 2825 Senecam.

501 2940 670 3006 CAPUT
696 2941 736 3003 V.
838 3027 841 3036 ‚

253 3079 257 3086 ι
296 3101 415 3162 Privata
427 3105 509 3178 urle,
525 3123 649 3178 uxores,
665 3101 766 3171 liberi,
784 3101 927 3160 exsilium.

127 3254 177 3318 llle
197 3257 229 3318 iu
251 3255 377 3340 publico
403 3255 509 3336 eoquid
533 3255 615 3316 aliud
639 3255 780 3338 gesserit,
797 3254 878 3316 baud
905 3255 968 3316 scio
985 3254 1150 3336 :privatim

90 3363 219 3446 reperio,
234 3375 289 3424 aut
303 3375 386 3424 certe
397 3361 527 3444 colligo,
540 3362 572 3422 iu
584 3358 722 3447 AEgypto
733 3361 954 3424 adolescentem
967 3360 1059 3422 fuisse
1073 3405 1081 3436 ‚
1095 3380 1150 3423 oc-

91 3471 203 3532 casione
230 3471 315 3552 quod
337 3467 502 3532 avunculus
523 3468 681 3552 prefectus
695 3466 747 3564 ¹ibi
771 3482 858 3530 esset.
882 3467 965 3530 Nam
990 3466 1092 3531 scribit
1112 3469 1149 3526 de
1267 3495 1275 3510 ·

90 3588 264 3651 matertera,
292 3577 331 3636 ad
354 3588 510 3636 matrem:
539 3599 553 3629 ι
573 3572 756 3658 Exemplum
774 3572 829 3635 tibi
851 3595 958 3648 suum,
983 3574 1066 3655 cujus
1080 3573 1151 3658 ipse

89 3693 227 3760 spectatur
241 3679 309 3756 tui,
324 3680 469 3742 narrabit.
484 3707 499 3734 r
512 3677 651 3759 (Consol.
667 3683 704 3742 ad
720 3678 811 3742 llelv.
822 3702 887 3764 cap.
902 3680 965 3758 nr.)
978 3683 1152 3760 Spectator?

87 3807 152 3869 ergo
162 3788 191 3848 in
205 3787 400 3870 navigatione
412 3808 449 3849 ea
462 3787 556 3849 adluit
563 3790 615 3867 (de
632 3807 690 3867 qua
705 3787 762 3866 ibi)
777 3776 869 3868 quum
883 3809 920 3848 ex
930 3785 1067 3870 rlEgypto
1082 3807 1153 3848 ma-

89 3905 190 3955 tertera
204 3895 332 3958 rediret.
348 3891 390 3954 Et
406 3897 559 3975 quomodo
570 3939 580 3967 ,
593 3895 652 3955 nisi
664 3894 728 3978 ipse
741 3895 831 3955 etiam
842 3915 877 3956 ex
888 3891 1025 3978 AEgypto
1035 3891 1047 3954 i
1058 3891 1152 3954 Plane

87 3996 122 4058 ita
136 3997 190 4062 suit
205 4023 214 4059 z
232 4013 266 4062 et
280 3999 346 4062 baec
359 4019 449 4062 causa
460 4045 469 4078 ,
482 4021 536 4062 cur
550 3999 686 4082 pluscula
701 4003 738 4063 de
756 4001 822 4083 ipsa
841 3997 999 4082 AEgypto‚
1016 4011 1046 4060 et
1059 3997 1151 4070 Nilo,

88 4105 195 4167 curiose
209 4105 299 4167 libris
313 4105 503 4188 (praesertim
518 4103 729 4186 Quaestionum
749 4105 966 4182 Naturalium)
993 4106 1153 4186 inspergat.

88 4205 230 4274 Fortassis
245 4225 324 4274 etex
340 4209 481 4300 AEgypto
494 4213 533 4273 ad
547 4209 639 4274 ludier
656 4211 808 4287 omittit,
824 4231 879 4295 per
894 4231 979 4272 mare
990 4208 1130 4271 Rubrum
1145 4233 1152 4266 ε

87 4327 167 4398 atque
174 4319 215 4379 ita
225 4320 265 4380 de
273 4315 361 4381 ludia
372 4318 570 4381 commentari
580 4317 674 4381 voluit
687 4343 693 4390 ;
707 4314 805 4378 Plinio
817 4317 969 4399 scriptum.
991 4313 1073 4394 (Lib.
1088 4315 1130 4378 Vl
1145 4360 1153 4389 ‚
1233 4339 1237 4354 ·
