2930 4956
333 483 425 558 lxxiv
512 483 543 550 J.
570 478 736 551 LIPSll
761 477 1223 552 mauunuc'ttoms

641 717 997 786 DlSSEll'fA'fIO
1017 719 1094 786 XV.

563 887 623 948 Pru
637 887 741 950 Stoicis
755 910 766 947 .·
780 901 865 970 otqttc
877 887 975 950 ordelas
987 890 1038 952 itta
1052 887 1163 966 rejecto.

365 1090 487 1156 Attum
505 1092 671 1176 equidem.
691 1093 777 1156 etad
797 1107 957 1176 utrumque
973 1107 1130 1178 promptus
1149 1114 1214 1158 sum
1229 1119 1236 1166 ;
1265 1093 1395 1156 libertati

325 1198 482 1282 ignoscere
492 1188 509 1272 ,⁴
523 1199 587 1261 imo
599 1198 737 1282 gratiam
751 1197 882 1276 babere,
899 1213 929 1262 et
947 1200 1130 1278 vanitatem,
1150 1203 1237 1284 (nam
1258 1221 1294 1263 ea
1312 1215 1393 1264 certe

324 1303 410 1366 dictis
433 1303 528 1386 inest)
548 1303 689 1366 refutare.
708 1301 788 1367 lllud
807 1305 889 1381 dixi,
907 1319 937 1367 et
958 1303 1071 1368 factdm
1089 1319 1135 1368 est
1151 1330 1158 1365 :
1174 1305 1232 1370 boc
1253 1307 1314 1388 jam
1334 1309 1393 1368 ad-

323 1409 420 1488 nitar,
437 1424 467 1473 et
480 1411 583 1474 nescio
603 1433 642 1474 an
657 1433 727 1474 erun
746 1432 857 1496 mne
874 1413 981 1476 fructu.
1001 1411 1132 1476 Vincam
1146 1427 1176 1475 et
1192 1412 1327 1496 frangam
1348 1425 1395 1474 tot

322 1517 515 1602 praejudicia?
530 1517 641 1582 Fatum
664 1519 763 1604 ipsum
781 1519 962 1583 adversum?
977 1517 1059 1582 Nam
1073 1517 1166 1584 Stoici
1185 1540 1203 1582 a
1219 1518 1301 1581 mille
1321 1541 1393 1581 arn-

321 1625 403 1710 plius
415 1625 500 1688 annis
513 1625 607 1702 nulli,
624 1639 654 1689 et
667 1625 802 1700 nonnisi
817 1625 848 1688 in
861 1626 978 1712 scriptis
993 1641 1060 1689 sunt
1075 1651 1083 1686 a
1100 1648 1135 1688 ac
1153 1625 1255 1710 gloriae
1274 1639 1303 1687 et
1322 1627 1392 1688 ritte

320 1753 381 1796 suae
394 1754 516 1796 cursum
533 1734 671 1796 ridentur
685 1735 850 1819 peregisse.
861 1732 969 1818 Neque
982 1733 1120 1797 hercules
1132 1753 1240 1796 revoco
1257 1755 1264 1792 :
1279 1752 1393 1816 paucas

319 1839 463 1921 reliquias
481 1839 619 1902 melioris
639 1837 720 1904 illius
735 1841 836 1904 suculi
853 1841 879 1904 si
899 1854 1019 1902 tuemur
1038 1841 1109 1903 satis
1125 1853 1193 1902 est:
1212 1853 1241 1902 ct
1252 1838 1310 1902 hoe
1329 1839 1391 1901 fue

317 1945 392 2007 scito
409 1959 525 2010 scutum
541 1961 571 2009 et
587 1947 795 2010 defensionem
805 1971 824 2010 a
835 1969 885 2011 me
897 1963 1075 2033 susceptam.
1086 1945 1165 2010 Satis
1175 1947 1264 2036 etiam
1278 1947 1392 2008 trium-

316 2050 390 2136 pbat
407 2049 548 2130 Veritas,
573 2053 599 2114 si
618 2055 698 2137 apud
713 2075 826 2138 paucos
846 2053 1002 2138 bonosque
1021 2068 1142 2137 accepta
1166 2077 1172 2112 ε
1197 2074 1254 2115 nec
1270 2053 1391 2114 indoles

317 2159 380 2240 ejus
391 2171 447 2238 est,
459 2158 581 2244 placere
592 2160 705 2224 multis.
712 2159 890 2237 Videamus,
902 2174 932 2223 et
943 2181 960 2222 a
971 2160 1067 2244 capite
1079 2157 1261 2222 refellamus.
1272 2158 1389 2222 Aiebas

314 2261 469 2326 Zenonem
489 2264 678 2327 {emulatione
694 2281 814 2328 motum
828 2287 845 2328 a
862 2264 1028 2328 Polemone
1042 2279 1073 2329 et
1092 2264 1243 2350 prioribus
1259 2264 1359 2327 abisse
1380 2289 1387 2325 :

317 2391 377 2454 quo
398 2372 599 2456 argumento?
622 2370 732 2436 Cicero
749 2372 830 2436 dicit.
848 2368 980 2437 Cicero?
999 2394 1109 2457 nempe
1122 2371 1342 2448 Academicus,
1359 2387 1395 2433 et

314 2499 350 2538 ex
363 2477 501 2562 professo
518 2479 607 2564 igitur
617 2476 790 2542 Stoieomm
807 2478 911 2542 bostis.
933 2477 1002 2540 lloc
1021 2477 1090 2556 hic,
1105 2492 1134 2539 et
1150 2499 1239 2556 mex,
1258 2477 1361 2540 valeat
1382 2502 1390 2538 ε

312 2585 382 2665 quia
402 2584 553 2670 pleraeque
563 2585 789 2649 criminationes
806 2599 864 2648 tuae
881 2599 956 2648 teste
971 2585 1024 2646 illo
1036 2631 1045 2662 ,
1058 2606 1118 2648 uon
1129 2597 1223 2657 teste,
1239 2585 1389 2646 nituntur.

314 2687 487 2754 AEmulatio
501 2691 620 2778 impulit
634 2714 642 2753 ι
658 2691 710 2774 qui
725 2692 822 2776 magis
839 2713 930 2774 quam
944 2689 1155 2766 Aristotelem,
1171 2687 1385 2766 Carneadem,

314 2793 500 2883 Epicurum,
517 2801 607 2876 alios,
623 2799 675 2881 qui
691 2799 723 2860 in
738 2811 784 2860 tot
802 2813 899 2862 sectas
915 2798 1017 2859 statim
1038 2817 1055 2858 a
1070 2795 1193 2858 Socrate
1210 2809 1239 2856 et
1253 2793 1386 2859 Platone

309 2917 377 2965 sunt
393 2905 497 2968 scissi?
512 2905 603 2988 Atqui
619 2907 736 2990 primus
752 2905 804 2966 ille
819 2905 956 2986 quidem,
968 2925 1040 2966 cum
1052 2901 1196 2986 applausu
1209 2901 1299 2962 etiam
1312 2924 1387 2967 nos-

308 3023 377 3082 tro,
398 3010 516 3094 scripsit
540 3035 547 3072 ε
574 3038 588 3068 ι
614 3011 756 3074 Amicum
780 3009 960 3087 Platonem,
980 3010 1111 3073 amicum
1131 3005 1310 3084 Socratem,
1327 3013 1386 3072 sed

309 3117 406 3200 magis
418 3117 576 3180 veritatem
591 3139 669 3180 esse.
684 3143 698 3174 s
712 3117 830 3200 [Euhie.
841 3139 859 3179 a
870 3115 1006 3196 Nicoml
1018 3113 1081 3180 Cur
1095 3115 1208 3178 Zenoni
1222 3137 1283 3176 non
1298 3115 1388 3179 idem

307 3223 374 3306 jus?
389 3219 445 3285 Est
459 3222 613 3308 profecto,
629 3245 727 3307 neque
738 3224 830 3302 aliud,
844 3245 935 3306 quam
946 3223 997 3287 illa
1008 3225 1073 3308 ipsa
1088 3223 1196 3286 veritas
1209 3221 1330 3306 impulit
1341 3227 1386 3286 ad

307 3329 550 3394 dissentiendum.
564 3329 637 3394 Nou
652 3332 733 3394 enim
744 3331 963 3418 philosophos,
980 3331 1104 3416 opinor,
1122 3344 1154 3391 ut
1166 3333 1296 3414 pecudes
1311 3352 1384 3392 esse

307 3435 445 3500 volumus
463 3461 470 3496 r
486 3439 538 3518 qui
552 3453 715 3520 sequantur
727 3452 843 3502 tantum
855 3439 1092 3502 antecedentium
1102 3459 1223 3522 gregem
1240 3461 1247 3497 ε
1265 3465 1280 3490 α
1295 3435 1387 3498 Mul-

306 3556 369 3604 tum
385 3555 528 3628 egerunt,
545 3545 681 3626 quiante
699 3564 755 3607 nos
773 3545 893 3608 fuerunt
906 3543 969 3624 (ait
986 3543 1137 3628 Seneca),
1150 3547 1387 3628 sednonpere-

306 3663 420 3730 gerunt
434 3677 449 3704 o
462 3649 574 3735 (Epist.
585 3655 672 3731 bxv.)
681 3650 885 3736 Peregenmt?
897 3673 988 3734 quam
999 3651 1102 3713 ab'est?
1117 3679 1131 3704 «
1141 3648 1387 3715 ll'lultumadhuc

304 3767 396 3815 restat
414 3755 531 3840 operis,
552 3756 740 3840 multumque
755 3757 902 3821 restabit:
917 3779 973 3820 nec
987 3756 1041 3818 ulli
1056 3771 1127 3819 nato
1141 3770 1209 3841 post
1224 3756 1310 3819 mille
1325 3779 1386 3818 sse-

304 3857 371 3920 cula
392 3861 588 3944 proeeludetur
611 3863 730 3928 occasio
755 3863 868 3946 aliquid
889 3863 985 3926 adhuc
1015 3861 1181 3946 adjiciendi.
1202 3889 1217 3916 ι·
1235 3863 1247 3947 (
1263 3861 1385 3932 ldem,

304 3961 402 4048 Epist.
414 3969 520 4046 cxlv.)
539 3967 635 4032 Audis
651 3971 792 4034 eumdem
812 3970 898 4032 illum
915 3971 1073 4032 nostrum?
1090 3991 1159 4032 vera
1174 3969 1263 4031 dicit:
1280 3982 1314 4030 et
1329 3991 1388 4032 su-

303 4071 407 4154 perior
426 4091 461 4134 ae
483 4087 585 4136 nostra
604 4087 675 4138 etas
692 4075 782 4138 fidem
799 4075 889 4153 fecit,
907 4075 1063 4158 facietque.
1084 4073 1167 4160 Ergo
1184 4063 1293 4136 'omitte
1316 4075 1387 4140 hoc

302 4179 339 4240 de
353 4179 540 4244 :emulatione
558 4206 564 4243 ι
581 4185 660 4266 quod
672 4198 774 4246 tamen
788 4183 853 4246 siue
870 4185 958 4268 culpa
973 4185 1063 4248 etiam
1075 4183 1299 4269 amplectimur;
1317 4183 1388 4246 ha-

302 4283 399 4346 buerit
419 4299 447 4346 et
472 4285 638 4350 babeamus
660 4289 716 4374 ipsi
735 4289 813 4354 bane
827 4290 1006 4365 honestam,
1026 4313 1089 4374 quze
1112 4293 1149 4352 ad
1167 4289 1386 4374 cognitionem

303 4386 365 4448 veri
381 4389 477 4450 ducat.
493 4386 556 4466 At,
577 4389 692 4472 inquis,
715 4391 808 4454 rerba
827 4393 983 4456 innovarit
999 4407 1123 4458 tantum.
1142 4391 1309 4454 innovasse
1325 4391 1389 4454 fa-
