2926 4958
329 475 426 540 cxxiv
517 473 549 541 J.
576 472 734 542 LIPSII
758 469 1216 544 MANUDUCTIONIS

333 612 423 676 «lloc
433 613 567 691 interest,
578 615 619 677 ait
628 612 976 691 Seneca,inter1lecreta
987 612 1187 699 Philosophia
1197 629 1227 676 et
1236 613 1391 700 Praecepta,

316 733 318 738 ’
334 722 414 801 quod
428 722 508 783 inter
518 722 668 784 elementa
682 737 711 784 et
722 723 871 786 membra.
889 721 962 786 ttaee
978 743 1014 784 ex
1027 721 1088 786 illis
1104 724 1288 806 dependent3
1307 725 1355 786 illa
1368 737 1395 785 et

335 826 444 889 horum
460 849 555 892 causae
577 843 644 890 sunt
662 842 691 891 et
706 829 876 890 omnium.»
895 827 976 912 (Ep.
989 831 1085 908 xcv.)
1102 827 1186 911 Ergo
1203 830 1290 912 hujus
1308 831 1394 914 partis

336 934 509 1017 dignitatem
519 934 707 1016 fructumque
720 949 819 1006 teues;
830 955 904 1018 cape
916 948 947 996 et
961 935 1092 998 alterius.
1100 933 1190 1000 Absit
1201 935 1283 997 enim
1294 948 1326 996 nt
1336 935 1395 998 bac

335 1021 534 1120 spernamus,
549 1040 604 1101 etsi
620 1040 761 1122 dignitate
776 1040 983 1124 postponimus
999 1063 1007 1101 a
1021 1040 1082 1102 imo
1094 1042 1234 1121 quidam,
1251 1062 1337 1102 usum
1347 1061 1395 1102 so-

332 1144 396 1206 lnm
412 1146 531 1221 intuiti,
556 1159 625 1207 ante
644 1166 679 1208 ca
701 1145 872 1208 censebant.
890 1143 970 1208 Sane
993 1147 1140 1227 «antiqua
1159 1143 1314 1228 Sapientia
1328 1145 1396 1208 nihil

333 1250 435 1325 aliud,
450 1271 540 1332 quam
553 1250 688 1314 iacienda
707 1265 736 1313 et
750 1251 869 1313 vitanda
882 1252 1025 1335 praecepit
1045 1275 1053 1309 ε
1073 1265 1103 1312 et
1113 1264 1183 1313 tunc
1192 1252 1281 1335 longe
1292 1252 1397 1314 melio-

331 1377 380 1419 res
391 1371 477 1418 erant
490 1357 556 1418 viri.
567 1385 582 1411 n
593 1355 700 1436 (lbid)
712 1357 882 1433 Nimirum,
894 1372 926 1418 ut
934 1357 1024 1440 plena
1035 1357 1073 1420 sit
1083 1358 1217 1420 doctrina
1230 1403 1238 1434 ,
1254 1359 1399 1441 jungenda

333 1477 401 1524 suut
413 1476 538 1544 utraque
553 1486 561 1522 ι
578 1476 608 1524 et
623 1463 699 1526 sicut
712 1465 778 1547 ipsa
789 1462 1012 1547 Contemplatio
1023 1477 1111 1546 atque
1126 1462 1234 1539 Actio,
1251 1464 1398 1525 individuo

332 1569 528 1632 contubernio
539 1569 689 1633 socianda.
703 1598 718 1624 «
728 1567 769 1634 Et
779 1571 875 1634 discas
886 1583 1021 1653 oportet,
1033 1584 1136 1651 etquae
1146 1570 1274 1632 didicisti
1285 1571 1399 1653 agendo

333 1657 519 1738 contenet»
533 1673 659 1754 (tuta)
676 1699 683 1736 t
700 1695 830 1756 morum
842 1675 887 1736 stu
901 1673 1052 1752 nereo,
1074 1674 1144 1738 tute
1158 1673 1313 1758 praepo
1328 1695 1400 1736 con-

335 1785 454 1846 ducunt.
479 1809 494 1837 a
506 1781 588 1845 Nam
606 1784 742 1864 momnis
762 1781 945 1866 argumentis
968 1781 1127 1844 collectum
1143 1783 1202 1857 sit,
1220 1803 1286 1862 qnae
1298 1781 1398 1858 bona,

335 1909 399 1970 quoe
407 1888 487 1950 mala
498 1889 556 1950 siut
569 1912 576 1948 z
589 1887 785 1949 nibilominus
794 1887 906 1950 habeut
916 1886 1069 1970 Praecepta
1079 1900 1180 1970 partes
1190 1908 1257 1949 suas
1273 1885 1403 1948 :etl’ru-

334 1995 450 2070 deutia,
464 1992 489 2054 J
489 1994 604 2069 ustitia,
614 1991 732 2055 Olltciis
744 2007 879 2055 constant
891 1989 1017 2054 :Officia
1023 2005 1124 2054 autem
1134 1990 1298 2075 Praeceptis
1308 1994 1404 2074 dispo-

334 2115 453 2162 nuntur.
463 2127 477 2154 »¹
496 2098 577 2184 (Ep.
588 2101 698 2177 xctv.)
713 2098 804 2180 Quod
820 2101 844 2160 si
862 2099 1032 2169 imbecilla,
1051 2099 1083 2160 id
1095 2111 1141 2160 est
1151 2098 1341 2182 proficientia
1352 2100 1406 2159 ad·

335 2201 393 2264 huc
406 2202 525 2284 ingenia
542 2201 733 2264 consideres:
749 2201 851 2262 nescio
866 2219 904 2260 att
920 2219 981 2260 nou
995 2200 1094 2281 major
1108 2212 1138 2259 et
1152 2200 1333 2282 praesentior
1351 2199 1405 2260 erit

335 2330 404 2371 tastu
418 2307 654 2390 Praeceptorum.
668 2306 751 2368 Nam
765 2327 783 2367 a
797 2305 954 2368 subtilibus
969 2305 1047 2383 illis,
1063 2317 1115 2367 aut
1124 2306 1212 2367 altius
1227 2307 1335 2389 petitis
1349 2305 1404 2366 ab·

334 2416 459 2478 horrent
473 2439 479 2474 :
493 2415 630 2498 proxime
640 2413 802 2476 alludentia
812 2413 979 2474 admittam.
985 2410 1010 2472 J
1010 2432 1061 2474 am
1071 2414 1207 2492 quedam
1217 2457 1226 2486 ,
1235 2414 1332 2475 etiarn
1342 2414 1406 2473 sine

335 2520 514 2604 probau'one
525 2564 534 2596 ,
547 2519 709 2582 illabtmtur
719 2519 828 2582 animis
838 2541 845 2576 ι
855 2519 913 2582 dici
924 2532 954 2580 et
964 2517 1083 2601 suggeri
1094 2519 1210 2580 casada
1221 2532 1286 2595 est,
1299 2533 1407 2580 natura

331 2621 399 2704 ipsa
410 2620 556 2682 audientis
568 2619 740 2682 inclinante.
753 2614 925 2678 «Omnium
936 2617 1017 2683 euim
1028 2617 1223 2680 honestarum
1233 2639 1343 2681 rerum
1358 2639 1408 2678 sc-

339 2729 420 2789 mina
441 2728 534 2789 animi
556 2741 685 2810 gerunt,
710 2747 776 2806 quae
797 2725 1001 2786 admonitione
1022 2725 1210 2788 excitantur:
1234 2745 1302 2788 non
1321 2725 1411 2787 alitor

336 2857 427 2916 quam
441 2835 590 2912 scintilla,
605 2833 679 2896 ilatu
691 2834 753 2896 levi
767 2833 885 2915 adjuta,
902 2833 1004 2915 ignem
1021 2853 1108 2895 suum
1122 2833 1286 2915 explicat.»
1300 2831 1408 2912 (lbid.)

338 2940 431 3015 Ecce,
443 2961 535 3021 quum
546 2941 652 3015 audio,
669 2967 684 2994 ιι
692 2937 839 3022 Tempori
849 2959 959 3021 parce,
976 2937 1022 3002 Te
1033 2959 1124 3002 nosce
1136 2982 1144 3014 ,
1157 2936 1288 3000 Abstine
1300 2953 1334 3000 et
1342 2957 1411 3000 con

336 3048 397 3108 tine
407 3073 421 3100 n
439 3071 447 3106 :
463 3047 608 3127 numquid
621 3045 771 3108 rationem
785 3057 836 3107 aut
843 3041 1009 3107 Decretum
1024 3044 1106 3106 aliud
1119 3045 1300 3126 requiram?
1316 3043 1411 3105 mini-

338 3173 399 3213 me.
412 3150 495 3214 Nam
512 3151 576 3212 haec
590 3149 662 3212 talia
679 3176 695 3204 u
706 3169 775 3211 cum
788 3146 849 3210 ictu
865 3149 997 3228 quodam
1014 3148 1171 3219 audimus,
1191 3169 1249 3212 nec
1269 3148 1329 3222 ulli
1343 3147 1413 3210 licet

337 3257 473 3320 dubitare
491 3270 541 3319 ant
555 3257 762 3338 interrogare,
780 3250 906 3332 Quare?
926 3254 1003 3316 adeo
1022 3252 1191 3320 etiamsiue
1205 3254 1333 3316 ratione
1351 3253 1413 3336 ipsa

334 3363 571 3426 veritasducita»
586 3359 702 3439 (thie)
715 3356 799 3422 Sicut
818 3359 1012 3441 scaturigines
1037 3379 1183 3440 aquarum
1205 3359 1237 3420 in
1260 3381 1343 3444 agro
1363 3371 1414 3420 aut

336 3471 426 3532 horto
442 3489 513 3530 meo
527 3468 552 3530 si
568 3467 717 3539 habeam,
736 3479 806 3528 ntor
819 3479 849 3527 et
863 3464 956 3548 irrigo
971 3491 978 3538 ς
996 3485 1053 3528 nec
1070 3465 1185 3548 primos
1205 3464 1292 3527 ultra
1314 3465 1416 3528 sontes

336 3577 454 3657 inquiro
471 3596 479 3633 ε
497 3575 537 3634 ita
552 3572 602 3634 hic
614 3571 707 3650 licere
718 3571 825 3651 aliquis
838 3571 927 3634 dicat.
935 3569 1053 3633 Tamen
1066 3571 1157 3634 tutius
1168 3570 1368 3653 meliusque,
1385 3583 1416 3630 ut

336 3683 416 3759 dixi,
435 3683 580 3764 jungere,
596 3700 630 3740 re
654 3678 744 3739 etiam
767 3691 797 3738 ct
821 3677 943 3752 indole,
969 3677 994 3738 si
1019 3677 1210 3753 consideras,
1234 3679 1417 3760 conjuncta.

337 3815 351 3842 u
362 3786 445 3868 Quid
464 3787 545 3849 enim
563 3785 687 3847 interest
706 3783 785 3844 inter
797 3781 930 3844 Decreta
943 3779 1163 3867 Philosophia,
1186 3797 1216 3844 et
1228 3781 1414 3867 Praecepta,

334 3894 392 3955 nisi
406 3895 486 3974 quod
500 3892 553 3954 illa
567 3889 720 3975 generalia
734 3901 881 3972 precepta
897 3903 983 3966 sunt,
1000 3888 1243 3971 hotcspecialia?
1257 3919 1275 3944 n
1290 3891 1416 3973 (lbid.)

336 3998 397 4062 Sed
412 4013 514 4062 tamen
527 4012 652 4078 unaque
667 4017 717 4058 res
730 3995 887 4079 praecipit,
911 4007 1000 4076 atque
1015 3996 1091 4059 adeo
1110 4009 1235 4076 utraque
1253 3997 1359 4060 etiarn
1370 3999 1418 4081 ju-

336 4120 386 4168 vat
400 4130 407 4167 :
425 4107 478 4166 sed
491 4105 633 4167 occultius
643 4103 714 4180 illa,
729 4102 862 4185 apertius
873 4102 939 4168 ista.
953 4099 1038 4165 Sicut
1049 4123 1193 4163 munuum
1203 4147 1212 4180 ,
1224 4106 1374 4185 pedum,
1391 4117 1419 4163 et

332 4211 542 4274 membrorum
555 4231 624 4272 usus
638 4211 668 4270 in
684 4221 789 4291 aperto
804 4221 868 4284 est,
889 4221 919 4269 et
934 4209 1070 4272 sensibus
1086 4208 1231 4270 incurrit:
1254 4209 1290 4272 in
1315 4209 1419 4273 abdito

325 4341 388 4384 cor
402 4332 432 4380 et
446 4317 566 4400 spiritus
582 4315 626 4378 illi
642 4327 728 4393 sunt,
748 4315 799 4396 qni
813 4328 930 4378 motum
950 4327 979 4378 et
996 4315 1143 4398 impetum
1166 4313 1250 4377 hunc
1269 4319 1393 4380 donant
1410 4342 1417 4370 ε
