2896 4954
289 513 445 582 LIBER
468 513 555 594 111,
582 511 912 580 cte.xxx111.
1073 507 1135 578 165

77 663 221 732 pugnum
240 641 339 724 eris,
355 657 415 730 aut
434 643 634 734 imputatum
648 651 656 686 ¹
673 641 1016 722 aservodenarium,
1033 660 1134 706 senex

77 754 144 822 sine
161 753 299 823 haerede
319 759 502 826 moriturus
525 757 719 826 stomacbo²
741 755 975 852 dirumpitur?
993 751 1090 845 Quid
1108 752 1137 823 si
1163 781 1178 814 a

77 886 210 962 propter
224 893 362 940 usuram
374 871 468 940 baud
485 871 695 941 millesimam
707 867 733 955 ³,
751 870 1018 946 valetudinarius
1032 867 1139 936 loene-

78 998 163 1074 rator
186 983 338 1055 distortis
363 985 542 1080 pedibus.
559 1003 595 1054 et
621 987 777 1056 manibus
803 985 847 1055 ad
876 982 1138 1078 comparendum

78 1127 139 1172 non
159 1104 288 1174 relictis
301 1098 329 1188 ⁴,
353 1105 494 1188 clamat,
523 1128 564 1174 ac
585 1129 650 1198 per
674 1105 867 1196 uadimonia
888 1128 979 1175 asses
1003 1127 1081 1172 suos
1104 1103 1140 1174 in

78 1221 152 1312 ipsis
180 1221 291 1290 morbi
318 1221 568 1291 accessionibus
593 1219 773 1291 vindicat?
800 1222 836 1292 Si
866 1235 968 1290 totam
989 1218 1074 1290 mibi
1099 1241 1140 1285 cx

78 1337 228 1410 omnibus
248 1338 415 1420 metallis,
437 1362 514 1431 quae
528 1361 634 1430 quum
646 1339 789 1406 maxime
803 1329 1061 1432 deprimimus⁵‚
1078 1358 1141 1427 pe-

79 1453 206 1522 cuniam
225 1451 401 1546 proferas,
425 1454 454 1521 si
472 1454 510 1521 in
529 1451 679 1522 medium
697 1454 857 1546 projicias
875 1449 1046 1546 quidquid
1068 1449 1144 1520 the-

79 1569 164 1636 sauri
189 1583 330 1661 tegunt,
352 1569 496 1637 avaritia
521 1569 643 1636 iterum
664 1567 728 1636 sub
747 1581 856 1636 terras
877 1567 1048 1636 referente
1066 1588 1143 1658 quae

80 1677 183 1751 msle⁶
204 1691 403 1776 egesserat3
426 1705 560 1752 omnem
582 1683 680 1750 istam
699 1684 893 1776 congeriem
913 1680 1051 1775 dignam
1075 1703 1143 1748 nou

79 1813 212 1888 putem,
235 1822 311 1889 quae
331 1799 478 1866 frontem
499 1798 566 1868 viri
585 1796 667 1866 boni
693 1799 882 1868 contrabat.
908 1798 1046 1891 Quanto
1072 1797 1142 1865 risu

80 1911 312 2005 prosequenda
330 1930 431 1996 suut,
448 1937 526 2006 quae
545 1913 644 1982 nobis
658 1913 814 1982 lacrimas
832 1911 1012 1983 educunt?

79 2123 171 2159 somma
181 2097 287 2181 parvula
298 2107 340 2160 bic
355 2127 498 2160 sermonem
512 2127 584 2182 esse,
634 2107 765 2178 solveres,
793 2129 893 2163 necem
926 2107 1003 2162 luisse
1036 2106 1143 2161 videtur.

80 2199 202 2239 contextus
222 2187 305 2240 docet.
326 2187 455 2260 Accipiam
479 2207 527 2260 ego
554 2186 586 2239 de
664 2187 750 2253 dds!
762 2188 1027 2256 comparendumnon
1040 2188 1144 2238 reticete.

80 2275 143 2336 parte
162 2265 205 2316 vix
222 2263 366 2317 millesima.
387 2267 421 2318 At
439 2262 499 2316 vide
520 2265 587 2319 inira
635 2263 800 2318 Omneslibri
810 2265 878 2318 dant.
891 2263 1028 2318 Pincianus
1044 2261 1145 2336 excogi-

82 2355 161 2393 notam
177 2342 202 2393 3.
634 2334 953 2415 taceret,computandum
960 2341 1144 2414 modozLipsio

112 2439 133 2470 ι.
144 2420 322 2488 Imputotesm.
332 2419 361 2471 ld
372 2431 421 2483 est,
434 2419 467 2472 iu⁴
476 2418 587 2472 rationes
605 2427 609 2436 '
633 2419 800 2480 defendentur
813 2421 886 2476 male.
896 2421 965 2474 Nam
975 2420 1077 2494 vulgata
1087 2438 1144 2470 sen·

81 2497 203 2552 collatum.
217 2501 242 2553 Α
260 2519 333 2553 servo
343 2500 465 2572 reposcit,
477 2501 546 2572 qnod
557 2500 586 2553 iu
633 2518 691 2551 sum
706 2499 832 2574 optimum
844 2499 951 2554 exbibet.
965 2495 1089 2568 Quamvis
1102 2497 1147 2549 ite·

82 2597 130 2629 rem
139 2579 240 2632 domini
252 2592 405 2652 erogaverat.
417 2579 488 2633 Bene
498 2578 533 2632 sic
543 2600 587 2633 ex·
635 2588 736 2629 necator
745 2576 797 2652 ipse
806 2595 951 2653 comparere
963 2595 1017 2628 non
1030 2587 1110 2649 potest
1119 2573 1146 2626 in

81 2652 150 2725 plicat
166 2655 323 2708 Gronovius.
338 2656 476 2711 Pincianus
492 2676 552 2710 vero
564 2670 589 2710 et
636 2654 731 2726 judicio
740 2693 747 2719 ,
757 2656 970 2724 pervadimons'c
980 2666 1082 2719 umen,
1095 2651 1111 2706 i.
1123 2671 1144 2704 e.

81 2732 173 2808 lipsim
193 2745 384 2808 amputatum,
405 2735 423 2787 i.
440 2756 461 2788 e.
481 2737 588 2793 recisum
636 2753 681 2825 per
692 2731 975 2799 vndeusibiasseuuos
986 2731 1109 2794 vindicat,
1120 2729 1147 2782 ln

81 2831 122 2880 per
134 2812 252 2865 fraudem
266 2826 291 2866 et
301 2803 459 2887 surreptum:
472 2827 497 2867 at
515 2815 588 2869 nullo
637 2809 696 2888 ipsis
711 2809 794 2874 morbi
811 2807 895 2885 (poda
916 2828 949 2864 rat
964 2820 990 2862 et
1003 2807 1146 2882 chiragrae)

82 2888 155 2956 loco,
174 2913 226 2965 quo
242 2893 296 2946 vim
314 2893 384 2946 vocis
402 2905 587 2959 monstrarent,
636 2889 828 2963 accessionibus.
847 2830 953 2942 Morgbus
972 2899 1055 2939 autem
1073 2885 1150 2961 pedes

82 2967 172 3022 addito.
193 2972 335 3040 Imperare
359 2990 411 3024 esse
433 2974 588 3042 assignare,
638 2979 662 3022 et
679 2988 769 3022 manus
787 2978 916 3040 tantopere
933 2977 1106 3028 conbuxerat,
1122 2975 1151 3014 ut

83 3045 151 3101 docet
162 3049 272 3112 Noster,
285 3049 339 3116 111,
353 3049 399 3114 42,
414 3047 439 3100 3.
638 3067 781 3122 comparere
803 3043 856 3098 ison
874 3054 956 3118 posset
972 3061 980 3097 t
999 3042 1083 3116 itaque
1106 3059 1151 3115 per

114 3146 136 3177 ι.
145 3125 296 3180 Stomacho.
310 3125 340 3178 ld
353 3137 405 3191 est,
419 3125 465 3180 ira.
636 3148 788 3203 sponsores,
801 3125 894 3198 quibus
905 3144 959 3177 rem
971 3122 1149 3186 commiserat,

113 3204 135 3260 3.
148 3205 336 3262 Millcss'mom.
347 3205 377 3256 ld
388 3217 443 3270 est,
456 3204 589 3278 exiguum,
638 3227 739 3263 causam
751 3206 811 3281 ¹egit
831 3205 859 3258 in
875 3203 987 3276 judicio.
1000 3222 1020 3256 s.
1038 3220 1152 3276 presen-

170 3283 307 3338 vcrcbatur
320 3282 365 3335 istc
381 3302 471 3334 avarus
484 3303 516 3338 nc
528 3303 590 3356 per·
638 3283 700 3338 tiam
717 3303 789 3336 suam
807 3303 851 3356 per
868 3300 1002 3356 sponsores
1021 3291 1090 3332 certo
1109 3275 1152 3329 die

82 3301 156 3412 m
176 3360 303 3432 Alioquin
321 3360 479 3426 centesima,
495 3374 588 3425 terna,
638 3361 762 3433 promisit.

83 3447 241 3508 etquatcrne
252 3437 394 3492 centesima·
402 3439 497 3511 (partes
505 3437 590 3506 sortis)
674 3442 697 3492 5.
707 3439 898 3508 Deprc'ms‘mus.
912 3435 944 3491 ld
956 3449 1008 3499 cst,
1021 3430 1154 3489 cuniculos

83 3515 109 3566 in
123 3536 171 3570 rsn
190 3529 280 3581 erent,
298 3514 332 3568 ita
350 3529 378 3574 ut
395 3515 507 3588 singuli,
525 3529 589 3582 tres,
640 3517 756 3592 agendo,
776 3517 900 3572 fodiendo
920 3527 1053 3569 tractamus
1070 3510 1153 3580 (Hirt.

83 3606 187 3664 quatuor
197 3613 264 3646 asses
275 3593 302 3646 in
312 3613 425 3652 mensem
435 3595 592 3652 solverentur
639 3597 671 3650 B.
685 3597 718 3652 G.
728 3599 808 3659 Vlu,
822 3598 853 3664 4⁰
863 3636 870 3664 ,
882 3619 895 3643 o
904 3596 977 3648 l'ossae
985 3593 1107 3667 depressae
1114 3609 1156 3642 oc·

84 3689 126 3744 pro
138 3671 269 3734 centenis,
281 3683 327 3723 etc.
343 3669 377 3736 (i.
390 3690 412 3724 e.
427 3691 471 3736 sa,
484 3670 532 3737 36,
547 3671 591 3736 48,
643 3685 755 3737 curruum
764 3673 853 3738 svm,
865 3691 890 3744 9,
902 3667 1155 3743 «imperat...lossam

80 3769 147 3815 pour
158 3759 234 3816 cent,
246 3761 275 3801 ut
291 3747 416 3814 dicimus,
428 3749 455 3805 in
466 3769 564 3805 sonum
572 3749 593 3816 )·
644 3751 771 3826 duplicem
785 3748 901 3823 deprimi.
913 3769 926 3794 υ
943 3747 1023 3800 Cicer.
1035 3747 1107 3798 Verr.
1121 3745 1155 3810 V,

85 3824 147 3894 Qasr
157 3826 226 3882 ratio
239 3826 266 3878 b.
278 3825 294 3880 l.
309 3826 506 3901 haudquaquam
520 3825 595 3880 valet.
645 3851 676 3899 ²7
685 3841 705 3896 t.
718 3831 816 3882 Erasm
828 3828 860 3882 al·
874 3825 971 3900 Lipsius
984 3844 1062 3894 vero!
1075 3821 1157 3876 Gron.

84 3903 113 3958 Si
123 3905 279 3966 loeussauus
289 3920 333 3968 est,
343 3905 441 3964 debitor
451 3905 595 3964 feneratori
645 3908 750 3984 Bipont.
766 3909 943 3976 depromam:
954 3924 963 3958 .·
975 3903 1060 3967 male3
1078 3921 1158 3974 quum

85 3981 140 4048 isti,
156 3983 273 4060 podagra
285 3996 311 4038 et
325 3984 440 4057 chiragra
451 3983 595 4050 laboranti,
646 3985 689 4040 bic
706 3987 817 4038 metulla
836 3985 913 4050 (Nat.
934 3981 1030 4050 Qusest.
1045 3981 1079 4047 V,
1105 3979 1157 4050 η),

83 4061 191 4114 mamma
200 4081 366 4134 usumque
375 4061 596 4120 cumanatocismo
646 4063 663 4115 i.
675 4083 696 4114 e.
704 4073 820 4126 montes,
832 4061 859 4114 in
870 4060 962 4132 quibus
971 4078 1061 4112 aurum
1070 4077 1160 4132 argen-

87 4139 215 4204 (Iiutcrc‘t
230 4141 264 4192 de
278 4141 406 4208 l'iscte'rft)
418 4140 480 4196 sorti
501 4139 599 4214 adjecta
646 4153 750 4214 tumque
763 4139 875 4208 foditur,
889 4150 1127 4193 commemorantur.

86 4217 186 4286 luisset,
211 4233 280 4294 parte
301 4220 400 4284 soluta,
418 4219 533 4292 exiguam
545 4240 599 4295 par·
681 4219 705 4273 b.
720 4220 805 4274 Male.
817 4219 878 4274 Non
890 4217 1009 4282 sceleste,
1024 4216 1069 4270 sed
1081 4218 1162 4269 inau-

87 4307 152 4364 um,
176 4317 235 4370 quse
254 4297 298 4350 bie
324 4298 458 4354 millesima
478 4311 598 4362 vocatur,
648 4299 756 4374 spicate,
769 4313 793 4352 et
804 4296 1002 4374 repugnantibus
1014 4297 1070 4352 diis.
