2894 4954
475 415 647 484 csru‘r
672 416 699 482 1.
1055 423 1122 512 289
1165 519 1168 526 Ι

74 542 272 634 perlucentes
284 542 328 615 ad
339 545 443 614 imum
457 567 581 636 squas,
597 559 631 612 ot
640 541 914 614 circumfluentes
927 547 935 576 ¹
953 543 1027 636 ipss
1039 569 1122 614 oon-
1214 551 1219 558 '

73 657 175 726 vivia?
191 658 284 751 Quid
301 658 417 752 epulas
433 659 553 751 loquar
572 681 672 728 scena
694 681 754 726 sua
771 655 893 751 dignas
909 659 1124 745 i'Circumiu7
1148 673 1165 727 t

73 777 117 846 dit
128 805 178 849 me
189 805 229 850 ex
246 781 349 874 longo
363 781 564 874 implicitis
579 782 647 848 situ
659 783 671 812 ²
685 779 877 848 venientem
889 781 996 850 multo
1010 783 1124 875 splen·-

73 898 145 969 dore
160 901 314 986 luxurie,
335 919 371 972 ct
385 902 539 995 undique
556 901 810 972 circummunit.
830 901 1125 974 Paullumtitubnt

71 1017 151 1086 scies
177 1044 186 1085 ε
214 1017 344 1088 facilins
361 1017 524 1088 adsersus
540 1017 632 1086 illam
648 1017 798 1086 animum
821 1042 923 1109 quam
939 1019 1054 1088 ooulo'e
1070 1036 1124 1094 αῖ·

72 1129 142 1198 tollo
156 1124 182 1198 ⁵.
198 1133 333 1202 Recedo
357 1133 473 1226 itaque
489 1155 558 1200 non
576 1132 695 1225 pejor,
712 1129 773 1200 sed
787 1132 940 1200 tristior:
953 1157 1017 1202 nec
1034 1135 1126 1203 inter

71 1246 123 1314 illa
145 1250 263 1320 frivolo
279 1233 376 1318 mccl
402 1265 469 1318 tam
489 1241 598 1317 ultus⁵
617 1247 760 1331 incedo,
782 1251 973 1342 tacitusque
990 1275 1125 1320 morsus

70 1361 171 1445 subit,
197 1379 232 1434 et
254 1363 443 1446 dubitatio,
471 1361 639 1456 numquid
656 1355 739 1430 illa⁶
765 1363 905 1432 meliora
925 1366 1016 1451 sint3
1037 1365 1126 1433 nihil

70 1472 183 1544 torum
199 1500 253 1546 mc
267 1494 392 1560 mutat,
413 1477 500 1546 nihil
516 1493 630 1546 tamen
642 1497 712 1544 non
723 1478 894 1546 concutit⁷
901 1528 910 1544 .
923 1477 1039 1546 Placet
1056 1479 1124 1546 vim

68 1584 328 1684 preceptorum³
343 1591 459 1683 sequi,
479 1605 514 1658 ct
536 1591 573 1658 in
598 1588 744 1658 medinm
761 1589 813 1656 ire
835 1590 1092 1684 Rempublicam
1115 1617 1122 1658 :

68 1698 171 1792 plncct
181 1703 326 1773 honores
339 1704 513 1798 heresque
524 1709 540 1754 ²
553 1729 623 1775 non
635 1727 792 1799 purpure
800 1713 860 1810 opt
871 1705 986 1798 virgis·
995 1704 1125 1775 adduc·

66 1929 161 1966 sensus:
174 1913 322 1988 Etpopulns
332 1915 566 1989 quiprodigospe-
615 1927 755 1988 sumptum:
766 1915 795 1968 in
812 1934 891 1988 marg.
908 1915 1068 1971 Erasmnon
1084 1930 1127 1972 est.

68 1999 186 2044 ternarum
203 1992 350 2044 facultatum
361 1991 463 2062 juvenes
475 1992 566 2064 sequi-
649 2003 672 2050 6.
684 1993 748 2046 Itta.
762 1993 826 2062 Qute
842 1991 919 2046 modo
938 1994 1069 2069 explicuit,
1081 1995 1128 2048 di-

68 2075 117 2130 tur,
128 2068 247 2142 juratque
260 2083 286 2122 ut
298 2070 370 2124 eitius
381 2070 501 2144 pecunia‘t
509 2089 565 2123 om-
615 2072 678 2124 vites
694 2085 843 2146 apparatus,
862 2073 952 2148 epulas
968 2076 1064 2142 butas,
1079 2089 1125 2130 etc.

67 2164 106 2198 nes
115 2147 279 2220 disperditum
289 2163 354 2201 eant.
646 2167 671 2214 ¹7.
684 2151 761 2203 Nihil
773 2151 865 2204 horum
876 2171 934 2206 me..
937 2191 996 2206 .......
1009 2159 1126 2208 concutit.

98 2241 116 2274 1.
135 2226 350 2296 Cimtaglluatter.
375 2227 445 2296 Quas
463 2226 514 2298 jem
537 2226 565 2278 in
615 2227 672 2280 Hoc
683 2238 800 2292 est,non
814 2228 848 2281 ita
857 2249 1020 2302 permoveor,
1032 2245 1060 2284 nt
1072 2234 1126 2288 hee

65 2299 121 2374 ipsas
132 2304 287 2358 ooenafiones
297 2303 471 2377 perduxerant.
487 2303 564 2356 Conl.
614 2305 691 2357 velim
712 2317 736 2356 et
751 2317 845 2372 secter,
862 2327 1026 2372 commoveor
1039 2323 1126 2364 temen

66 2380 95 2432 ad
105 2381 207 2438 Provid.
220 2403 274 2456 cap.
286 2382 318 2447 3,
331 2383 378 2456 Sp.
492 2373 495 2380 ’
615 2384 814 2454 aliquantulum:
827 2386 948 2460 sapientia
961 2400 986 2442 et
996 2389 1125 2464 simplici·

94 2478 116 2511 2.
128 2459 302 2532 Circumfudit
316 2482 357 2515 me
367 2479 403 2515 ex
418 2462 494 2530 longo
501 2459 564 2530 sru-

62 2540 175 2602 gutturis
186 2543 255 2602 situ,
271 2550 317 2591 etc.
330 2537 402 2599 Situs
412 2548 448 2590 est
457 2540 561 2605 μυὼν,

65 2618 181 2683 uuam.
193 2615 338 2688 Frugalitas
350 2635 403 2668 non
416 2614 447 2667 tle
460 2615 491 2668 iis
503 2628 565 2666 tan-

65 2703 111 2744 tum
127 2713 183 2766 qna
200 2695 234 2747 ad
252 2693 452 2748 moderationem
473 2692 564 2747 edendi

62 2783 182 2838 spectant,
194 2770 239 2822 sed
258 2769 289 2823 de
304 2769 376 2824 omni
392 2772 564 2844 temperantia.

64 2843 125 2919 Ergo
142 2867 229 2901 sensus
248 2861 302 2900 est:
316 2849 343 2900 Si
361 2869 391 2900 ex
401 2848 453 2900 vita
469 2868 526 2901 mee
540 2861 564 2902 et

62 2922 148 2995 fingali
166 2938 190 2980 et
205 2922 326 2987 sordida,
341 2943 417 2996 quam
428 2943 502 2998 supra
513 2926 564 2977 de-

62 2997 161 3067 clarari,
172 3001 201 3054 in
213 3003 281 3055 hanc
292 3001 416 3054 luxuriam
433 3003 560 3058 interdum

61 3078 168 3145 veniam,
177 3093 226 3132 etc.
235 3081 377 3145 Ceterum,
387 3100 420 3132 ne
426 3080 519 3154 cogites
531 3080 563 3134 de

62 3154 366 3213 Senecerbexsiliomodo
372 3179 480 3224 reverso,
488 3161 562 3215 odeas

61 3235 249 3306 Argumentum.

88 3313 304 3370 t.Factttus.......
317 3318 416 3370 attollo.
434 3317 491 3370 lloc
508 3330 560 3374 est:

60 3387 560 3467 minutiffieite,haneeogiuns,mpuo

60 3479 80 3517 et
93 3490 197 3543 perro,
209 3490 289 3542 quam
297 3470 394 3523 videus.
405 3471 561 3542 ange:

613 2473 652 2518 tes
663 2481 717 2516 non
726 2462 877 2533 displicent,
889 2465 935 2518 sed
944 2467 1029 2520 minus
1039 2468 1125 2541 displi-

613 2550 670 2591 cent
677 2539 860 2610 opesetvesani
867 2543 1025 2614 fastosquam
1033 2545 1127 2618 displi-

615 2613 720 2668 cebant:
732 2614 832 2668 divitias
842 2637 896 2670 non
907 2621 1072 2694 concupisco,
1081 2623 1126 2676 sed

614 2691 698 2764 cogito
707 2728 715 2756 ,
725 2693 768 2762 qui
774 2690 828 2746 hnc
835 2713 967 2766 nunquam
975 2699 1124 2770 cogitabam.

645 2768 670 2822 8.
687 2769 751 2822 Vim
760 2781 958 2839 proeceptomm.
978 2772 1042 2841 Qua
1054 2794 1124 2847 prte-

613 2857 684 2916 eepta
696 2845 736 2898 hie
746 2845 873 2919 significat
882 2847 894 2900 i
904 2849 1067 2918 Stoicorum,
1078 2854 1124 2924 qui

612 2924 645 2977 ad
657 2924 850 2999 Rempuhlicam
865 2929 1042 3000 capessendam
1052 2951 1125 3002 asse-

613 3002 663 3054 clas
673 3019 730 3055 euos
743 3001 954 3074 adhortabantnr;
969 3009 1062 3083 quippe
1078 3013 1123 3082 qni

612 3080 770 3134 mundanum
799 3083 977 3157 praecipiebant
999 3109 1051 3145 este
1076 3109 1123 3142 sa-

611 3156 730 3231 pientem.
754 3157 857 3212 Scilicet
880 3163 995 3233 quamvis
1017 3166 1122 3222 rationis

610 3231 716 3308 imperio
729 3247 807 3288 totam
824 3238 901 3291 vitam
914 3239 1023 3295 hominis
1033 3245 1123 3298 trade-

609 3323 680 3376 rent,
696 3331 748 3364 nou
759 3313 898 3385 jubebant,
911 3329 939 3368 ut
952 3317 1015 3370 bene
1028 3319 1121 3392 aliquis

609 3387 713 3456 viveret,
724 3389 751 3442 in
761 3390 926 3446 solitudinem
933 3393 1032 3450 hunoct
1039 3399 1120 3451 otium

610 3466 761 3538 coningere,
773 3467 817 3520 sed
828 3468 911 3541 potius'
924 3470 1048 3524 theatrum
1059 3491 1120 3528 ma-

61 3545 114 3598 «Je
124 3565 182 3600 m
193 3549 264 3616 φθῆ
273 3556 312 3598 est
319 3546 467 3618 ptmsacik
478 3549 511 3600 de
521 3551 563 3602 nt.
610 3561 688 3612 gnum
703 3556 728 3596 et
740 3541 866 3598 lubricum
883 3545 952 3599 adire
963 3589 970 3616 ,
990 3550 1035 3602 ubi
1046 3552 1121 3604 sorti-

58 3624 154 3677 tt'tterd
164 3627 247 3678 I'r'de'e
262 3623 324 3694 qn'd
335 3627 363 3676 ln
373 3643 423 3676 oue
432 3627 464 3678 de
473 3625 562 3694 Γορπι-

57 3701 124 3754 leoce.
132 3725 146 3748 υ

86 3777 107 3842 lp
128 3781 234 3832 trtoota
252 3798 319 3832 men.
341 3784 468 3854 Augustas
493 3801 560 3836 meas

57 3873 98 3908 res.
113 3857 235 3910 Juvenal.
252 3855 304 3908 Sat.
323 3873 373 3918 111,
391 3859 454 3928 1983
472 3881 485 3906 o
501 3858 560 3912 Jam

57 3929 137 3984 frivola
148 3935 271 3986 manasen
282 3933 419 4008 Ucalegon.
433 3957 447 3982 ν

85 4013 105 4061 5.
116 4012 206 4065 Altus.
220 4011 265 4063 Sic
275 4011 333 4063 hab.
346 4012 506 4064 Erasmienus
515 4012 559 4066 lib.

55 4097 76 4135 et
85 4089 185 4160 plurim.
196 4089 274 4143 codd.
287 4091 353 4164 apud
362 4091 462 4144 Gruter.
471 4091 559 4146 Loetus

56 4163 161 4220 lloretus
174 4167 327 4233 induxerat,
341 4168 425 4222 nescio
432 4169 500 4222 unde
509 4170 558 4222 de-

120 4247 145 4311 Ι.

609 3621 725 3674 tudinem
752 3625 910 3698 experiretur.
929 3627 1006 3696 viu,
1027 3643 1056 3682 nt
1084 3631 1119 3684 eis

610 3699 737 3772 placebat,
753 3703 869 3774 prelium
882 3717 918 3758 ett
929 3706 1032 3759 rationis
1044 3723 1068 3760 et
1077 3730 1120 3762 en·

609 3778 741 3852 piditatum
754 3800 761 3834 ε
772 3773 797 3834 al
808 3783 835 3836 in
845 3784 983 3838 solitudine
995 3787 1120 3844 deficien-

608 3856 674 3914 tibus
684 3857 739 3926 his,
752 3861 867 3932 praelium
879 3863 930 3935 jam
941 3885 994 3917 non
1007 3880 1043 3919 est
1054 3890 1060 3932 ;
1072 3889 1119 3922 nee

608 3937 689 4010 magis
699 3943 803 4007 sopt'ens
810 3940 852 3992 ille
865 3954 909 4008 est,
921 3944 966 4012 qui
977 3963 989 3996 e
999 3946 1118 4002 lmcundo

608 4013 771 4088 cupiditatum
777 4018 833 4070 loco
838 4019 912 4091 fugit,
918 4025 1069 4090 quamlortis
1074 4025 1118 4079 ille

607 4091 691 4161 miles,
701 4096 745 4166 qui
756 4116 850 4171 pugna>
860 4096 946 4150 locum
957 4100 1118 4174 relinqueret.

642 4191 666 4243 9.
676 4175 830 4248 Fascesque.
841 4176 931 4231 Fasces
942 4215 949 4242 ,
963 4180 1058 4252 virge,
1071 4204 1117 4237 se-

956 4283 997 4350 ¹9
