2896 4954
305 398 366 492 176
552 456 560 464 .
749 375 815 468 or,
838 403 926 468 tta

298 541 599 620 temperamentum
614 545 666 597 ast
678 529 694 599 l
706 533 892 624 poterimus
902 548 1014 600 autem
1027 581 1037 616 ,
1049 531 1242 602 adnitamur
1256 533 1361 601 modo.

255 659 270 692 ²
298 643 370 710 Nec
394 641 464 710 ulla
490 667 546 712 res
575 645 682 738 magis
707 643 884 738 proderit,
907 672 1008 740 quam
1034 651 1193 744 cogitatio
1218 650 1365 718 mortali-

299 760 398 843 tntis,
417 758 666 852 sibi'quisque,
685 776 724 828 ut
742 761 861 846 alteri,
881 763 972 832 dicat
990 793 997 831 ι
1018 793 1033 828 α
1053 765 1148 859 Quid
1157 766 1274 860 juvat,
1292 783 1365 834 tan-

303 902 319 938 »
342 899 442 968 quam
453 877 660 944 inaeternum
671 878 816 970 genitos,
827 879 896 948 iras
907 879 1077 964 indicere,
1094 897 1130 950 et
1138 881 1366 952 brevissimam

302 1019 318 1056 >s
341 1009 472 1061 aetatem
491 991 688 1088 dissipare?
705 993 801 1088 Quid
819 996 939 1089 jurat,
961 997 1035 1068 dies
1054 1023 1140 1091 quos
1157 999 1195 1066 in
1213 998 1367 1092 volupta-

303 1126 408 1178 stem
434 1111 610 1180 honestam
635 1110 835 1205 impendere
859 1114 962 1198 licet,
989 1117 1026 1184 in
1050 1115 1201 1185 dolorem
1226 1115 1369 1208 alicujus

301 1244 614 1320 »tormentumque
642 1227 829 1298 transferre
844 1231 892 1298 l»
919 1234 996 1300 Non
1010 1233 1161 1324 ''capiunt
1189 1255 1243 1300 res
1274 1232 1368 1299 ¹istae
1438 1256 1439 1336 p

255 1361 271 1414 ³
293 1340 482 1436 jacturam,
505 1365 571 1410 nec
594 1357 727 1435 tempus
754 1360 851 1412 vacat
875 1341 1034 1436 perdere.
1061 1343 1157 1438 Quid
1185 1345 1312 1412 ruimus
1332 1346 1367 1411 in
1438 1353 1439 1370 *

298 1462 475 1553 pugnam?
491 1457 576 1552 quid
594 1461 779 1528 certamina
799 1462 898 1531 nobis
917 1465 1119 1532 arcessimus
1133 1464 1148 1531 P
1161 1460 1244 1556 quid
1257 1461 1367 1529 imbe·
1438 1443 1439 1446 Ἴ

296 1572 447 1643 cillitatis
473 1575 592 1659 obliti,
624 1577 777 1670 iugentia
803 1576 880 1645 odia
900 1579 1123 1670 suscipimus,
1149 1593 1184 1645 et
1210 1574 1253 1644 ad
1274 1575 1368 1644 smn-

298 1691 446 1786 gendum
480 1691 618 1786 fragiles
645 1695 909 1786 consurgimus?
935 1697 1008 1764 Jam
1042 1696 1122 1763 istas
1151 1694 1363 1774 inimicitias,

296 1829 382 1900 quas
396 1806 603 1900 implacabili
619 1808 769 1900 gerimus
783 1809 913 1907 aninmo,
935 1809 1039 1878 lebria
1057 1823 1118 1878 aut
1132 1807 1226 1878 aliud
1245 1807 1366 1876 malum
1439 1879 1440 1904 ,

296 1924 448 2016 corporis
458 1922 586 1992 vetabit
601 1923 675 2015 geri
694 1922 786 2013 :jam
801 1947 864 2016 par
877 1927 888 1956 ²
904 1926 1108 1992 acerrimum
1124 1921 1236 1992 media
1254 1914 1366 1990 ³m0rs
1439 1907 1440 1954 ³

296 2037 444 2106 dirimet.
469 2033 566 2128 Quid
586 2035 852 2120 tumultuamur,
879 2053 914 2106 et
930 2039 1035 2107 vitam
1053 2037 1203 2108 seditiosi
1227 2055 1365 2108 contur-

295 2153 442 2222 bamus?
459 2153 533 2221 Stat
552 2175 658 2244 super
676 2153 924 2245 caputiatum,
944 2171 980 2223 et
993 2150 1199 2250 pereuntes‘
1214 2155 1287 2226 dies
1305 2158 1366 2225 im-

295 2283 413 2363 putat,
445 2269 654 2364 propiueque
682 2292 723 2336 ac
749 2269 891 2362 propius
917 2269 1060 2338 aceedit.
1089 2270 1185 2340 istud
1211 2287 1361 2365 tempus,

295 2383 388 2478 quod
405 2384 524 2452 alienas
545 2379 694 2452 destinas
711 2387 834 2469 morti,
857 2387 997 2456 fortasse
1015 2382 1121 2456 circa⁵
1142 2404 1232 2456 tuam
1251 2403 1315 2456 est.

343 2505 470 2573 XLIII.
492 2502 588 2594 Quin
608 2503 721 2594 potius
738 2502 842 2570 vitam
857 2503 995 2572 brevem
1015 2505 1168 2599 colligis,
1189 2503 1368 2600 placidam·
1440 2478 1441 2516 i

250 2622 255 2636 ¹
294 2645 362 2713 que
378 2635 413 2688 et
427 2618 488 2686 tibi
508 2635 544 2690 et
556 2619 689 2686 ooeteris
701 2619 978 2711 praestasi'Quin
994 2621 1107 2713 potius
1118 2619 1297 2689 amabilem
1312 2637 1362 2697 te,
1440 2625 1441 2698 ᾗ

294 2735 375 2804 dum
394 2736 503 2814 vivis,
526 2733 682 2804 omnibus
699 2762 709 2818 3
729 2733 1015 2820 desiderabilem,
1034 2761 1139 2828 quum
1161 2737 1362 2816 excesseris,

294 2851 437 2920 reddis?
454 2855 495 2918 Et
515 2848 599 2943 quid
619 2849 735 2930 illum,
759 2851 860 2918 nimis
880 2875 920 2918 ex
944 2851 1012 2920 alto
1032 2869 1140 2920 tecum
1159 2849 1360 2946 hagentem,

330 3043 349 3075 ι.
372 3021 433 3074 Non
454 3022 561 3089 capiunt
584 3037 624 3072 tes
645 3023 712 3072 iste.
732 3016 804 3070 Boos
855 3019 927 3072 venis
944 3021 1019 3074 rebus
1036 3021 1169 3075 etirirolis
1183 3021 1365 3096 impendentes.

292 3099 366 3154 lectio
378 3141 385 3168 ,
400 3101 416 3153 i.
428 3117 449 3152 e.
457 3101 586 3152 bmnanoe.
598 3093 697 3172 Lipsius
707 3119 719 3150 e
730 3097 805 3150 codd.
889 3101 911 3152 5.
928 3099 1016 3164 (lima,
1030 3121 1044 3152 e
1060 3097 1133 3154 codd.
1148 3099 1247 3153 reduxit
1259 3099 1365 3173 Lipsius.

291 3180 431 3234 restitutam
459 3177 504 3232 ivit
527 3197 567 3232 res
593 3190 729 3248 anpstoe,
750 3191 806 3254 post
856 3177 1229 3252 Antes'2eitra,sensnperum
1240 3197 1363 3250 congruo.

291 3259 407 3312 Pincian,
417 3257 461 3330 qni
475 3275 514 3310 res
524 3266 604 3327 gestae
615 3257 640 3312 in
652 3253 803 3327 quibusdam
852 3253 976 3308 'Guroler
984 3255 1016 3307 ed
1028 3257 1152 3308 Antonin.
1164 3275 1223 3330 pag.
1239 3257 1298 3319 tls,
1312 3259 1362 3316 52,

291 3329 593 3411 exemplaribusinvenit,
605 3334 668 3388 bene
680 3355 804 3409 repressas
853 3331 991 3404 legendum
1010 3346 1095 3386 censet
1107 3373 1114 3398 ,
1132 3334 1208 3387 Irassd
1219 3339 1300 3396 clim
1321 3353 1365 3384 rs-

291 3415 435 3469 eGronov.
852 3409 938 3474 tione,
959 3430 1004 3463 cur
1020 3431 1036 3464 s
1055 3410 1139 3486 lipsio
1157 3411 1285 3478 discedet,
1307 3431 1363 3463 non

324 3515 347 3546 s.
361 3493 420 3545 Par
431 3493 595 3544 atenim.
612 3491 635 3543 E
648 3489 804 3564 glsdistorib
854 3489 937 3542 allate.

291 3572 383 3648 preliis
394 3583 520 3623 mutuatus
532 3581 567 3621 ett
579 3582 666 3622 auctor
678 3568 745 3620 benc
756 3587 804 3622 vo-
886 3567 977 3620 IILIII.
991 3570 1060 3622 Atto.
1073 3567 1212 3622 Conclusio
1226 3567 1306 3642 operis
1322 3569 1366 3620 Iu-

291 3669 364 3716 eetn3
384 3669 443 3702 nam
464 3649 614 3722 gladiatores
634 3663 732 3726 semper
751 3647 803 3702 duo
852 3646 951 3699 colente
972 3659 997 3698 et
1015 3647 1175 3700 vehementis
1193 3647 1266 3700 simul
1285 3657 1367 3717 etque

292 3730 541 3860 tozbldellibnzn.
553 3807 582 3859 ld
594 3819 644 3871 est,
658 3821 735 3870 mort,
746 3825 803 3878 quer
853 3725 1369 3859 esgrzdffiteffiffisvpassffiffi

293 3885 435 3942 intervenit.
461 3888 558 3961 Lipsius
583 3888 683 3942 emend.
715 3888 803 3938 medio
852 3883 1321 3946 tates‚ritsndsmirsmeobortetur,
1336 3901 1369 3932 ne

293 3967 398 4030 Porto,
409 3965 532 4037 quonlam
546 3967 598 4036 ejus
610 3966 667 4019 eod.
679 3963 801 4018 babebat:
852 3961 893 4014 cui
908 3961 989 4034 jaceat
1002 3962 1109 4014 cadat-er
1120 3975 1233 4015 nostrum
1246 3957 1368 4011 invisum

291 4047 380 4097 nudie
391 4064 466 4112 pars.
852 4039 878 4092 in
890 4038 997 4092 tumulo.

325 4123 349 4189 ‘l-
371 4122 517 4174 Pereuntes.
536 4120 590 4189 Qui
610 4118 683 4172 nobis
703 4119 804 4193 imprn-
885 4127 908 4172 6·
921 4117 1008 4170 Nimis
1023 4137 1061 4170 ex
1075 4119 1132 4169 alto
1142 4127 1222 4170 tecum
1233 4127 1370 4184 mntem.

292 4199 410 4252 dentibus
437 4199 563 4262 ellluunt,
590 4189 654 4268 ipone
676 4197 803 4270 perdimus
854 4195 1130 4272 lilest,petentiorem.
