2930 4956
296 383 327 466 vj
611 380 878 474 EDplTORlS
914 381 1048 452 NOVl

287 501 445 592 ·ratiique
465 520 660 596 precepto,
684 528 807 570 nonum
824 521 997 594 prensatur
1014 508 1048 570 in
1067 528 1211 582 aunum,
1231 502 1303 570 sere
1322 501 1366 570 ad

297 617 430 688 literam
443 619 635 701 obsecutus,
650 637 828 714 postquem
842 622 989 715 primum
1000 619 1158 726 volumen
1170 639 1260 688 anno
1276 642 1363 712 ¹797

297 734 388 828 typis
404 737 648 818 mandavisset,
670 739 847 829 sequentia
865 738 964 805 annis
986 737 1095 818 1800,
1120 733 1232 816 1805,
1254 735 1363 815 1808,

303 854 391 924 1811
403 855 558 947 protulit.
573 857 678 923 Immo
690 871 819 923 sextum
833 855 936 947 idque
948 854 1102 922 ultimum
1115 852 1272 921 volumen
1283 875 1368 919 non-

296 968 380 1036 'dum
403 970 441 1036 in
460 969 571 1038 lucem
588 970 715 1063 prodiit
732 985 809 1065 post
833 970 1001 1040 sexdecim
1019 987 1053 1038 et
1072 969 1216 1062 amplius
1237 989 1365 1048 annos,

298 1085 390 1176 quod
407 1086 565 1154 volumen
588 1103 626 1154 ut
650 1087 749 1156 nobis
770 1089 807 1156 in
831 1088 987 1156 manibus
1007 1086 1134 1154 habere
1156 1086 1369 1178 contingeret

299 1203 442 1272 multum
460 1206 710 1297 exoptavimus,
729 1207 856 1299 quippe
868 1229 936 1298 quo
949 1205 1061 1272 multae
1079 1227 1172 1272 novae
1185 1201 1366 1283 lectiones,

299 1341 341 1386 ex
353 1319 450 1386 novis
468 1321 563 1388 MSS.
580 1338 765 1415 excerptae,
780 1321 1046 1390 exhibebuntur.

349 1436 512 1504 Germani
542 1436 683 1506 editoris
708 1455 744 1505 et
766 1455 892 1508 textum
917 1454 952 1508 et
976 1455 1073 1507 notas
1101 1451 1371 1532 argumentaque

302 1552 374 1619 fere
394 1551 525 1646 ubique
541 1555 762 1638 servavimus,
778 1553 864 1623 nihil
882 1556 919 1632 in
933 1557 983 1623 eis
992 1569 1173 1636 mutantes,
1188 1552 1255 1620 nisi
1264 1575 1372 1644 quum

302 1677 349 1743 ita
371 1675 514 1744 obscuro
546 1692 581 1744 et
604 1677 799 1770 germanico
826 1680 932 1772 magis
960 1702 1061 1774 (mam
1090 1677 1195 1748 latino
1217 1698 1373 1746 sermone

301 1817 460 1886 expressa
477 1793 703 1876 viderentur,
734 1811 772 1862 ut
785 1795 917 1866 Gallico
936 1795 1057 1868 lecturi
1074 1796 1129 1862 vix
1151 1792 1375 1885 intelligenda

301 1925 521 2002 putaremus3
543 1907 597 1978 his
613 1909 738 1980 additae
765 1928 843 1980 sunt
865 1926 936 1980 tum
959 1913 991 1979 J.
1016 1912 1152 2004 Lipsii,
1178 1909 1370 1990 Gronovii,

301 2028 339 2093 B.
363 2023 521 2095 Rhenani
537 2077 547 2108 ,
564 2026 749 2099 Fromondi
764 2028 976 2119 aliorumque
993 2043 1148 2098 veterum
1164 2039 1375 2094 commenta-

302 2157 413 2210 torum
430 2159 532 2227 notae,
555 2168 699 2238 quarum
725 2143 836 2214 multae
856 2169 876 2212 a
897 2145 1091 2237 Ruhlroplio
1108 2167 1287 2238 perperam
1310 2163 1378 2209 ne-

303 2257 420 2351 glectae
438 2259 594 2343 fuerant3
618 2273 689 2326 tum
703 2259 865 2328 nostratis
876 2259 1055 2350 Lugrauge
1068 2257 1190 2326 lucidas
1204 2257 1378 2347 interpre-

301 2372 466 2455 tationes,
494 2373 774 2464 quotiescumque
791 2373 923 2468 aliquid
941 2375 1016 2466 opis
1035 2397 1077 2442 ex
1094 2374 1136 2440 iis
1152 2369 1379 2440 obtinendum

303 2504 389 2558 erat.
406 2490 447 2556 In
461 2489 619 2580 Epistolis
632 2506 667 2558 et
679 2490 934 2582 Quaestionibus
949 2489 1180 2568 Naturalibus,
1194 2512 1264 2556 non
1276 2487 1379 2579 parvi

305 2607 403 2676 nobis
416 2608 532 2674 auxilii
543 2607 681 2677 fuerunt
694 2607 772 2676 edd.
791 2631 874 2700 quas
885 2609 1038 2702 priorum
1050 2610 1109 2678 Jo.
1126 2599 1382 2696 Scluveiglzoeu-

303 2747 358 2790 ser
370 2721 622 2816 (Argentorati,
650 2724 776 2816 1809),
791 2726 1015 2817 posteriorum
1034 2723 1155 2790 Koeler
1167 2722 1377 2812 (Gottingae,

312 2841 418 2933 1817)
434 2839 615 2908 dederunt.
636 2841 807 2932 Denique,
827 2843 856 2910 si
870 2839 954 2933 quid
965 2856 1040 2934 post
1054 2841 1130 2910 illas
1143 2855 1193 2908 tot
1209 2855 1244 2908 et
1261 2853 1385 2906 tanto·-

308 2980 384 3023 rum
412 2955 561 3024 virorum
591 2957 706 3026 doctas
732 2958 1004 3030 elucubrationes
1029 2957 1199 3050 agendum
1224 2977 1385 3047 superes-

308 3088 379 3154 set,
393 3097 547 3171 nos,pro
562 3075 653 3142 virili
671 3075 789 3142 saltem
803 3091 911 3168 parte,
931 3077 997 3156 boe
1017 3076 1229 3158 tentavimus,
1246 3072 1385 3163 aliquas

307 3185 442 3256 notulas
463 3190 757 3272 inserendo,'sive
778 3191 868 3258 circa
892 3188 1145 3283 philosophicas
1169 3188 1380 3280 opiniones,

308 3304 378 3370 sive
396 3303 487 3374 circu
503 3305 676 3373 hominum
695 3305 888 3374 locorumve
905 3308 1060 3386 nomina,
1078 3303 1121 3372 de
1140 3303 1263 3396 quibus
1273 3301 1384 3368 multa

310 3416 492 3508 colligendi
508 3419 607 3486 nobis
624 3419 722 3512 copia
739 3419 822 3502 fuit,
841 3445 946 3512 quum
958 3417 1251 3488 Dictionoriumod
1260 3431 1385 3502 uetera

310 3550 480 3623 tempora,
507 3551 575 3601 tum
603 3557 721 3614 sacra,
749 3553 817 3603 tion
841 3537 1015 3628 profana,
1048 3534 1244 3620 tlhtstraudo
1268 3553 1387 3624 nuper

310 3647 439 3716 editum
455 3651 779 3724 conscriberemus¹.
940 3633 944 3652 Ι

360 3767 479 3860 Quum
501 3792 616 3836 omncs
637 3784 724 3836 notae
748 3769 831 3836 hinc
851 3784 886 3837 et
908 3769 1006 3837 illinc
1029 3769 1197 3862 decerptae
1216 3769 1252 3835 in
1275 3790 1385 3834 unum

191 3911 196 3920 ·
313 3882 409 3972 quasi
433 3882 557 3949 fascem
569 3883 830 3976 colligerentur,
849 3885 895 3950 ita
913 3899 950 3950 ut
970 3907 1011 3952 ex
1029 3882 1142 3951 multis
1158 3882 1389 3973 effingeretur

348 4097 356 4128 ¹
367 4095 548 4149 Dictionnoire
558 4099 687 4166 classique
697 4099 729 4149 de
745 4097 914 4168 I'Antiquitc',
928 4100 1013 4150 rocrre
1022 4099 1176 4167 ctpmsone,
1191 4107 1249 4162 etc,
1265 4115 1325 4147 aver
1338 4096 1387 4146 iles

315 4178 406 4230 Tables
419 4179 587 4232 rl’r'valuation
600 4181 643 4233 iles
650 4181 741 4251 poids,
754 4179 900 4246 monnaics,
914 4199 1022 4234 mesurcs
1034 4221 1041 4248 ,
1054 4193 1110 4246 etc,
1125 4203 1138 4234 a
1151 4179 1200 4231 vol.
1210 4179 1293 4243 iu··8⁰,
1312 4180 1388 4232 1820.
