2930 4956
284 361 341 448 vsj
602 358 860 428 anmoins
898 357 1033 428 novt

285 485 398 564 cium,
422 505 462 550 ex
483 482 556 576 ejus
575 483 664 552 libro
685 485 813 554 :Essai
828 511 885 554 sur
903 489 953 556 les
979 491 1095 578 regnes
1110 485 1152 552 de
1174 483 1300 554 Claude
1321 504 1355 554 et

287 599 332 665 de
363 589 479 668 Neris
490 649 502 680 ,
523 617 557 668 et
578 625 635 668 sur
658 603 705 669 les
732 626 850 671 moeurs
872 621 908 670 et
930 599 978 672 les
1000 606 1095 670 ἐσήιε
1117 603 1159 670 de
1177 599 1329 696 Seneque
1341 651 1353 682 ,

283 739 370 805 pour
390 719 492 784 servir
515 716 764 786 d'introduotion
787 721 866 786 hta
881 721 1003 787 lectatre
1027 721 1070 786 de
1088 743 1125 786 oe
1140 719 1354 810 philosophe,

284 828 330 898 ad
342 831 609 926 uniuscujusque
626 833 706 903 libri
721 835 848 904 calcem
863 851 961 905 caute
974 861 1014 905 ao
1027 835 1214 932 prudenter
1232 837 1357 906 exscri-

283 943 434 1016 bendum
452 950 656 1020 curavimus.

310 1069 314 1084 '
334 1063 451 1156 Quum
462 1090 558 1152 vcro,
571 1067 756 1163 Ruhkopiii
768 1067 918 1138 editione
933 1070 1092 1164 inprimis
1104 1070 1158 1138 usi
1173 1067 1355 1153 fuerimus,

284 1196 444 1273 tanquam
469 1181 611 1276 hujusce
633 1202 757 1254 nostrae
781 1186 1020 1270 fundamento,
1049 1185 1107 1253 hic
1130 1183 1293 1252 nonnulla
1316 1205 1357 1250 ex

285 1294 377 1364 illius
395 1297 649 1388 praelationibus
660 1300 875 1388 inseremus,
894 1301 989 1370 unde.
1003 1299 1048 1368 ab
1066 1300 1140 1393 ipso
1158 1295 1358 1366 docebimur

286 1410 411 1500 quibus
423 1413 559 1483 auxiliis
576 1413 713 1507 adjutus
733 1415 850 1484 luerit.

524 1609 587 1678 Ex
600 1613 703 1701 prirm'
718 1609 894 1678 voluminis
907 1613 1120 1703 prcefatione.

338 1757 541 1854 «Agebatur
554 1757 597 1828 dc
608 1759 803 1854 repetendis
812 1761 949 1830 Senecae
963 1759 1157 1855 philosophi
1167 1759 1355 1854 Operibus,

287 1884 334 1952 ita
346 1897 384 1951 ut
396 1883 544 1975 primum
558 1897 688 1967 textus,
701 1907 804 1975 quem
817 1899 959 1967 vocant,
976 1882 1136 1952 subsidiis
1145 1883 1272 1952 criticis
1287 1897 1359 1952 tum

285 2009 327 2075 iis
337 2056 349 2094 ,
372 2028 454 2099 quae
465 2005 676 2098 potissimum
690 2029 712 2074 a
728 2007 898 2097 Grutero,
926 2007 1094 2101 Lipsioet
1111 2006 1284 2078 Gronovio
1305 2007 1361 2077 al-

170 2161 174 2168 -
285 2121 467 2210 latesunt,
491 2136 563 2192 tum
580 2123 624 2190 iis
633 2172 646 2210 ,
669 2146 745 2215 quae
763 2123 851 2192 lorte
867 2125 903 2192 in
921 2123 1019 2192 libris
1036 2124 1163 2193 criticis
1181 2122 1356 2206 laterent,

286 2236 403 2308 scdulo
434 2235 620 2320 adhibitis,
653 2238 865 2311 emendatior
887 2238 1075 2324 evaderet3
1107 2263 1198 2308 nam·
1211 2240 1260 2308 sic
1279 2262 1361 2307 eum

285 2355 492 2425 constituere
509 2355 616 2438 velle,
638 2357 734 2448 quusi
752 2380 845 2425 nunc
859 2357 1006 2450 primum
1019 2357 1057 2424 in
1069 2356 1191 2450 vtrlgua
1204 2353 1361 2424 edendus

285 2474 342 2556 sit,
361 2495 474 2564 neque
492 2495 575 2565 opes
593 2488 729 2554 nostrae,
748 2495 863 2564 neque
881 2472 1058 2540 consilium
1077 2471 1358 2564 sineban13qua-

282 2604 427 2683 propter
449 2590 806 2688 non'rccensionem
835 2586 896 2656 sed
923 2588 1189 2682 recognitionem
1215 2588 1364 2679 promit-

286 2703 388 2770 timus
410 2727 418 2770 ι
441 2701 565 2770 deinde
584 2717 623 2770 ut
639 2702 920 2796 interpretatione
934 2717 1091 2774 accurata
1106 2700 1324 2770 difficultates
1337 2723 1361 2768 e

287 2841 468 2900 sermone,
500 2818 716 2914 philosophia
741 2819 873 2903 stoica,
903 2833 996 2900 etc.‚
1018 2833 1100 2887 ortae
1126 2817 1360 2902 tollerentur;
1437 2851 1447 2872 ·

286 2932 414 3018 verbo,
442 2953 480 3003 ut
502 2934 620 3034 usibus
645 2959 761 3004 eorum
781 2935 940 3029 inprimis
960 2936 1205 3017 inserviretur,
1231 2933 1361 3025 quibus

286 3051 440 3143 quamvis
467 3051 644 3120 literarum
670 3051 835 3120 bonarum
869 3051 1131 3150 haudquaquam
1156 3050 1357 3145 imperitis,

284 3168 413 3236 notitiae
428 3183 540 3236 tamen
553 3192 622 3250 eae,
639 3191 715 3260 quae
728 3166 773 3236 ad
786 3167 893 3262 probe
907 3168 1166 3262 intelligendum
1184 3183 1361 3236 auctorem

285 3283 433 3366 faciant,
454 3307 523 3352 non
536 3283 647 3352 statim
665 3300 866 3353 succurrant
883 3283 1075 3377 legentibus
1092 3300 1256 3377 praestove
1271 3283 1357 3350 sint.

285 3397 489 3492 Adjicienda
504 3397 648 3494 proinde
665 3415 763 3466 erant
779 3398 897 3466 brevia
915 3413 949 3467 et
968 3414 1046 3494 apta
1064 3401 1191 3468 monita
1206 3413 1278 3465 tum
1293 3400 1363 3466 cri-

287 3515 371 3598 tica,
385 3532 455 3584 tum
466 3516 656 3609 exegetica,
668 3532 888 3606 quast'omnt,
903 3517 996 3585 velut
1004 3517 1144 3598 scholia,
1158 3539 1233 3608 quae
1243 3531 1361 3584 tamen

288 3631 520 3700 notationibus
547 3630 716 3712 fontium,
747 3645 916 3722 tamquam
944 3632 1154 3724 argumentis
1184 3643 1219 3698 et
1246 3631 1363 3698 causis

289 3749 377 3834 suis,
400 3749 558 3820 destituta
576 3771 649 3818 esse
667 3746 842 3830 nolebam,
863 3764 901 3816 ut
917 3749 944 3816 si
966 3749 1052 3817 forte
1071 3763 1184 3818 essent
1196 3749 1357 3833 lectores,

287 3865 346 3957 qui
362 3866 398 3932 in
411 3865 634 3959 explicatione
651 3863 820 3951 breviore,
832 3889 933 3956 quam
948 3867 1191 3959 apposuissem,
1208 3889 1276 3933 non
1293 3889 1364 3934 ac-

286 3979 530 4071 quiescendum
550 3979 614 4047 sibi
636 3995 814 4072 putarent,
840 3977 899 4046 ubi
917 3978 1099 4048 declaratio
1119 3981 1226 4071 quaeri
1244 3996 1364 4072 posset

289 4095 429 4164 uberior
444 4096 561 4170 harum
578 4119 707 4178 rerum²
724 4095 906 4188 satislarga
916 4094 1358 4188 adessetopp01·tunitos....
