2910 4954
270 527 273 534 ⁴
324 467 477 532 LIBER
504 465 567 546 Il,
594 465 707 531 cst’.
736 467 890 532 XXIII.
1108 469 1150 534 83

104 595 354 687 tiuspertinent.
378 595 418 660 In
436 593 535 661 nobis
553 592 721 685 siquidem
740 617 811 662 sors
831 595 991 662 nascendi
1010 612 1045 664 ct
1066 597 1152 666 sdu-

103 709 174 776 catio
187 733 251 776 nec
267 710 341 777 vitii
351 709 483 792 locum,
499 733 563 777 nec
570 710 641 801 jam
655 711 817 802 praecepti
831 708 935 778 habet
950 762 959 793 ,
977 713 1154 804 sequentia

103 822 275 892 ordinanda
294 839 372 892 sunt
384 836 407 890 ¹.
427 826 552 892 Contra
572 826 697 917 primas
721 826 837 917 itaque
862 851 980 896 causas
999 853 1154 922 pugnare
1180 848 1194 912 t

103 941 261 1012 debemus.
280 945 389 1011 Causa
408 942 615 1024 iracundiae,
638 943 753 1036 opinio
770 943 905 1035 injuriae
920 962 994 1028 est,
1015 949 1069 1014 cui
1086 971 1154 1014 non

103 1056 185 1126 facile
202 1057 412 1128 credendum
426 1075 496 1142 θεῖς
517 1081 580 1124 nec
597 1059 723 1151 apertis
741 1056 880 1148 quidem
901 1061 1155 1154 manifestisque

101 1177 195 1244 entim
212 1173 456 1244 accedendum.
475 1174 641 1266 Quaedam
655 1177 745 1244 euim
760 1175 843 1246 falsa
854 1179 928 1244 veri
943 1180 1090 1272 speciem
1105 1179 1121 1246 f
1138 1219 1155 1230 -

101 1307 180 1358 runt.
196 1289 355 1360 Dandum
369 1313 502 1384 semper
514 1305 566 1358 est
580 1303 711 1383 tempus
727 1316 734 1355 :
752 1291 929 1360 veritatem
944 1293 1018 1362 dies
1030 1298 1152 1388 aperit.
1184 1323 1198 1372 5

101 1407 322 1474 Nesintaurcs
335 1405 592 1474 criminantibus
602 1405 738 1490 faciles,
756 1405 821 1473 boc
832 1405 1012 1477 humnuae²
1028 1427 1158 1480 natura

98 1522 203 1590 vitium
220 1537 412 1614 suspectum
431 1535 618 1612 notumque
630 1520 729 1588 nobis
747 1521 813 1602 sit,
832 1522 948 1613 quod,
965 1549 1042 1615 quae
1059 1527 1156 1596 insiti

98 1635 263 1718 audimus,
290 1635 437 1704 libenter
462 1633 653 1717 credimus,
681 1649 715 1702 et
735 1649 917 1728 antequam
942 1637 1155 1732 judicemus,

99 1774 277 1818 irascimur.

138 1868 267 1935 XXIII.
290 1864 405 1957 Quid,
427 1866 519 1958 quod
538 1890 607 1936 non
623 1869 916 1941 criminationibus
934 1887 1082 1955 tantum,
1100 1873 1161 1942 sed
1190 1917 1197 1948 .

99 1983 338 2078 suspicionibus
355 1982 582 2076 impellimur,
604 2001 641 2052 et
656 2009 695 2052 ex
709 1983 807 2052 vultu
820 1985 959 2076 risuque
976 1987 1087 2056 alieno
1104 2014 1161 2082 pe-

94 2098 163 2188 jora
175 2099 390 2193 interpretati
406 2149 414 2180 ,
429 2099 668 2176 innocentibus
678 2101 856 2180 irascimur
869 2103 884 2169 i
896 2103 1016 2194 Itaque
1028 2103 1161 2197 agenda

100 2227 145 2279 est
156 2229 273 2281 contra
285 2235 321 2280 se
331 2236 430 2280 causa
445 2213 595 2282 absentis
608 2264 616 2296 ,
629 2229 663 2280 et
676 2215 712 2282 in
723 2237 887 2308 suspenso
896 2217 948 2282 ira
957 2216 1135 2284 retinenda
1151 2245 1157 2282 :

98 2345 199 2418 potest
213 2331 306 2410 enirn
319 2351 419 2422 poena
429 2325 650 2422 dilataexigi,
669 2354 737 2398 uon
747 2346 856 2423 potest
865 2347 981 2400 exacta
993 2333 1157 2402 revocari.

96 2448 195 2515 Notus
214 2461 268 2515 est
283 2445 343 2514 ille
362 2441 611 2538 tyrannicida³,
633 2449 692 2538 qui
712 2449 909 2542 imperfecto
929 2447 1053 2544 opere⁴
1073 2475 1163 2518 com-

96 2563 302 2652 prehensus,
323 2578 358 2628 et
372 2561 415 2628 ab
436 2562 561 2656 llippia
575 2556 586 2598 ⁵
603 2579 728 2648 tortus,
749 2582 788 2632 ut
807 2568 957 2635 conscios
971 2565 1159 2648 indicaret,

96 2760 428 2836 tutionismodogigneudos
435 2760 542 2829 spondet
549 2761 604 2832 phi·
653 2783 709 2816 ntus
723 2747 843 2824 libenter,
855 2766 952 2818 ratione
962 2765 1074 2840 opposita
1087 2767 1164 2840 expli-

94 2837 207 2914 losopbns
220 2841 505 2912 Noster,reipsa,mox
522 2859 602 2908 neque
652 2861 699 2893 ces.
723 2843 865 2914 Utrumque
890 2844 975 2915 itaque
999 2865 1088 2896 verum
1112 2859 1162 2910 est,

94 2939 131 2991 spe
141 2935 239 2976 tanturn
258 2940 341 2986 vana,
359 2933 534 2994 percepturum
546 2920 585 2973 iri.
653 2920 731 2972 modo
745 2941 784 2974 res
794 2935 906 2975 accurate
919 2923 1004 2974 animo
1021 2923 1163 2993 complexus

126 3019 144 3050 ι.
156 3001 191 3052 In
201 3002 281 3053 mets
288 3001 443 3071 siquidm...
451 2999 602 3050 ordinanda
651 2998 742 3057 fueris,
761 3015 818 3068 quse
834 2999 874 3052 his
890 2999 1020 3052 sententiis
1037 2999 1162 3072 originem

93 3089 155 3128 tunt.
167 3079 232 3132 ttae
244 3091 307 3130 sunt
321 3076 434 3129 transitio
453 3097 482 3128 ex
498 3075 529 3126 iis
546 3092 602 3144 quta
652 3075 776 3128 dederint.

94 3177 177 3224 pueros
198 3159 422 3226 adolescentesque
440 3167 551 3228 spectant
570 3153 602 3204 sd
684 3157 782 3212 XXIII.
802 3161 870 3208 Atto.
890 3158 980 3227 Neque
1004 3158 1163 3211 criminatio-

93 3255 119 3287 ea
136 3257 191 3308 qnte
207 3250 319 3290 maturae
336 3236 402 3288 etati
419 3233 518 3307 propria
536 3245 602 3285 sunt.
651 3235 743 3297 nibus,
757 3254 838 3305 neque
856 3234 1040 3308 suspicionibus
1052 3235 1161 3289 adirem

93 3313 181 3367 Sensus
193 3329 232 3368 est
245 3335 254 3368 ς
272 3316 327 3367 Nos
338 3331 418 3384 quum
429 3313 480 3384 jam
494 3311 604 3363 seniores
652 3313 828 3387 perpellamur.

93 3389 164 3444 simus
176 3393 235 3458 ,vel
245 3391 374 3446 nobiliore
386 3390 443 3442 loeo
457 3389 519 3454 orti,
529 3409 605 3459 quarn
687 3391 710 3442 3.
727 3391 913 3462 Tyrannicida.
924 3389 997 3442 Unus
1009 3411 1038 3442 ex
1049 3391 1079 3442 iis
1089 3391 1164 3444 Athe-

93 3483 117 3520 nt
130 3471 161 3523 sit
174 3473 294 3546 turpibus
312 3470 373 3522 vitio
386 3470 474 3532 locus,
490 3469 531 3520 vel
548 3467 605 3520 edn-
655 3469 784 3520 aiensibus
800 3469 950 3538 quibuscum
968 3467 1121 3521 llarrnodins
1140 3484 1164 3522 et

93 3549 153 3600 tatio
178 3561 309 3622 praceptn
329 3548 412 3600 adbuc
428 3548 519 3599 ollerre
540 3565 604 3620 pos-
655 3545 833 3620 Aristogiton·
852 3569 865 3592 e
876 3545 1040 3616 soseipatrus
1055 3549 1164 3602 κτανέτην

91 3628 414 3701 sit,sequentiatempora,
429 3645 536 3696 sequeris
546 3637 604 3678 astas
653 3615 784 3691 ἰσονόμους
813 3623 833 3674 τ’
857 3616 951 3685 divise<
978 3627 1131 3680 ὶποιησάτην.
1150 3645 1163 3668 »

93 3707 290 3773 estordinanda,
297 3705 349 3758 sive
356 3705 457 3757 monitis
463 3703 604 3776 dlrigenda.
655 3704 665 3768 (
676 3699 805 3768 Callistr.)

123 3803 145 3836 a.
163 3785 227 3840 Huc
245 3787 373 3838 hnnwnoe
389 3793 498 3836 natam.
517 3784 557 3834 De
575 3782 605 3834 iis
687 3781 711 3844 4.
727 3779 880 3850 Ιηιριζίιοίο
892 3797 972 3848 opere.
991 3778 1085 3846 Quod,
1100 3779 1165 3832 Pisi-

93 3861 236 3917 bominibus
252 3863 305 3915 boc
320 3861 475 3934 intelligam,
493 3860 606 3931 quina·
655 3855 723 3908 sueti
739 3854 806 3909 lilios
826 3855 889 3908 dnos
901 3855 1054 3909 interfecturi
1066 3897 1073 3916 .
1084 3875 1165 3909 annm

94 3937 608 4014 tunenspieiosi,inftnni,sibirulp2ali·
656 3950 753 3990 tantum
775 3937 967 4003 interfecerant,
991 3951 1016 3990 et
1043 3939 1167 4008 effugerat

93 4016 607 4090 minsronsciisnnt,quienpidinealiqua
656 4015 771 4089 gladium
787 4015 902 4088 Hippias.

94 4095 282 4150 reberdentiore
302 4093 459 4167 exagitantur
471 4133 479 4161 ‚
499 4093 607 4166 ideoque
690 4097 713 4146 5.
721 4091 833 4163 Hippin.
843 4093 948 4166 Hippias
956 4104 980 4145 et
990 4092 1166 4166 Hipparchus,

94 4173 211 4227 aonuth
222 4173 275 4228 sibi
287 4172 541 4226 constant-Iubam
554 4171 608 4225 Cae·
657 4171 704 4226 lilii
724 4170 861 4238 Pisistrati,
881 4171 1039 4224 Athenarum
1057 4170 1167 4243 tyranni.

94 4249 228 4304 urisillnd
242 4269 250 4302 ι
263 4249 344 4319 Quod
356 4250 475 4303 volumus
486 4262 511 4302 et
522 4249 609 4302 eredi-
659 4249 766 4301 Videtur
782 4249 824 4302 bic
842 4251 955 4301 Anum
974 4261 998 4299 et
1015 4261 1125 4322 tempora
1144 4259 1167 4298 et
1229 4287 1236 4301 .
