2910 4954
306 435 353 525 96
750 435 816 500 nn
849 435 941 500 tna

307 566 398 649 dixi,
420 590 496 658 quse
522 564 732 634 iracundiam
753 565 944 648 concitant3
972 563 1140 656 primum,
1167 563 1194 629 si
1219 563 1371 654 injuriam

305 680 463 753 videmur
482 684 677 776 accepisse3
697 681 740 748 de
765 682 830 748 hoc
849 681 929 747 satis
947 679 1155 747 dictumest.
1178 678 1330 760 Deinde,
1350 681 1373 744 si

268 815 285 868 ³
308 800 425 890 inique
439 799 636 890 accepisse3
657 794 700 864 de
718 797 784 864 hoc
800 792 982 863 dicendum
1001 810 1063 863 est.
1085 795 1207 886 Iniqua
1224 795 1373 886 quaedam

303 914 461 1008 judicant
475 915 652 996 homines,
675 916 757 1006 quia
780 914 852 1006 pati
875 937 944 980 non
968 911 1177 999 debuerint3
1199 913 1373 1006 quaedam,

308 1034 389 1126 quia
407 1054 475 1100 non
499 1032 725 1124 speraverint.
744 1028 891 1122 Indigna
909 1044 1088 1121 putamus,
1109 1053 1185 1120 quae
1206 1029 1375 1120 inopinata

307 1165 399 1218 sunt.
424 1151 542 1240 Itaque
568 1148 711 1214 maxime
729 1161 957 1226 commovent,
978 1169 1053 1236 quae
1072 1161 1189 1214 contra
1206 1170 1304 1238 spem
1322 1169 1375 1212 ex-

309 1263 623 1356 spectationemque
642 1273 846 1328 evenerunt.
868 1261 939 1325 Nee
957 1258 1051 1326 aliud
1064 1275 1132 1342 est,
1152 1283 1260 1352 quare
1276 1261 1313 1326 in
1325 1249 1376 1324 do
1445 1279 1446 1304 ³

308 1379 456 1446 mesticis
469 1378 608 1444 minima
625 1375 823 1456 offendant,
839 1376 873 1442 in
887 1375 1027 1454 amieis,
1049 1374 1209 1467 injuriam
1224 1399 1378 1444 vocemus

308 1492 565 1585 negligentiam.
672 1475 676 1484 ⁵

272 1633 282 1666 ι
358 1608 494 1675 XXXI.
524 1605 740 1698 «Quomodo
768 1629 876 1699 ergo,
906 1605 1043 1696 inquit,
1077 1604 1294 1674 inimieorum
1324 1631 1380 1673 nos

315 1751 330 1788 s
348 1723 484 1815 injuriae
502 1723 659 1790 movent?
675 1748 691 1784 u
713 1719 807 1812 Quia
825 1744 894 1789 non
913 1721 1194 1812 exspectavimus²
1207 1721 1305 1804 illas,
1327 1737 1381 1790 aut

310 1854 403 1908 certe
417 1861 484 1905 non
503 1853 624 1906 tantas.
647 1839 719 1904 Hoc
738 1837 845 1904 efficit
861 1861 955 1905 amor
979 1839 1085 1905 nostri
1105 1839 1230 1906 nimius
1246 1868 1256 1922 ς
1276 1840 1395 1908 invio⁴

310 1954 395 2022 latos
420 1977 482 2020 nos
504 1953 605 2020 etiam
629 1953 777 2020 inimicis
797 1952 991 2046 judicamus
1015 1979 1087 2022 esse
1111 1952 1253 2023 debere,
1281 1957 1383 2048 Regis

271 2103 286 2135 α
311 2071 457 2162 quisque
475 2069 566 2136 intra
581 2092 617 2136 se
634 2069 784 2136 animum
808 2069 937 2152 habet,
964 2086 1003 2139 ut
1024 2070 1194 2139 licentiam
1217 2073 1285 2140 sibi
1313 2071 1385 2138 dari

310 2187 414 2268 velit,
436 2188 472 2252 in
490 2210 526 2254 se
540 2185 624 2252 nolit
636 2179 661 2252 ³.
685 2186 754 2256 Aut
767 2187 961 2280 ignorantia
973 2211 1034 2255 nos
1046 2189 1160 2280 itaque
1173 2212 1314 2270 rerum,
1330 2205 1387 2255 ant

311 2295 516 2371 insolentia⁴
536 2299 717 2370 iracundos
743 2303 833 2370 facit.
855 2304 1077 2398 Ignorantia:
1097 2303 1180 2396 quid
1202 2307 1298 2372 enirn
1323 2305 1388 2371 mi-

311 2441 389 2486 rum
405 2432 478 2499 est,
503 2416 607 2484 malos
624 2415 711 2485 mala
729 2416 878 2485 facinora
897 2415 999 2486 edere
1013 2417 1028 2484 i
1040 2416 1138 2509 Quid
1153 2419 1238 2486 novi
1260 2434 1339 2494 est,
1362 2419 1388 2484 si

312 2531 470 2598 inimicus
493 2545 614 2608 nocet,
640 2532 769 2598 amicus
792 2529 956 2612 offendit,
986 2531 1077 2599 filius
1095 2531 1242 2612 labitur,
1269 2555 1392 2598 seruus

312 2647 455 2738 peccat?
468 2647 714 2739 Turpissimam
728 2647 841 2714 aiebat
859 2641 1009 2716 Fabius⁵
1028 2649 1225 2741 imperatori
1244 2671 1394 2716 excusa·

312 2763 437 2830 tionem
454 2786 527 2830 esse
547 2789 554 2826 ι
577 2766 652 2830 Non
665 2765 802 2856 putavi3
822 2787 886 2858 ego
900 2765 1127 2856 turpissimam
1141 2764 1276 2831 homini
1290 2779 1390 2855 puto.

313 2880 438 2949 Omnia
461 2894 560 2972 putu,
586 2897 766 2973 exspecta:
791 2882 892 2948 etiam
912 2881 949 2948 in
968 2881 1067 2948 bonis
1085 2881 1237 2948 moribus
1255 2877 1397 2971 aliquid

273 3005 289 3056 3
314 2994 451 3060 exsistet
464 2994 630 3086 asperius.
650 2997 733 3061 Fert
749 2994 897 3062 humana
909 3010 1031 3062 natura
1047 2993 1227 3064 insidiosos
1238 2995 1393 3072 amicos,

315 3111 381 3176 sert
396 3111 568 3202 ingratos,
586 3112 653 3179 lert
666 3111 828 3203 cupidos,
851 3110 917 3180 sert
932 3111 1065 3203 impios.
1084 3111 1201 3203 Quum
1222 3110 1268 3180 de
1284 3113 1397 3180 mori-

314 3223 378 3291 bus
390 3223 690 3316 uniusjudicabis‚
707 3223 750 3291 do
763 3223 909 3317 publicis
921 3225 1033 3318 cogita
1049 3251 1057 3289 z
1075 3224 1134 3292 ubi
1146 3226 1300 3292 maxime
1316 3250 1400 3318 gau-

351 3436 371 3472 t.
391 3415 486 3484 Itaque
504 3421 628 3470 masline
647 3427 821 3480 commovent,
874 3420 985 3472 Annaeus
993 3419 1085 3471 Noster
1095 3419 1232 3472 universim
1244 3421 1401 3495 sumpsisse.

314 3508 360 3548 etc.
372 3496 408 3546 Ut
416 3495 460 3548 illa
470 3496 577 3548 maxime
589 3497 693 3550 felicitas
706 3497 824 3550 intimum
906 3496 930 3548 3.
942 3499 1137 3550 Hcentiam......
1147 3502 1218 3551 notit.
1231 3501 1310 3552 Velit
1323 3501 1402 3552 licere

314 3575 428 3629 animum
438 3575 559 3638 delectat,
574 3568 630 3646 qirae
642 3576 766 3646 insperata
778 3575 825 3627 in·
873 3572 920 3630 ailsi
933 3589 1020 3628 eontra
1031 3577 1094 3628 alios
1106 3577 1210 3642 omnia,
1226 3577 1289 3630 aliis
1309 3593 1402 3631 eontra

314 3664 498 3724 exspectataque
509 3651 593 3704 evenit
874 3673 900 3706 se
927 3653 1009 3718 niltil;
1029 3654 1084 3724 jura
1105 3653 1153 3706 sibi
1177 3655 1267 3707 omnia
1293 3671 1405 3710 asserat.

349 3731 444 3784 XXXI.
458 3736 527 3784 Atto.
546 3731 709 3784 inimieorum
726 3731 825 3804 injurie
908 3733 931 3796 4.
944 3732 1098 3784 Insolentia.
1111 3733 1171 3783 Non
1182 3731 1232 3784 ltoe
1244 3735 1337 3786 verbo
1355 3757 1404 3787 sn-

314 3807 444 3872 serendae,
471 3808 594 3880 qnoniam
616 3808 759 3882 ignorantia
784 3827 825 3860 eas
875 3809 979 3884 peritum
989 3803 1071 3862 virum
1087 3822 1130 3862 aut
1142 3811 1267 3862 fastosum
1282 3811 1405 3872 intlitat,

315 3885 411 3958 genuit.
874 3887 918 3940 sed
929 3887 969 3940 cui
981 3900 1005 3938 et
1015 3907 1053 3939 res
1063 3901 1087 3939 et
1096 3887 1212 3940 homines
1223 3909 1283 3940 non
1293 3893 1406 3962 quidem

351 3985 373 4014 a.
389 3964 462 4034 Quia
473 3985 523 4016 non
535 3969 759 4033 exspectavimus,
779 3978 823 4017 ete.
874 3965 980 4020 omnino
997 3966 1146 4038 ignorantur
1155 4005 1162 4031 ,
1178 3966 1223 4018 sed
1239 3987 1348 4040 pamm
1361 3971 1405 4020 in-

316 4043 390 4094 Falsa
402 4063 460 4096 saue
470 4044 597 4117 responsio
608 4083 615 4109 ,
628 4046 648 4098 si
661 4065 720 4098 eam
728 4046 760 4097 ad
772 4047 824 4098 sin·
874 4058 978 4098 notuere
990 4063 996 4097 :
1010 4065 1025 4096 a
1034 4047 1128 4108 solete,
1143 4057 1171 4096 ut
1183 4057 1262 4115 patet.

241 4131 247 4144 '
317 4120 389 4194 gulas
401 4134 425 4173 et
435 4123 564 4176 universas
576 4123 689 4177 retuleris
701 4125 823 4197 injurias;
910 4127 932 4178 5.
952 4123 1063 4178 Fabius.
1083 4123 1175 4191 Quint.
1188 4125 1293 4178 Fabius
1316 4129 1407 4180 Mari-

317 4217 392 4263 vera,
409 4197 429 4250 si
442 4200 472 4251 ad
490 4201 618 4270 quasdam.
634 4203 665 4253 At
675 4201 773 4255 videtur
783 4203 823 4254 ltie
874 4222 937 4254 mus.
949 4201 986 4254 Cl.
999 4201 1051 4254 Cir.
1061 4200 1091 4251 tle
1100 4197 1178 4255 offic.
1191 4201 1234 4253 lib.
1246 4203 1259 4253 i
1274 4243 1282 4266 ,
1298 4225 1360 4278 cap.
1371 4205 1409 4257 23.
