2926 4958
266 447 334 519 AD
361 449 538 522 STOIC.
565 451 771 521 PHILOS.
798 451 894 522 LIB.
923 455 999 522 111.
1068 455 1167 541 clxvii

101 611 159 658 taam
168 593 292 660 llamnli
300 614 336 658 ex
345 595 410 656 istis
420 595 584 677 adsorgtmt
593 607 624 656 et
633 609 829 658 enascuntur:
841 594 1024 660 sieDecreta
1040 599 1170 680 majora,

101 719 128 766 et
141 725 175 766 ex
190 704 229 766 lis
244 702 414 765 minuscula
429 700 517 763 video
533 700 675 764 suboriri.
694 700 752 764 Illa
774 703 865 785 igitur
878 703 1082 786 praemittam,
1098 717 1129 766 et
1144 703 1174 764 in

100 809 226 872 confusis
243 810 337 871 etiam
357 808 496 872 ordinem
515 821 568 870 ant
589 827 710 883 eruam,
726 791 969 886 aut'institnam,
986 830 1045 890 qua
1067 821 1174 893 potest.

100 914 234 978 Primmn
248 903 442 977 Paradoxum
463 927 547 990 esto,
570 905 758 997 «Sapientes
778 914 854 976 inter
875 924 1016 998 separes
1033 935 1042 973 a
1062 941 1076 969 a
1092 918 1174 996 quod

100 1022 269 1084 Academiae
283 1035 315 1084 et
327 1017 436 1108 Lyceo
448 1018 622 1103 oppositum
633 1020 718 1084 scito.
726 1017 825 1103 Origo
837 1019 977 1104 proxima
988 1019 1061 1082 illia
1072 1020 1173 1083 'from-

100 1150 132 1191 co
140 1175 149 1202 ,
157 1127 270 1192 Solum
276 1125 449 1191 Honestum
458 1126 582 1189 Βοιιιιιιι
593 1147 658 1190 esse
669 1141 719 1190 :nt
728 1130 791 1211 jam
799 1117 926 1192 videbis.
934 1125 1003 1213 Ego
1013 1129 1054 1190 ita
1065 1128 1172 1206 ess'ero,

100 1239 170 1298 duee
183 1232 304 1296 Seneca
317 1225 423 1296 nostro
444 1257 452 1294 :
468 1225 681 1316 «Quicumque
696 1233 780 1296 fuere
792 1231 967 1318 Sapientes,
984 1255 1073 1320 parea
1087 1251 1175 1300 erunt

99 1353 128 1403 et
138 1341 282 1423 aequales.
292 1369 308 1396 ι
324 1337 405 1424 (Ep.
418 1339 546 1423 oxma.)
562 1337 675 1405 Cicero
688 1341 781 1425 paulo
798 1341 887 1405 aliter
901 1340 1086 1425 «Sapientes
1102 1363 1175 1404 om·-

99 1469 150 1512 nes
167 1466 287 1510 omme
303 1447 410 1510 beatos
425 1465 502 1511 esse.
512 1477 527 1504 n
546 1445 613 1527 (lv
625 1441 677 1511 De
691 1445 784 1531 Pin.)
805 1447 842 1509 ln
856 1447 938 1512 idem
952 1449 1110 1522 convenit;
1125 1449 1177 1530 qui
1267 1523 1270 1530 Ἰ

98 1557 177 1619 enim
191 1557 224 1618 in
239 1574 361 1617 summo
377 1573 484 1618 omnes
497 1555 601 1638 ponit,
619 1555 678 1620 hoc
692 1557 759 1640 ipso
775 1556 808 1616 in
819 1555 935 1638 aeqmli.
947 1554 1061 1618 Noster
1077 1581 1086 1618 a
1101 1583 1116 1614 α
1126 1555 1178 1616 In-

99 1676 142 1724 ter
159 1673 270 1726 cetera
289 1661 350 1724 hoc
368 1661 464 1724 habet
484 1661 559 1724 boni
582 1659 736 1746 Sapientia
764 1683 881 1724 :nemo
901 1661 942 1724 ab
963 1662 1061 1725 altero
1080 1674 1181 1745 potest

98 1771 173 1834 vinci
185 1815 195 1843 ,
209 1769 271 1832 nisl
280 1771 355 1833 dnm
365 1769 545 1832 ascenditur.
553 1767 658 1851 Quium
668 1771 708 1832 ad
720 1789 872 1832 sunmtum
882 1769 1074 1852 perveneris,
1088 1769 1174 1852 paria
1215 1837 1218 1848 ¹

99 1889 172 1938 emt.
185 1875 261 1940 Non
275 1887 323 1938 est
337 1860 525 1938 incremento
538 1875 642 1953 locus,
660 1887 763 1938 statur.
778 1871 936 1956 Numquid
949 1871 1004 1936 Sol
1022 1875 1175 1957 magnitu-

98 1985 157 2045 dini
172 2005 234 2046 sna
251 1981 376 2066 adjicit?
391 1983 538 2065 numquid
556 1978 665 2060 Luna,
683 1983 762 2046 ultra
780 1993 873 2064 mam
894 1982 991 2057 solet,
1015 1983 1174 2064 procedit?

99 2088 198 2153 illaria
208 2110 273 2152 non
284 2101 424 2153 crescunt
433 2115 440 2162 3
450 2092 578 2152 mundus
589 2075 730 2153 eumdem
737 2089 873 2152 habitum
884 2109 920 2152 ac
930 2091 1056 2150 modum
1066 2104 1175 2152 servat.

98 2195 254 2259 Extollere
269 2217 303 2258 se
312 2219 377 2279 quae
387 2199 497 2280 justam
507 2197 744 2282 magnitudinem
755 2197 932 2281 explevere,
944 2217 1005 2259 non
1017 2211 1171 2280 possunt.»

98 2297 178 2383 (Ep.
191 2300 326 2377 muti.)
340 2295 570 2377 Pulcherrime,
587 2311 621 2362 ut
636 2321 779 2383 semper,
802 2312 832 2361 et
853 2321 870 2362 a
893 2291 1056 2362 caelestium
1079 2299 1171 2362 etiam

97 2405 246 2490 exemplo.
259 2403 323 2468 Sed
334 2406 485 2490 aetiologia
495 2405 561 2491 ipsa
573 2419 618 2470 est
628 2407 660 2467 in
671 2406 818 2490 prlmario
829 2403 968 2470 Decreto
979 2451 988 2477 ,
1000 2407 1081 2486 quod
1095 2405 1170 2482 dixi,

98 2509 268 2574 Honestmn
282 2513 383 2574 solum
397 2511 521 2576 Bonum
536 2533 611 2576 esse.
625 2509 659 2574 Si
671 2511 753 2574 enim
765 2512 806 2573 ita
820 2537 827 2584 ;
840 2530 915 2594 ergo
929 2510 1028 2573 solmn
1042 2509 1172 2574 Beatum

95 2617 165 2680 iacit
176 2641 186 2678 ε
199 2618 226 2680 si
239 2617 392 2691 Beatum5
412 2639 486 2702 ergo
501 2619 658 2703 perfecte,
679 2631 711 2680 et
721 2632 755 2679 ut
767 2615 844 2678 nihil
863 2617 949 2679 desit.
962 2615 1045 2678 Nam
1059 2613 1170 2680 Cicero

96 2723 154 2787 loc
167 2737 252 2789 reete
265 2748 274 2784 s
285 2749 305 2782 e
317 2723 401 2806 Quid
412 2725 512 2788 minus
525 2725 739 2809 probandum,
755 2744 848 2805 quam
862 2742 927 2786 esso
943 2723 1076 2805 aliquem
1086 2721 1171 2786 Bea-

96 2845 159 2892 tum
171 2877 181 2908 ,
192 2850 252 2894 nec
264 2831 336 2892 satis
351 2829 505 2894 Beatum?
520 2829 612 2912 Quod
625 2843 727 2892 autem
743 2830 814 2892 satis
828 2844 892 2908 est,
908 2850 946 2892 eo
960 2829 1104 2912 quidquid
1119 2851 1174 2895 ac-

94 2939 238 3011 cesserit,
261 2936 390 2998 nimium
410 2947 478 2998 est:
494 2949 525 2998 at
537 2955 637 2997 nemo
655 2937 784 2998 nimium
806 2933 920 2998 Beatus
942 2950 1008 3016 est,
1029 2950 1059 2999 et
1075 2958 1167 3001 nemo

69 3069 73 3080 ·
93 3042 192 3108 Beato
205 3043 367 3106 Reatina·
388 3041 441 3124 (V
453 3040 504 3106 De
518 3040 609 3125 ltin.)
622 3040 665 3105 Et
677 3057 781 3106 noster
792 3045 900 3110 doctor
914 3069 921 3104 ε
940 3071 955 3099 o
968 3044 1048 3107 lllud
1057 3045 1170 3108 absur-

92 3152 167 3214 dum
178 3164 235 3228 est,
248 3152 330 3232 qnod
340 3149 448 3213 dicitur
459 3149 513 3232 (ab
522 3147 728 3229 Academicis)
741 3174 747 3210 :
760 3149 891 3213 Beatmn
900 3151 1034 3214 futurum
1044 3153 1092 3214 vel
1103 3153 1168 3215 sola

91 3259 224 3334 virtute,
240 3269 415 3320 nouantem
429 3255 563 3339 perfecte
574 3253 726 3318 Beatum:
744 3259 826 3339 quod
838 3261 1094 3340 quemadmodum
1108 3261 1167 3323 dici

89 3366 209 3449 possit,
221 3383 285 3426 nou
294 3363 426 3448 reperio.
439 3361 535 3426 Beata
545 3362 629 3424 enim
639 3364 701 3426 vita
711 3363 834 3427 Bonum
848 3364 878 3425 in
891 3385 923 3427 se
934 3365 1169 3449 perlectumha-

89 3471 142 3535 bet
152 3518 162 3550 ,
174 3467 438 3554 inexsuperabile:
450 3468 566 3551 quodsi
576 3482 636 3545 est,
649 3468 781 3553 perfecte
791 3468 887 3534 Beata
899 3485 954 3534 est.
962 3497 977 3527 o
990 3467 1032 3532 Et
1044 3472 1144 3533 statim
1159 3498 1167 3534 ι

91 3605 107 3631 ι
118 3577 395 3661 Quemadmodum
402 3571 564 3638 Summum
579 3575 779 3659 adjectionem
789 3585 850 3639 n'on
861 3575 1068 3659 recipit(quid
1085 3578 1166 3640 enim

90 3681 477 3769 supraSummumeriti),
493 3682 534 3745 ita
545 3701 602 3745 nec
610 3682 700 3746 beata
709 3683 899 3764 quidem-vita
910 3728 919 3759 ,
931 3703 995 3765 qam
1005 3683 1069 3746 sine
1081 3703 1168 3746 anm-

89 3811 142 3854 mo
156 3787 245 3856 bono
256 3809 319 3853 non
330 3801 385 3852 est.
396 3815 412 3846 a
428 3787 514 3874 (Ep,
527 3803 667 3866 uxum,
681 3809 746 3872 cap.
756 3789 810 3867 4)
821 3786 960 3852 Pluscula
971 3788 1014 3850 ibi
1026 3833 1034 3866 ,
1047 3803 1078 3851 et
1088 3787 1167 3852 vide.

89 3897 151 3961 Sed
161 3898 223 3961 tria
235 3919 306 3962 ecce
316 3896 367 3960 hic
377 3897 490 3980 opponi
497 3909 632 3980 possunt,
643 3907 673 3958 et
681 3896 780 3958 solent
791 3921 800 3960 a
813 3909 864 3958 aut
875 3895 914 3957 ab
924 3896 991 3980 ipso
1000 3894 1090 3958 Bono
1100 3917 1169 3959 eam

89 4026 252 4084 erescere,
271 4017 322 4067 aut
334 4024 352 4066 a
363 4003 541 4090 Tempore,
559 4016 610 4065 aut
625 4001 760 4076 abUsu;
776 4000 901 4087 Singula
915 4005 1063 4080 videnda,
1076 4018 1107 4066 et
1120 4025 1168 4066 re-

88 4115 221 4196 jicienda
249 4117 327 4174 sumt
347 4111 420 4175 Non
442 4133 460 4173 a
477 4109 584 4188 Bono,
609 4108 635 4172 si
655 4109 685 4170 in
698 4109 819 4172 Virtute
836 4110 923 4194 ponis
936 4136 944 4184 ;
956 4111 1025 4193 quia
1036 4101 1089 4173 illa
1104 4131 1165 4174 non

89 4221 273 4295 intendinus,
293 4233 345 4280 aut
360 4219 476 4282 crescit.
489 4215 628 4280 Laertius
640 4217 718 4278 inter
733 4217 806 4280 scita
820 4215 924 4281 Stoica
941 4241 948 4278 ε
969 4219 1117 4281 «Videtur
1133 4217 1169 4280 iis

90 4347 186 4390 omne
199 4325 323 4388 Bonum
338 4327 369 4386 in
391 4345 508 4386 summo
531 4325 747 4408 expetendum,
772 4343 870 4405 nequeo
889 4323 1099 4388 remissionem
1118 4338 1168 4386 aut
