2894 4954
331 447 397 512 258
660 441 730 508 DE
755 441 1074 510 CLEMENTIA

329 569 465 638 modum
481 595 549 637 non
568 569 707 638 hahent.
727 572 822 640 Sicut
843 573 880 638 in
896 571 1033 640 Phalari
1048 577 1072 654 ¹,
1093 596 1194 664 quem
1212 573 1308 640 aiunt
1328 599 1392 643 non

328 685 469 779 quidem
485 686 521 753 iu
539 686 693 753 homiues
711 687 928 768 innocentes,
960 685 1021 754 scd
1038 711 1143 780 super
1157 687 1346 756 humanum
1360 715 1392 758 ac

326 802 537 896 probabilem
556 801 693 870 modum
711 803 857 871 saevissm
884 805 1065 870 Possumus
1082 803 1233 896 cffugere
1256 806 1391 872 cavilla-

327 924 489 1002 doncm’,
510 920 609 986 etita
626 919 746 1000 linire,
776 935 814 986 ut
831 921 876 987 sit
895 919 1080 988 crudelitas
1097 920 1273 990 inclinatio
1283 923 1391 992 ’animi

326 1036 372 1105 ad
387 1037 572 1130 asperiora.
595 1037 694 1102 Hanc
710 1035 891 1102 clementia
906 1034 1044 1128 repellit
1057 1035 1191 1128 longius
1204 1063 1225 1104 a
1240 1061 1298 1105 se:
1316 1062 1389 1106 nam

286 1178 302 1243 4
327 1160 539 1227 severitatem
551 1157 600 1224 illi
612 1158 795 1225 convenire
807 1205 816 1238 ,
834 1147 985 1224 certum³
999 1173 1061 1224 est.
1078 1156 1133 1225 Ad
1144 1181 1216 1225 rem
1228 1162 1386 1251 pertinet,

326 1297 481 1366 quaerere
505 1272 569 1342 hoc
588 1271 681 1354 loco,
703 1270 787 1363 quid
804 1273 848 1339 sit
861 1271 1104 1340 misericordia.
1129 1274 1288 1366 Plerique
1300 1278 1388 1344 enim

325 1404 363 1457 ut
376 1389 535 1456 virtutem
553 1386 802 1469 cumlaudant,
826 1403 860 1454 ct
877 1388 1004 1456 bonum
1022 1388 1389 1458 homincmvocantmi·

326 1505 544 1576 scricordcm.
559 1499 624 1572 ΑΗ
647 1505 721 1572 haro
737 1505 856 1572 vitium
874 1506 979 1572 animi
1000 1521 1051 1572 est
1063 1499 1088 1572 ⁵.
1110 1509 1262 1598 Utraque
1276 1500 1388 1576 ‘circa

325 1623 556 1703 severitatem,
585 1621 745 1712 circaque
762 1619 974 1688 clementiam
993 1622 1102 1712 posita
1119 1639 1221 1689 sunt:
1249 1647 1326 1716 quae
1339 1627 1387 1690 vi-

324 1759 397 1809 tare
408 1741 570 1809 debemus
583 1791 592 1821 ,
607 1763 650 1806 ne
662 1761 725 1834 per
735 1739 881 1830 speciem
895 1739 1084 1806 severitatis
1093 1739 1129 1806 in
1140 1738 1383 1820 crudelitatem,

322 1881 409 1926 neve
426 1881 489 1950 per
500 1857 645 1950 speciem
661 1854 848 1922 clementiae
859 1855 895 1920 in
908 1853 1173 1922 misericordiam
1185 1853 1380 1923 incidamus.

321 2046 412 2099 vitium
427 2044 531 2098 insanioe
543 2063 622 2118 genus
633 2041 762 2114 quoddam
773 2041 830 2092 eri·
878 2057 967 2108 xxxiv,
976 2041 1007 2092 6:
1020 2067 1032 2090 ιι
1046 2045 1105 2095 Νοιι
1117 2043 1184 2095 deest
1193 2045 1317 2114 protinus,
1333 2063 1383 2094 eece

321 2123 418 2177 stimari
429 2143 436 2185 ς
448 2121 516 2196 quod
535 2135 618 2173 tamen
630 2120 681 2173 alio
693 2117 770 2172 modo
784 2141 830 2171 ex-
879 2119 910 2171 de
927 2118 1061 2191 malignis,
1076 2119 1127 2188 Qui
1150 2122 1185 2174 sic
1198 2121 1331 2175 rancidulo
1346 2122 1383 2172 lo-

321 2202 480 2277 prirnebaut,
497 2201 608 2253 dieentes
630 2217 717 2252 ornetes
737 2201 843 2268 stultos¹
877 2209 969 2267 quatur
979 2215 1030 2248 ore.
1042 2219 1055 2244 n

320 2284 449 2340 insanire,
469 2280 597 2349 premisso
618 2277 741 2330 nimirum
760 2275 827 2337 hoc,
912 2273 935 2324 3.
949 2275 1206 2338 tlonoenoe,eermm
1219 2278 1381 2328 nendum

321 2356 409 2408 stultos
422 2375 464 2408 eos
482 2355 525 2424 qui
543 2365 682 2426 peccarent.
694 2351 754 2404 Vid.
775 2351 828 2403 Cic.
876 2353 995 2420 pertinet.
1011 2353 1105 2403 Erasm.
1114 2371 1205 2424 sequor
1215 2373 1222 2406 ι
1231 2353 1380 2427 Lipseontn

322 2432 443 2486 Paridon.
460 2432 555 2505 penult.
573 2433 606 2482 in
625 2433 707 2490 πάντες
724 2432 744 2479 οἱ
758 2429 828 2497 μωροὶ
879 2427 906 2479 in
917 2445 962 2478 suo
975 2441 998 2478 et
1007 2427 1062 2480 aliis
1069 2429 1164 2502 seriptis
1175 2429 1378 2483 invenitrronre·

320 2516 436 2584 μαίνονται
447 2549 454 2576 ,
468 2525 491 2566 et
503 2513 592 2567 Horat.
604 2511 649 2563 lib.
662 2511 685 2561 11
696 2550 704 2574 ,
717 2507 770 2562 Sat.
783 2523 828 2574 ιιι,
879 2504 948 2566 nire,
961 2506 1070 2567 adesse,
1089 2515 1184 2556 eertum
1202 2518 1249 2558 est.
1263 2507 1379 2559 Pertinet.

320 2593 390 2664 euius
413 2592 488 2644 totius
510 2590 615 2642 materia
637 2589 664 2640 iu
687 2587 726 2639 his
746 2587 829 2638 unicis
850 2635 852 2640 ,
879 2603 893 2628 «
906 2581 1180 2655 Quidam,addit‚pm
1189 2585 1380 2637 adessehslsrnt

222 2694 225 2705 ·
319 2669 431 2722 versibus
441 2681 495 2721 est:
512 2669 621 2738 «Quem
632 2665 698 2718 mala
713 2663 827 2726 stultitia,
878 2661 1038 2712 adremtes
1059 2681 1109 2732 quo
1124 2661 1223 2714 Erasmi
1240 2662 1296 2715 irase
1312 2662 1380 2714 lectio

320 2761 344 2800 et
360 2767 526 2818 quaecumque
539 2744 638 2796 inscitia
649 2743 703 2794 veri
723 2743 827 2794 Coeeum
877 2739 1003 2802 manavit,·
1023 2759 1068 2790 nee
1079 2739 1181 2790 damno.
1191 2761 1205 2783 ι
1224 2740 1354 2791 Adesseh.
1365 2737 1380 2789 l.

319 2825 386 2898 agit,
400 2825 517 2876 insanum
532 2823 601 2875 hune
615 2819 749 2893 Chrysippi
765 2837 829 2890 por-
876 2829 940 2868 stare
948 2817 1044 2888 nequit,
1052 2817 1143 2890 quippe
1151 2818 1220 2887 quod
1228 2818 1381 2870 finitionibus

318 2903 382 2955 tieus
396 2915 420 2954 et
433 2921 491 2974 gres
503 2903 655 2953 Autumni.»
878 2894 979 2947 Seneca·
988 2895 1018 2946 tle
1027 2895 1157 2947 elementia
1170 2895 1378 2947 adversatur.Nou

355 3001 374 3032 ι.
392 2981 514 3032 Phaleri.
530 2979 589 3032 vid.
607 2998 665 3049 quse
683 2977 827 3030 notavimus
877 2974 945 3024 enim
957 2991 1054 3046 semper
1066 2972 1134 3024 adest
1147 2973 1265 3026 severitas
1281 2991 1287 3022 :
1303 2973 1344 3024 sed
1361 2973 1378 3022 si

318 3056 350 3108 sd
367 3056 412 3108 lib.
431 3058 469 3120 ll,
491 3055 521 3107 de
542 3059 598 3118 lra,
613 3075 666 3126 cap.
678 3057 700 3106 5.
713 3053 826 3104 Phalaris
876 3050 954 3116 adsit,
977 3049 1102 3101 convenit.

316 3145 482 3206 tyrannorum
491 3153 555 3204 quos
566 3133 654 3184 Sicilia
665 3129 768 3203 protulit
779 3149 823 3181 ee·
908 3130 931 3194 4.
952 3127 998 3178 At.
1016 3127 1058 3178 Sic
1078 3145 1125 3198 ego
1150 3127 1239 3198 posui,
1262 3127 1377 3179 sentemis

317 3210 479 3272 teterrimus,
495 3210 514 3261 si
531 3209 684 3281 Dionysium
703 3207 825 3278 ‘exceperis
875 3205 1021 3279 postulante.
1045 3205 1163 3256 Erasmus
1185 3203 1271 3266 habet,
1295 3205 1376 3256 eodem

317 3301 341 3341 et
349 3287 515 3362 Agathoclem
524 3327 531 3351 ,
540 3285 686 3358 Astypalaea
695 3303 722 3334 ex
734 3283 824 3335 illustri
874 3301 947 3336 sensu
958 3302 966 3335 t
976 3281 1042 3334 Hae
1050 3293 1139 3335 autem
1146 3288 1242 3336 vrieirm
1248 3289 1376 3336 aninum.

317 3380 389 3440 geute
408 3380 480 3420 natus
500 3363 643 3416 Leventinis
661 3375 684 3413 et
700 3359 825 3414 Gardariis
874 3363 954 3414 Antea
964 3360 1093 3434 legebatur
1104 3359 1142 3412 Et
1150 3361 1219 3424 iere,
1231 3373 1278 3412 ete.

315 3447 424 3517 primum
437 3444 553 3520 praefuit,
566 3442 755 3515 Agrigentoque
767 3459 825 3492 mox
906 3443 928 3490 5.
948 3437 1015 3491 Here
1033 3441 1125 3489 vitium
1144 3441 1231 3490 animi
1249 3450 1294 3491 est.
1311 3439 1375 3490 ldem
1437 3449 1438 3471 l

315 3521 420 3596 potitus,
430 3519 591 3594 tyrannidem
604 3519 638 3571 ita
649 3515 782 3580 stabilivit,
797 3529 825 3567 ut
871 3516 923 3586 jam
934 3516 1075 3568 notavimus
1087 3514 1118 3567 de
1130 3515 1185 3579 lra,
1199 3516 1245 3568 lib.
1254 3517 1348 3590 Il,oap.
1356 3537 1375 3567 ι,

316 3601 384 3653 hunc
401 3603 492 3653 frustra
505 3598 610 3670 imperio
627 3594 758 3647 deturbare
772 3593 823 3645 ini·
873 3593 1245 3645 Patettamenmisericordiam
1252 3591 1374 3645 nunidem

314 3679 374 3732 miei
385 3677 542 3730 tentaverint.
872 3691 923 3724 esse
939 3674 1005 3746 apud
1016 3671 1137 3724 Senecam
1151 3691 1229 3742 quam
1241 3693 1288 3724 uos
1302 3693 1373 3725 voea-

346 3779 369 3810 s.
393 3757 598 3808 Cavillationem.
622 3749 822 3802 Obtrematioues
870 3767 926 3802 mus
937 3751 1017 3817 pto'e‘,
1031 3749 1073 3800 sed
1091 3750 1287 3820 propensionem
1300 3750 1373 3800 animi

314 3855 402 3888 eorum
410 3834 545 3885 homiuum
555 3831 598 3902 qui
607 3827 769 3898 loquentibus
780 3827 821 3877 do·
871 3825 903 3876 ntl
922 3825 966 3877 illa
986 3845 1049 3897 saepe
1066 3825 1236 3877 condonanda
1256 3847 1311 3896 quae
1332 3827 1372 3876 iu-

313 3913 476 3981 centibusque
496 3927 627 3980 uunquam
646 3925 699 3958 uon
722 3903 821 3955 obstre—
870 3901 948 3975 digna
959 3903 1033 3954 venia
1046 3915 1111 3953 sunt.

313 4003 390 4062 punt,
412 4001 532 4040 nontam
551 3985 662 4036 veritatis
679 3981 762 4034 studio
781 4001 820 4032 ca·
902 3989 925 4032 6.
942 3979 1059 4048 Uimque
1060 4015 1099 4029 .....
1109 3983 1279 4046 positasunt.
1297 3977 1370 4029 intell.

313 4065 390 4119 lentes
407 4083 482 4134 quam
495 4064 572 4137 jurgii
594 4076 618 4112 et
636 4061 720 4133 longae
737 4059 820 4130 dispu-
869 4053 1001 4106 erudelitas
1016 4055 1098 4106 vicina
1116 4069 1151 4105 est
1165 4055 1308 4116 severitati,
1322 4053 1370 4103 mi-

314 4144 421 4196 rationis.
439 4139 582 4194 istiusmodi
598 4139 728 4191 hominem
744 4137 819 4210 eogi-
868 4133 999 4186 sericordia
1021 4135 1179 4191 elementiae:
1194 4155 1243 4185 nna
1258 4135 1289 4184 ab
1300 4133 1368 4182 alters

312 4237 366 4274 tans
376 4221 512 4284 Martialis,
525 4221 568 4272 lib.
584 4219 648 4285 Vll,
662 4216 817 4289 Epigramm.
868 4232 919 4263 non
935 4212 1009 4282 longe
1021 4211 1095 4262 abest.
