2894 4954
412 459 551 562 capr'.
578 492 627 578 v,
653 490 721 559 vt.
1021 488 1084 556 315
1142 477 1143 484 ‘

50 624 152 708 effert,
170 622 304 716 quidam
323 623 547 692 urbanitatem
562 623 719 690 nesciunt
732 619 926 703 continere,
944 641 1008 687 nee
1026 641 1087 711 pe·

50 737 181 806 tioulosis
196 737 367 808 abstinent
389 736 528 806 salibus.
564 736 733 808 Omnibus
749 735 804 804 his
819 737 937 804 utilior
951 733 1087 827 negotio

48 853 211 941 quiesset,
229 851 322 922 ferox
339 853 585 947 impatiensque
598 869 737 934 natura,
760 853 972 921 irritamenta
990 851 1087 918 noei-

48 980 117 1034 turae
132 967 294 1038 libertatis
309 969 423 1037 evitet.

86 1081 123 1145 V.
139 1079 342 1152 AEstimanda
359 1095 437 1148 sunt
453 1077 579 1148 deinde
594 1082 685 1173 ipsa,
706 1103 782 1171 quae
795 1075 1036 1172 aggredimur,
1053 1091 1089 1144 et
1114 1099 1125 1132 ι

48 1194 122 1262 vires
137 1211 257 1264 nosmae
272 1217 349 1264 oum
367 1195 470 1264 rebus
485 1245 496 1277 ,
517 1217 601 1287 quas
616 1193 783 1263 tentaturi
797 1215 934 1276 sumus,
955 1212 1088 1284 eompa-

47 1307 155 1378 mndae.
170 1310 281 1379 Debet
292 1311 381 1379 enim
406 1285 539 1403 semper
556 1310 633 1404 plus
647 1334 720 1379 esse
738 1311 859 1378 virium
880 1309 915 1375 in
933 1312 1084 1386 'actore,

47 1446 131 1512 quam
144 1425 305 1510 inuuere,
318 1449 456 1496 necesse
472 1428 723 1521 estopprimant
732 1449 855 1506 onera,
874 1447 949 1516 quae
959 1423 1088 1490 ferente

45 1537 155 1628 majora
169 1555 259 1608 sunt.
278 1539 443 1633 Quadam
455 1557 620 1636 preterea
633 1566 701 1610 non
721 1557 786 1610 tam
796 1553 1010 1636 magnasunt
1025 1559 1088 1604 ne-

46 1653 139 1741 gotia,
160 1678 260 1754 quam
279 1653 455 1739 foecunda,
476 1655 688 1748 multumque
705 1655 918 1750 negotiorum
940 1653 1056 1720 ferunt
1078 1675 1085 1716 :

46 1781 73 1832 et
83 1766 150 1836 heo
166 1769 370 1863 refugienda
385 1787 484 1854 tunt,
507 1795 547 1839 ex
566 1772 691 1864 quibus
707 1793 794 1840 nova
814 1769 988 1864 occupatio
1004 1767 1091 1835 mul-

46 1877 201 1978 tiplexque
218 1902 388 1956 nascetur.
409 1889 481 1956 Neo
494 1885 721 1956 accedendum
740 1911 805 1969 eo,
825 1881 1019 1953 undelibet·
1034 1907 1090 1950 re-
1113 1905 1129 1937 ²

46 2021 163 2089 gressm
179 2025 250 2070 non
264 2003 304 2069 fit
324 2027 332 2068 :
354 2003 408 2070 his
421 2000 628 2070 admovenda
650 2025 768 2068 manus
782 2016 853 2082 est,
885 2022 1029 2091 quorum
1046 1999 1089 2066 fi-

45 2135 110 2180 nem
122 2131 179 2183 aut
201 2115 334 2198 secere,
354 2132 412 2183 aut
425 2132 517 2186 certe
536 2141 673 2211 sperare
688 2117 806 2209 possis.
834 2112 1087 2207 Relinquenda,

47 2250 110 2317 quae
117 2227 216 2299 latius
228 2245 306 2300 aeut
314 2228 522 2324 procedunt,
536 2253 602 2300 neo
610 2231 669 2299 ubi
677 2232 905 2325 proposueris,
917 2229 1087 2299 desinunt.

85 2343 138 2410 VI.
152 2344 335 2414 Hominum
354 2345 475 2438 utique
490 2343 640 2412 delectus
652 2343 831 2414 habendus
845 2361 896 2414 est
913 2371 921 2410 :
937 2367 982 2412 an
995 2341 1091 2436 digni
1120 2375 1128 2406 ι

46 2455 102 2524 sint
115 2460 377 2552 quibuspartem
391 2461 469 2529 vitoe
487 2475 610 2529 uostrae
628 2459 882 2553 impendamus,
898 2483 942 2528 an
959 2458 1003 2528 ad
1017 2458 1092 2526 illos

48 2575 193 2666 temporis
219 2573 325 2641 nostri
343 2573 478 2666 jactura
497 2576 685 2668 perveniat.
717 2575 866 2668 Quidam
890 2575 981 2642 onim
1003 2573 1093 2642 ultro

46 2670 144 2756 officia
159 2703 278 2756 nostra
302 2687 400 2756 nobis
422 2689 623 2781 imputant².
640 2679 897 2757 Athenodorus³
916 2688 964 2754 ait
982 2713 989 2753 ε
1010 2714 1027 2751 a
1048 2711 1094 2754 ne

50 2825 63 2861 t
81 2801 122 2870 ad
136 2827 266 2872 coenam
281 2802 418 2898 quidam
434 2825 470 2872 se
483 2801 609 2872 iturum
625 2803 667 2872 ad
687 2829 783 2888 eum,
807 2805 866 2897 qui
885 2803 950 2872 sibi
965 2803 1014 2870 nil
1032 2827 1094 2896 pro

49 2940 62 2976 t
78 2915 138 2986 hoo
148 2917 327 2987 debiturus
339 2919 395 2986 eit.
410 2944 427 2982 o
442 2921 528 2987 Puto
541 2918 726 3012 intelligia,
744 2917 849 2986 multo
859 2918 970 2986 minus
980 2915 1023 2985 ad
1037 2941 1095 2985 eos

45 3028 175 3116 iturum,
207 3035 266 3126 qui
284 3039 368 3102 eum'
385 3034 567 3102 amicorum
591 3033 712 3102 officiis
730 3056 845 3125 parem
868 3056 1016 3101 mensam
1043 3031 1094 3100 ia-

72 3243 100 3296 V,
109 3247 178 3301 Ana.
193 3247 297 3301 Deinde
312 3267 375 3321 opus
387 3260 424 3300 est
438 3247 541 3322 negotia
590 3245 633 3299 lib.
645 3247 674 3312 l,
686 3263 740 3320 cap.
753 3263 800 3319 ις,
815 3247 1096 3320 1.Moxsequiturquo-

44 3339 123 3388 uosse,
139 3345 197 3395 que
212 3324 370 3399 suscipienda
383 3325 440 3379 sint.
453 3325 492 3378 (li.
509 3324 542 3377 de
590 3343 639 3395 que
650 3327 732 3378 Iutt'us
746 3333 814 3378 actu.

46 3395 96 3463 lta,
106 3400 149 3454 lib.
158 3404 197 3456 111
207 3440 216 3469 ,
227 3423 296 3476 capp.
307 3401 324 3456 6
335 3415 359 3455 et
370 3423 392 3470 7.
621 3402 750 3454 VL'Aaa.
768 3403 910 3455 Hominum
931 3401 1033 3472 quoque
1050 3404 1098 3456 de-

73 3496 92 3528 t.
108 3480 210 3534 Actora·
231 3479 305 3532 Boua
323 3477 397 3532 lectio
404 3485 416 3544 ,¹
433 3477 491 3549 qnae
512 3478 541 3530 in
590 3479 667 3532 lectas
684 3479 815 3534 habendus
827 3494 870 3534 est.
883 3481 924 3533 cf.
941 3480 973 3532 de
985 3483 1039 3548 lra,
1050 3482 1096 3534 ΙΙΙ).

44 3555 150 3608 omnibus
170 3557 234 3610 Mes.
252 3569 277 3610 et
294 3557 418 3630 impressis
436 3568 541 3630 eomfa-
590 3560 642 3624 111,
655 3561 743 3633 eap.8.

43 3643 81 3682 tet.
95 3632 235 3690 Pincianus
250 3655 263 3688 a
279 3637 423 3708 eonjemurs
438 3634 542 3689 dederat
624 3657 647 3688 s.
670 3639 819 3704 Imperant.
846 3638 927 3691 Nobis
950 3638 1092 3711 assignant,

42 3707 122 3766 latore.
135 3713 223 3780 Quem
235 3731 315 3784 quum
326 3713 441 3766 Gronov.
450 3731 542 3786 repra·-
590 3713 759 3785 quasibonori
769 3715 882 3768 nobissit
892 3752 899 3780 ,
910 3715 941 3767 iis
950 3713 1034 3767 officis
1043 3715 1098 3769 htee

43 3781 136 3854 itendit,
147 3790 202 3864 ipse
212 3791 383 3862 conjecturam
395 3791 507 3861 sequitur
518 3804 543 3844 et
590 3792 738 3866 praestitisse.
748 3794 889 3862 Imperare
901 3804 983 3846 autem
997 3813 1048 3846 esse
1061 3793 1097 3846 id.

41 3867 150 3920 emendas
162 3879 272 3922 valon.
288 3868 318 3921 Si
334 3881 419 3921 tamen
436 3867 468 3922 de
484 3867 540 3930 in,
590 3890 614 3940 q.
624 3871 651 3922 in
663 3871 800 3922 rationibus
814 3871 920 3943 tiitnjus
932 3889 1042 3945 ponere,
1053 3871 1099 3923 iu—

41 3937 77 3992 lib.
86 3943 122 3996 111
133 3981 142 4008 ,
155 3965 210 4020 esp.
222 3965 249 4009 ς,
259 3965 270 3997 t
280 3981 288 4010 ,
300 3958 475 4019 comparasset,
487 3949 541 4000 non
590 3949 698 4002 seribere
707 3985 714 4013 ,
724 3948 774 4018 jam
785 3969 858 4023 supra
870 3950 979 4003 vidimus
989 3988 996 4015 ,
1006 3949 1037 4003 de
1046 3952 1097 4014 ira,

40 4016 119 4074 dubito
144 4023 210 4094 quin
232 4021 541 4093 vulgatumdeieudisset.
590 4025 633 4078 lib.
646 4025 701 4090 ΙΙΙ,
714 4025 826 4100 caasa,
843 4047 863 4080 ι.
876 4040 900 4080 et
914 4027 1026 4081 inbonis
1039 4019 1098 4080 Ιοπί-Δ

39 4097 116 4166 Agere
131 4121 199 4153 onus
217 4121 272 4153 non
288 4119 418 4153 temnere
435 4112 539 4172 putans,
590 4102 745 4156 tis'obvium.

39 4185 127 4230 tutore
140 4178 240 4230 intulit.
251 4177 326 4231 Onus
339 4191 376 4231 stt
386 4189 471 4232 sutem
483 4178 511 4230 b.
522 4177 539 4232 Ι.
621 4180 645 4233 3.
657 4179 844 4234 Athenodorus.
855 4181 994 4234 Tarsensis.
1013 4180 1052 4234 cf.
1065 4181 1097 4234 ds

37 4257 162 4326 negotium
180 4271 266 4330 gnte.
279 4257 395 4310 Occurrit
407 4256 438 4310 de
456 4257 537 4310 (ilem.
588 4259 731 4329 Tranquiii.
746 4279 798 4333 esp.
812 4257 843 4328 3,
854 4260 870 4329 ς
882 4281 891 4312 ι
903 4301 910 4326 ,
923 4261 991 4313 stibi
1004 4273 1058 4313 not.
