2926 4958
345 497 445 586 nnn
528 499 560 565 J.
586 497 750 568 mesu
774 455 1229 574 msnnnucnt'oms

338 637 455 702 Seneca
470 637 601 704 :Stoicis
613 668 628 695 «ι
642 663 739 724 neque
751 640 906 704 Virtutem
915 628 1036 706 Virtute
1050 646 1200 728 majorem
1215 667 1281 710 esse
1292 670 1300 719 ;
1313 665 1399 728 neque

340 742 563 809 Recte-factum
583 744 788 811 Recte-sacto.
810 747 1021 830 »(1)eStoic.
1037 748 1202 831 Contrar.)
1220 749 1329 816 Cicero
1341 774 1397 814 res·

339 851 454 914 tristius
468 853 568 916 dicere
582 852 699 916 videtur
712 876 720 914 ι
738 881 755 908 κ
770 849 884 917 Omnia
898 852 1091 918 Recte-iacta
1102 856 1229 939 aequalia
1245 883 1261 912 n
1281 855 1348 940 (IV
1360 856 1401 919 De

340 954 427 1042 Pin.)
443 981 451 1018 ι
474 961 527 1021 sed
540 981 644 1023 sensus
658 973 689 1022 et
702 980 789 1022 mens
810 962 875 1044 ejus
890 982 951 1024 non
965 962 1125 1026 discordat.
1141 959 1339 1050 Communius
1355 963 1404 1024 ite·

341 1085 411 1126 rum
427 1065 626 1128 Plutarchus:
644 1093 659 1122 s
676 1063 938 1131 Nulltnnomnino
956 1067 1077 1131 Bonum
1087 1072 1202 1153 majus,
1215 1069 1401 1132 autminus.»

340 1169 402 1248 (De
419 1169 582 1248 Commun.
595 1170 685 1251 Not.)
700 1169 836 1254 Itemque
850 1170 989 1237 Laertius
1005 1197 1014 1232 r
1032 1203 1047 1229 ιε
1063 1172 1177 1238 Omnis
1190 1175 1271 1237 bona
1286 1175 1404 1256 aequalia

340 1299 417 1340 esse.
431 1305 446 1332 ι»
463 1274 600 1340 Omnino
610 1277 670 1341 hoc
683 1299 856 1358 necessum,
870 1279 895 1342 si
908 1279 993 1363 prius
1006 1279 1080 1342 iilud
1093 1278 1286 1343 Paradoxum
1296 1294 1405 1342 tnemru

342 1397 372 1446 et
383 1397 532 1448 tenemus.
546 1383 656 1447 Cicero
669 1403 677 1445 t
691 1411 706 1440 κ
721 1381 817 1447 Pares
831 1406 896 1448 esse
908 1383 1044 1448 Virtutes
1054 1407 1112 1450 nec
1125 1385 1213 1450 Bono
1227 1389 1295 1450 viro
1309 1387 1408 1449 melio-

341 1511 428 1561 rem,
448 1511 506 1553 nec
524 1489 728 1574 Temperante
743 1489 1032 1573 temperantiorem,
1053 1512 1110 1556 nec
1130 1490 1216 1555 Forti
1235 1493 1406 1568 fortiorem,

340 1615 397 1657 nec
412 1593 555 1678 Sapiente
572 1595 786 1679 sapientiorem
799 1615 889 1680 posse
907 1596 982 1659 fieri.
996 1624 1013 1652 ι»
1027 1596 1094 1677 (ΙΙΙ
1110 1596 1240 1678 Parad.)
1253 1597 1336 1682 Quid
1350 1600 1408 1660 ita?

339 1701 427 1781 quia,
444 1699 558 1784 inquit,
576 1729 591 1756 α
606 1698 678 1764 Una
692 1701 798 1763 Virtus
820 1715 885 1780 est,
908 1703 1099 1766 consentiens
1114 1726 1183 1768 cum
1207 1703 1361 1780 Ratione,
1383 1718 1411 1766 et

339 1822 485 1892 perpetus
501 1808 665 1872 constantia
683 1830 691 1881 ς
706 1808 782 1870 nihil
803 1807 873 1872 huic
887 1809 955 1871 addi
968 1823 1081 1894 potest,
1097 1831 1157 1892 quo
1173 1812 1270 1896 magis
1284 1813 1324 1874 sit
1338 1811 1411 1871 Vir-

339 1928 405 1985 tus3
419 1913 493 1976 nihii
504 1915 596 1992 demi,
609 1929 640 1976 ut
646 1913 776 1977 Virtutis
783 1934 897 1977 nomen
910 1913 1070 1998 relinquat.
1083 1943 1098 1971 ι»
1110 1915 1226 1980 Seneca
1237 1939 1308 1980 eam
1318 1918 1413 2001 ipsam

340 2042 462 2084 causam
473 2020 580 2082 insistit
593 2033 622 2082 et
635 2022 754 2105 premit.
771 2019 869 2084 «Una
880 2022 1028 2085 inducitur
1035 2022 1174 2085 humanis
1185 2022 1358 2086 Virtutibus
1369 2046 1413 2084 re-

338 2129 408 2212 guis
423 2149 502 2189 tuna
514 2128 596 2188 enim
611 2141 655 2190 est
666 2126 758 2189 Ratio
772 2141 874 2207 recta,
888 2128 1085 2214 simplexque.
1098 2157 1114 2184 s
1127 2127 1170 2191 Et
1183 2131 1285 2194 statim
1300 2130 1390 2193 infert
1405 2154 1411 2187 :

341 2263 357 2288 ιι
370 2233 404 2297 si
420 2248 521 2296 autem
528 2231 620 2297 Ratio
632 2235 731 2296 divina
741 2249 802 2312 est,
814 2249 858 2312 et,
873 2235 992 2297 nulium
998 2234 1121 2298 Bonmn
1135 2237 1199 2298 sine
1209 2235 1344 2299 Ratione
1354 2249 1411 2298 est:

339 2339 461 2404 Bonmn
472 2361 563 2404 omne
577 2340 712 2402 divinum
726 2353 780 2403 est.
793 2337 921 2403 Nuttum
933 2361 1028 2425 porro
1043 2342 1121 2404 inter
1135 2343 1234 2406 divina
1249 2343 1416 2407 discrimen

339 2463 406 2527 est,
423 2470 494 2532 ergo
509 2469 565 2510 nec
579 2447 657 2510 inter
671 2446 768 2510 Bona.
783 2473 799 2502 »
817 2445 929 2532 (Epist.
944 2455 1032 2528 nstv.)
1042 2447 1112 2510 Alia
1127 2450 1219 2511 etiam
1231 2471 1326 2513 causa
1337 2449 1415 2532 quod

338 2554 444 2617 Virtus
454 2549 552 2636 omnis
562 2555 696 2638 perfecta
706 2554 759 2625 sit;
773 2554 908 2638 perfecto
920 2554 991 2637 quid
999 2557 1097 2638 majus
1109 2569 1160 2618 ant
1172 2555 1283 2619 melius
1293 2557 1417 2641 potest?

337 2661 419 2726 Tam
429 2663 519 2747 igitur
532 2659 684 2724 Modestia
699 2660 849 2745 perfecta,
865 2681 957 2742 quam
971 2659 1096 2724 Justitia
1112 2685 1120 2722 ι
1137 2676 1167 2723 et
1182 2661 1270 2724 sicin
1285 2661 1358 2724 aliis
1369 2686 1378 2732 ς
1389 2673 1419 2722 et

206 2843 214 2860 .
338 2768 421 2830 nulla
429 2769 522 2829 aliam
532 2767 635 2838 vincit,
646 2766 718 2847 quia
734 2764 1169 2829 omnesinsnmmaBonitate.
1179 2765 1293 2830 Cicero
1304 2791 1314 2828 z
1326 2764 1421 2826 «Ete-

338 2875 403 2935 nim
416 2872 442 2936 si
457 2873 534 2936 bene
548 2871 643 2949 sacta,
657 2869 753 2934 Recte
767 2871 845 2933 sacta
859 2886 928 2934 sunt
940 2898 948 2932 t
962 2883 992 2934 et
1004 2872 1082 2942 nihil,
1092 2887 1176 2935 recto
1189 2873 1322 2944 reectum
1336 2885 1419 2936 certe

295 2957 300 2974 ⁶
338 3003 378 3044 ne
387 2981 475 3044 Bono
486 2981 607 3063 quidem
620 2980 730 3042 melius
740 2979 903 3062 quidquam
916 2979 1043 3042 inveniri
1057 2993 1166 3063 potest.
1180 3005 1195 3036 a
1208 2979 1280 3061 (ΙΙΙ
1293 2979 1421 3051 Pared.)

339 3086 456 3150 Seneca
467 3087 547 3150 idem
557 3086 667 3149 clarius
677 3099 708 3148 et
718 3085 867 3148 efficacius
884 3109 891 3145 ε
907 3113 922 3140 n
939 3085 1024 3149 Nihil
1037 3087 1171 3148 invenies
1184 3087 1299 3150 rectius
1312 3101 1420 3150 recto:

337 3215 401 3256 non
417 3193 535 3278 magis,
556 3213 648 3274 mam
670 3213 743 3254 vero
759 3192 880 3270 verius,
896 3205 1066 3275 temperato
1082 3191 1291 3276 temperatius.
1307 3189 1423 3254 Omnis

340 3304 371 3364 in
386 3302 478 3364 modo
494 3313 540 3362 est
552 3297 658 3360 Virtus
673 3320 680 3358 ι
694 3299 801 3360 modus
818 3310 899 3360 certa
919 3316 1059 3360 mensura
1081 3311 1135 3360 est.
1152 3295 1340 3362 Constantia
1361 3318 1424 3358 non

311 3419 324 3444 ι’
340 3409 450 3486 habet,
467 3427 526 3490 quo
540 3405 685 3490 procedat
701 3427 708 3462 ε
725 3425 786 3466 nou
802 3403 917 3488 magis,
935 3426 1026 3487 quam
1040 3401 1182 3481 Fiducia,
1199 3418 1252 3467 aut
1264 3403 1422 3477 Veritas,

342 3529 393 3577 aut
407 3510 507 3574 Fides.
525 3508 607 3593 Quid
623 3511 767 3572 accedere
782 3510 918 3593 perfecto
930 3511 1050 3595 potest?
1065 3511 1149 3573 nihil.
1163 3539 1179 3566 n
1195 3509 1317 3596 (Epist.
1334 3514 1427 3588 cxv.)

292 3690 302 3703 .
339 3621 443 3704 ltaque
456 3620 504 3681 his
522 3617 705 3694 rationibus,
722 3630 753 3679 et
768 3617 838 3699 quia
860 3614 996 3680 Virtutes
1010 3617 1042 3678 in
1054 3639 1086 3680 se
1098 3617 1198 3702 ipsas,
1216 3638 1281 3679 non
1298 3617 1335 3680 in
1355 3639 1428 3679 ma-

340 3728 415 3790 terie
429 3725 640 3796 considerant;
656 3743 781 3803 easque,
797 3735 829 3784 ut
842 3722 920 3800 dixi,
938 3723 968 3784 in
978 3743 1097 3788 summo
1113 3745 1121 3784 t
1134 3723 1344 3802 concludunt,
1356 3747 1431 3786 om-

341 3835 390 3896 nia
402 3831 489 3894 Bona
503 3831 607 3915 paria;
623 3850 716 3910 usque
733 3849 786 3905 eo,
798 3842 833 3891 ut
843 3849 900 3913 par
909 3827 1015 3892 Virtus
1030 3829 1069 3892 sit
1081 3827 1263 3918 (Chrysippi
1286 3830 1431 3910 dictum)

342 3937 496 4022 «patriam
504 3936 622 3998 sortiter
633 3954 779 4012 servasse,
788 3948 819 3996 et
826 3955 936 3998 muscae
944 3955 1080 3998 morsum
1089 3935 1215 3998 viriliter
1225 3937 1430 4010 sustinuisse,

342 4045 496 4109 eclanum
514 4041 687 4126 capularem
707 4040 894 4104 continenter
910 4054 1081 4103 aversatum
1097 4061 1172 4104 esse.
1190 4066 1206 4095 υ
1221 4039 1304 4121 (De
1327 4041 1435 4108 Com·

342 4171 427 4214 mun.
446 4148 521 4212 Not.
538 4149 618 4232 apud
634 4145 737 4224 Plut)
751 4144 846 4210 Rides
860 4147 918 4208 tu?
937 4167 999 4209 non
1020 4147 1191 4222 convelles,
1214 4147 1239 4209 si
1264 4149 1435 4232 principia

341 4271 444 4321 nostra
454 4275 518 4320 non
527 4254 683 4318 subvertis.
692 4253 763 4316 Una
774 4253 909 4317 estenim
921 4253 973 4316 itta
984 4252 1077 4331 Boni,
1085 4267 1119 4315 nt
1128 4254 1171 4317 sic
1184 4255 1304 4330 dicanm
1321 4256 1436 4330 facies,

341 4363 470 4445 undiquc
487 4375 517 4428 et
534 4360 645 4442 ubique
656 4360 791 4422 formosa
806 4405 815 4437 ,
832 4359 885 4422 ubi
900 4381 933 4422 se
947 4361 1076 4423 ostendit
1097 4383 1105 4417 e
1126 4348 1142 4416 ἱ
1161 4371 1306 4423 ceterum
1325 4361 1437 4424 muita
