2930 4956
251 485 323 553 AD
347 481 525 552 STOIC.
546 479 751 552 PHILOS.
777 479 872 546 blB.
901 479 929 544 I.
1077 479 1133 551 lxr

110 624 343 688 tmuomuus
355 621 511 699 Solensis,
532 634 655 704 quartm
670 622 701 683 iu
714 619 833 683 Tabrula
846 614 1061 703 discipulorum]
1075 624 1135 689 Ze-

78 735 148 795 nonis
166 747 223 795 est.
246 731 406 813 Diogenes
424 729 503 792 iuter
524 728 650 814 inclytos
666 741 696 791 et
716 728 884 812 precipuos
898 729 1058 792 nominat:
1081 731 1137 794 ali-

79 841 174 918 quoties
186 849 220 901 et
234 835 353 900 Seneca
364 849 468 898 noster
478 836 552 914 (etsi
561 835 673 916 absque
684 833 944 919 cognomine)sed
954 850 1028 919 puto
1036 837 1137 901 istum.

77 941 255 1025 (DeTranq.
271 963 338 1026 cap.
350 941 380 1003 3.
395 937 493 1024 Epist.
507 959 528 1001 x
538 939 679 1022 etalibi.)
696 940 820 1023 Alioqui
831 955 861 1002 et
872 941 925 1003 alii
940 940 999 1004 hoe
1012 945 1136 1007 nomine

77 1047 166 1122 luere3
186 1051 265 1111 duos
292 1050 416 1129 quidem
441 1045 552 1108 Strabo
575 1049 727 1131 suggerit,
753 1061 783 1108 et
807 1046 915 1114 Stoicae
939 1049 1012 1112 item
1040 1037 1137 1115 seclae.

79 1155 204 1218 «Tarsus
214 1153 332 1218 Ciliciae
342 1199 351 1230 ,
363 1153 477 1235 inquit,
490 1153 581 1215 edidit
591 1152 668 1214 duos
677 1153 909 1233 Athenodoros,
924 1176 1053 1237 quorum
1065 1158 1142 1221 alter

77 1258 210 1347 Cordylio
227 1273 452 1342 cognomento,
474 1259 547 1320 vixit
564 1281 634 1348 cum
651 1257 696 1320 M.
712 1256 850 1336 Catone,
874 1274 962 1342 atque
976 1265 1054 1346 apud
1069 1285 1139 1326 eum

75 1367 156 1430 obiit:
169 1368 251 1432 alter
266 1365 417 1429 Sandonis
433 1365 522 1442 lilius,
534 1386 624 1446 quem
636 1379 666 1427 et
680 1363 860 1428 Cananitam
875 1386 893 1428 a
906 1388 983 1450 pago
994 1372 1138 1454 quopiam

76 1477 238 1558 appellant,
252 1475 304 1554 qui
320 1493 446 1555 magnos
457 1472 615 1533 honorosa
631 1468 751 1534 Caesare
764 1472 918 1556 Augusto,
940 1478 1023 1558 cujus
1035 1479 1140 1541 doctor

74 1581 269 1642 etfamiliaris
285 1579 399 1653 iuerat,
422 1591 598 1640 consecutus
614 1577 644 1637 in
659 1579 789 1660 patriam
803 1579 910 1651 rediit,
928 1601 1055 1663 eamque
1072 1597 1141 1645 tur-

74 1679 164 1742 batam
176 1679 330 1742 ordinarit
345 1691 375 1740 et
392 1679 477 1740 rexit.
487 1705 502 1729 u
514 1675 602 1761 (Lib.
616 1675 725 1756 XIV.)
743 1675 793 1739 De
805 1677 850 1738 M.
863 1677 981 1742 Catone
992 1684 1072 1762 quod
1082 1684 1141 1760 ait,

74 1785 246 1850 Uticensem
266 1786 421 1869 accipies,
440 1805 511 1846 nam
532 1798 563 1847 et
583 1783 718 1846 diiiusius
739 1783 798 1846 hoc
813 1785 905 1868 paulo
923 1786 954 1846 iu
975 1788 1035 1850 vita
1055 1789 1142 1873 hujus

75 1888 247 1956 Plutarchus
272 1893 422 1954 denarrat.
444 1919 459 1944 u
472 1888 569 1967 Cato,
590 1891 704 1972 iuquit,
727 1889 865 1953 incensus
885 1892 983 1953 studio
1002 1895 1142 1958 doctrinas

76 2019 157 2078 quum
168 2000 304 2060 audisset
313 1995 543 2060 Athenodorum
553 1995 771 2082 Cordylionem
781 1997 980 2080 cognomine,
990 1998 1021 2060 in
1032 1998 1141 2064 Stoicis

75 2107 291 2179 excellentem,
308 2101 451 2188 Pergami
471 2095 583 2187 agere,
601 2115 687 2164 aetate
704 2103 767 2185 jam
784 2105 949 2186 grandem,
969 2118 1058 2187 atque
1073 2129 1143 2170 eum

77 2231 174 2294 regum
192 2225 225 2273 et
243 2210 417 2294 principum
437 2208 571 2292 plurium
590 2203 754 2270 amicitiam
772 2222 823 2270 aut
841 2211 1040 2274 contubernia
1058 2214 1142 2276 relu-

77 2310 149 2390 gisse
161 2334 168 2368 :
181 2310 347 2372 arbitratus
354 2309 428 2372 nihil
439 2331 471 2372 se
481 2309 598 2372 nunciis
611 2299 663 2370 aut
673 2308 779 2372 litteris
791 2310 1008 2392 pmiccturum‚
1022 2328 1142 2398 sumpto

76 2415 103 2477 iu
112 2419 185 2479 duos
200 2421 322 2478 meum
334 2417 401 2500 jure
414 2416 572 2500 legationis
586 2415 700 2491 tibere,
714 2417 797 2500 ipsus
811 2418 842 2478 iu
855 2416 961 2480 Asiam
977 2419 1141 2498 ivit,l'retus

75 2524 228 2587 rinutibns
241 2525 322 2598 suis,
338 2524 447 2606 quihus
456 2526 557 2608 praeda
570 2543 607 2586 ea
619 2526 748 2587 eederet.
761 2523 853 2606 Quod
864 2523 992 2588 iactum:
1007 2541 1037 2588 et
1049 2549 1143 2610 expu-

75 2645 192 2712 gnatum
203 2630 304 2692 virum
318 2651 355 2694 ac
365 2632 403 2692 de
418 2629 564 2694 sententia
575 2675 584 2708 ,
596 2643 665 2713 post
675 2630 790 2712 aliquot
803 2650 959 2694 sermones
970 2676 978 2708 ,
991 2633 1140 2713 dejectum
1228 2649 1230 2658 ’

74 2757 171 2798 secum
181 2737 213 2797 iu
224 2750 323 2798 castra
340 2735 441 2814 duxit,
455 2755 548 2798 orans
558 2755 593 2798 ac
603 2734 808 2820 triumphans,
819 2749 851 2796 ut
864 2758 897 2798 re
908 2736 1137 2818 praeclarissime

76 2857 167 2924 gesta,
185 2840 371 2924 splendidius
390 2841 554 2924 justiusque
574 2861 668 2922 quam
692 2837 857 2923 Pompeius
874 2854 925 2903 aut
942 2839 1085 2906 Lucullus
1105 2845 1143 2907 de

75 2948 192 3032 regibus
203 2961 256 3008 aut
267 2948 388 3031 regnis,
400 2969 464 3028 quse
483 2959 554 3008 tuuc
567 2946 699 3008 maxime
716 2946 875 3029 capiebant
891 2962 942 3010 aut
955 2950 1139 3013 vastabant.»

76 3053 153 3116 Nota
165 3052 311 3138 Pergami
326 3054 442 3137 egisse:
459 3067 489 3116 et
506 3073 579 3136 ergo
594 3059 696 3123 εἰκότως
710 3053 937 3134 (probabiliter)
952 3077 1017 3118 esse
1032 3057 1138 3137 illum,

75 3164 111 3222 dc
121 3181 178 3242 quo
188 3159 347 3243 Diogenes
363 3159 410 3243 (in
420 3159 572 3241 Zenone.)
585 3179 593 3218 a
610 3186 625 3213 u
638 3158 869 3224 Athenodorum
879 3157 1015 3224 Stoicum
1023 3161 1140 3248 Perga-

77 3287 166 3327 mcm
178 3265 369 3328 bibliotheca·
382 3263 554 3348 prefuisse,
576 3263 650 3328 inibi
669 3264 764 3326 libros
778 3264 911 3330 Zenonis
924 3266 1140 3350 interpolasse,
1219 3344 1222 3349 Ι

78 3371 272 3453 sublatisque
284 3371 429 3433 invidiam
439 3379 490 3432 aut
504 3369 660 3432 infamiam
675 3369 765 3453 vulgo
781 3369 941 3434 habebant.
955 3371 1017 3435 Sed
1029 3376 1143 3457 depre-

78 3479 217 3555 hensum,
242 3480 341 3562 ipsmn
352 3477 530 3561 inpericulo
542 3476 652 3549 fuisse;
669 3504 684 3530 u
695 3490 726 3538 et
737 3497 775 3538 an
789 3498 824 3538 ea
835 3497 954 3559 quoque
965 3499 1068 3551 eausa,
1089 3502 1143 3543 cur

80 3584 188 3648 larilior
198 3583 313 3648 Catoni
330 3583 422 3646 l'uerit
438 3581 619 3648 abducenti?
636 3580 715 3644 Tres
726 3582 815 3666 igitur
826 3582 1016 3646 Athenodori
1029 3583 1141 3661 Stoici,

81 3703 107 3752 et
117 3711 223 3754 omnes
244 3687 358 3753 Cilices
373 3710 381 3744 ε
394 3688 516 3750 ultima
534 3699 636 3748 autem
649 3685 812 3752 Plutarcho
830 3689 862 3750 in
873 3687 1143 3773 Apophthegmatis

82 3797 267 3873 nominatus,
280 3808 311 3856 et
319 3792 415 3856 Dioni
428 3794 459 3856 in
470 3793 561 3857 rebus
570 3791 708 3876 Augusti.

116 3895 267 3959 smnus
278 3893 435 3958 Cleanthis
446 3893 629 3977 discipulus,
653 3895 709 3957 etsi
719 3895 877 3957 Zenonem
892 3916 1010 3978 quoque
1023 3900 1143 3962 audivit.

83 4003 251 4086 bosphorus
262 4004 293 4067 ei
308 4003 429 4086 patria,
450 4003 532 4064 etde
548 4001 607 4063 vita
621 4021 656 4064 ac
679 4001 797 4086 scriptis
817 4003 881 4084 ejus
900 4023 997 4098 pauca
1015 4007 1144 4068 seorsim

82 4105 211 4172 laertius
223 4133 231 4169 ε
243 4131 334 4192 quaem
349 4121 396 4170 est
405 4109 516 4170 videre.
525 4105 635 4172 Cicero
647 4128 707 4170 una
720 4121 792 4170 nota
803 4110 1011 4171 commendat:
1024 4137 1038 4164 u
1049 4108 1143 4173 Deli-

83 4215 200 4279 nitioues
212 4216 387 4300 superiores
402 4228 488 4277 erant
506 4211 642 4298 Sphaeri,
657 4213 789 4276 hominis
803 4215 833 4276 in
851 4214 957 4298 primis
975 4215 1054 4278 bene
1067 4217 1144 4278 desu-

82 4323 199 4404 flicntia,
221 4339 254 4388 nt
271 4337 379 4411 putant
399 4321 504 4389 Stoici.
516 4351 531 4380 a
555 4321 622 4406 (IV
645 4321 756 4401 Tuae.)
775 4319 953 4388 Plutarchus
970 4321 1144 4388 Cleomenis

203 4435 223 4486 l.
1025 4446 1040 4480 c
