2896 4954
315 480 381 566 edd
632 478 701 545 DE
727 475 1052 546 CLEMENTIA

312 609 448 678 linrium
455 607 1375 692 certissimum,ullisnlutnrissit3utisteanimusiemx,

313 719 503 792 insatiabile
523 722 676 815 gentium
689 722 833 804 melum
851 723 937 792 eitra
952 721 1378 815 sanguinem²caedemque

311 840 476 908 satietur:
495 837 676 905 clementia
697 853 857 920 vocatur,
879 839 907 906 si
928 837 974 906 nd
992 837 1216 908 occidendum
1236 839 1377 909 amicum

272 983 286 1016 ι
310 946 915 1048 oemisexinterhomineseligitur³l
934 957 1082 1038 Honest,
1099 954 1376 1048 quarerelmoxi-

310 1097 364 1142 me
381 1070 608 1141 abominando
628 1073 667 1140 fit
679 1073 824 1155 saemtin,
846 1071 940 1165 quod
952 1072 1087 1140 excedit
1106 1074 1212 1156 fines,
1232 1075 1376 1167 primum

308 1190 445 1274 solitos,
461 1187 587 1257 deinde
602 1190 779 1258 humanos.
795 1191 889 1258 Nova
903 1187 1070 1282 supplicia
1080 1190 1272 1281 conquirit,
1289 1191 1377 1282 inge·

308 1308 404 1376 nium
423 1303 565 1373 advocet
576 1298 604 1387 ⁴,
621 1306 848 1373 instrumente
861 1305 1048 1398 excogitat,
1068 1329 1132 1399 per
1143 1305 1376 1397 thaevnrietur

308 1438 411 1514 atque
434 1417 637 1488 extendatur
660 1419 780 1508 dolor,
802 1437 838 1488 et
860 1419 1050 1489 delectetur
1071 1421 1167 1491 malis
1188 1422 1370 1490 hominum.

307 1539 409 1607 Tunc
421 1537 479 1606 ille
498 1535 594 1605 dirus
610 1536 715 1604 animi
734 1537 872 1605 morbus
884 1537 930 1604 nd
946 1538 1111 1606 insaniem
1125 1538 1284 1631 pervenit
1301 1536 1374 1604 ulti-

308 1677 416 1735 mem,
446 1677 551 1746 quum
569 1650 754 1720 crudelitas
772 1677 870 1722 versa
892 1653 995 1722 estin
1012 1653 1244 1748 voluptatem,
1262 1653 1372 1746 etjam

264 1789 281 1842 3
306 1770 461 1838 occidere
475 1769 647 1838 hominem
655 1769 766 1862 juvat.
783 1772 868 1838 Nam
885 1771 986 1839 telem
998 1773 1110 1840 virum
1122 1797 1143 1840 n
1154 1788 1252 1866 tergo
1265 1775 1375 1864 sequi·

306 1905 363 1958 tur
376 1889 529 1970 eversio,
557 1885 657 1970 odiu,
677 1911 829 1970 venena,
852 1886 980 1982 gladii,
997 1905 1065 1958 tam
1083 1891 1199 1958 multis
1217 1890 1373 1984 periculis

303 2005 434 2099 petitur
446 2053 455 2086 ,
468 2027 570 2095 qunm
588 2001 771 2070 multorum
782 2003 854 2097 ipse
865 2005 1056 2098 periculum
1066 2023 1118 2074 est
1129 1999 1156 2074 ⁵:
1168 2008 1373 2101 privatisque

303 2143 548 2213 nonnunquam
567 2119 738 2202 consiliis,
758 2119 843 2187 alins
855 2145 937 2190 vero
950 2123 1223 2191 consternatione
1241 2123 1371 2217 publica

302 2229 599 2306 circumvenitur⁶.
628 2236 729 2304 Levis
760 2235 851 2303 enim
882 2254 917 2305 et
942 2238 1075 2332 privntn
1104 2239 1276 2332 pernicies
1308 2261 1370 2305 non

302 2371 388 2423 totns
405 2353 509 2423 urbes
523 2367 653 2437 movet,
670 2351 762 2444 quod
776 2350 844 2421 lete
863 2352 978 2421 surore
993 2355 1114 2448 coepit,
1140 2370 1174 2423 et
1188 2378 1307 2422 omues
1319 2378 1371 2446 ap·

300 2575 607 2646 sedqur'cepr't,eentinet,
615 2574 814 2646 comprehendit.
864 2573 924 2627 dam
935 2612 942 2638 ,
953 2575 997 2626 sed
1006 2574 1039 2627 ad
1050 2574 1172 2649 supplicia
1183 2593 1252 2627 uon
1262 2573 1370 2644 conqui-

339 2673 358 2705 t.
372 2653 499 2706 Exitium
507 2653 693 2726 [auxiliarium
705 2654 815 2704 eet-tissi·
862 2649 941 2703 rende
950 2689 957 2715 ,
966 2652 1131 2704 instrumente
1141 2651 1369 2724 excogitsnds,etc.

301 2751 382 2784 mum.
406 2731 469 2784 Cliti
487 2744 595 2783 mortem
618 2729 718 2797 innuit,
737 2749 814 2801 quem
897 2735 920 2785 5.
936 2733 1004 2784 Tam
1020 2735 1113 2784 multis
1120 2733 1286 2800 penitudis.....
1300 2732 1370 2798 peri-

300 2807 462 2862 ebriusinter
476 2827 572 2862 mensae
588 2807 691 2860 delicies
703 2807 814 2860 Alexan·
862 2812 950 2862 culum
974 2820 1021 2861 est.
1049 2811 1082 2861 Et
1107 2827 1183 2880 quam
1209 2807 1284 2860 multi
1307 2807 1369 2858 ltnnt

301 2887 347 2958 der
359 2887 494 2941 interemit.
863 2899 1052 2952 metuunt,txm
1062 2887 1154 2939 multos
1163 2885 1371 2942 hicrelortoidnt;

335 2983 357 3017 x.
384 2965 458 3018 Citra
484 2965 638 3035 sangninem
661 2965 813 3034 coedemque.
863 2978 926 3035 quot
945 2965 1022 3038 ipsius
1040 2965 1121 3018 libido
1140 2964 1252 3040 pericula
1269 2961 1370 3016 subditis

301 3041 334 3093 ll.
346 3062 368 3097 e.
381 3043 435 3096 sine
445 3043 568 3116 sanguine
581 3055 605 3094 et
615 3040 741 3102 redibunt
755 3054 812 3095 ente
863 3054 947 3108 ercet,
969 3055 1006 3095 tot
1026 3043 1072 3116 ipsi
1094 3063 1108 3095 s
1130 3041 1289 3095 subditorum
1307 3040 1369 3092 mele

300 3119 431 3192 sauguinis
461 3120 556 3186 rivos,
585 3119 812 3193 exsultantiumque
862 3121 1008 3192 compressis
1017 3119 1147 3174 doloribus
1155 3119 1369 3188 imminent3quot

300 3217 435 3272 corporum
446 3209 560 3270 aggestas
572 3196 662 3250 moles.
861 3195 963 3249 timores
976 3196 1071 3270 injicit,
1084 3209 1120 3250 tot
1133 3197 1184 3271 ipse
1196 3195 1369 3250 sollicitudini·

334 3276 357 3328 3.
370 3275 511 3328 Clementia
521 3278 692 3328 vocarunt...
699 3273 813 3342 eligitur!
862 3275 908 3326 bus
919 3275 1085 3348 distringitur.

299 3355 374 3408 liene
392 3353 544 3417 lectionem,
559 3353 591 3406 eb
605 3351 710 3404 Erasmo
724 3350 814 3424 probe·
894 3351 920 3404 6.
934 3351 1145 3406 circumvenitur.
1163 3351 1234 3404 lntrs
1252 3351 1367 3404 iratorum

298 3444 367 3495 um,
389 3431 485 3484 reduxi.
502 3431 596 3484 Sensus
610 3442 646 3482 est
663 3447 670 3483 t
685 3431 744 3481 Nou
762 3429 813 3483 hoc
861 3430 1075 3501 frementiumque
1112 3427 1302 3482 multitudinem
1335 3427 1367 3478 ita

298 3510 453 3582 postulemus
480 3529 496 3562 e
519 3522 563 3573 te,
586 3521 615 3560 ut
639 3507 812 3562 crudelitatem
862 3509 1003 3576 clauditur,
1023 3521 1052 3560 ut
1073 3527 1156 3578 neque
1175 3506 1203 3559 in
1224 3509 1308 3580 lugam
1327 3504 1366 3556 sis

298 3605 394 3654 exsues,
405 3587 449 3640 sed
458 3607 490 3638 ns
502 3587 553 3660 ipse
564 3587 702 3640 amicorum
710 3599 811 3639 tuorum
861 3586 913 3639 ulls
922 3587 972 3658 jem
979 3597 1061 3660 petest
1071 3621 1078 3649 ,
1090 3604 1173 3655 neque
1180 3584 1268 3636 vivum
1276 3582 1365 3636 vellum

297 3665 409 3718 carnifex
426 3665 459 3717 sis
470 3681 476 3715 t
489 3679 518 3718 ttt
534 3665 643 3718 clemens
657 3666 771 3730 vocaris,
788 3667 810 3719 si
858 3677 934 3738 quest
954 3664 1038 3736 alique
1055 3683 1227 3736 perrumpere.
1247 3663 1366 3714 Conster-

296 3741 414 3796 carnifice
425 3745 456 3796 ed
468 3742 517 3796 hoc
528 3744 612 3796 utaris.
625 3744 706 3795 Gron.
717 3763 809 3796 emen·
858 3747 932 3795 natio
941 3754 1023 3794 sutem
1039 3739 1141 3813 publice
1152 3759 1215 3792 num
1228 3738 1293 3792 bene
1303 3737 1366 3790 dici-

296 3819 384 3875 ‹lavit:
400 3822 543 3875 Clementia
558 3832 669 3882 vocetur,
684 3823 724 3873 nd
739 3825 809 3874 occi·
858 3833 899 3872 tur
912 3832 1048 3892 tyrannum
1064 3819 1269 3872 eimumtenire?
1285 3815 1365 3871 Nimi-

295 3899 412 3952 dendum
426 3902 542 3952 amicum
554 3900 674 3972 carnifex
684 3899 809 3953 thurio-
859 3917 915 3950 rum
933 3896 1095 3968 indignantes
1112 3895 1162 3948 viri
1180 3908 1204 3950 et
1223 3895 1363 3949 audoenio

295 3981 393 4040 minen
405 3977 476 4049 cujus
483 3978 611 4050 scripture
621 3976 744 4028 rationem
751 3975 808 4028 red·
858 3973 996 4048 principem
1003 3973 1098 4026 melum
1106 3985 1193 4038 munt,
1201 3993 1256 4026 non
1264 3987 1363 4027 tremes·

294 4053 360 4108 didit
374 4055 448 4107 Obss.
460 4053 504 4107 lib.
517 4056 528 4106 l
539 4091 546 4118 ,
559 4075 613 4126 cap.
623 4053 657 4120 6,
675 4053 740 4106 mihi
752 4053 808 4124 qui·
857 4064 893 4102 tes
902 4063 927 4102 et
936 4050 1039 4104 illorum
1045 4050 1140 4103 similes
1147 4071 1213 4122 quos
1221 4075 1234 4100 e
1244 4065 1362 4127 perterret

294 4133 353 4185 dem
364 4151 453 4207 perum
464 4131 601 4205 probatem.
857 4127 960 4180 humilis
969 4132 1063 4182 stravit
1072 4147 1159 4201 pavor.
1169 4149 1184 4175 s
1197 4129 1268 4203 Ergo
1284 4143 1361 4182 vemt

327 4213 350 4278 ⁴.
366 4210 504 4279 Ingenium
512 4209 629 4262 advocat.
640 4209 701 4260 Non
711 4247 717 4273 ,
732 4220 760 4261 ut
769 4207 805 4260 in·
856 4218 882 4258 ut
891 4206 1044 4276 metaphora
1054 4225 1104 4260 suae
1113 4208 1228 4260 Annuus
1235 4209 1278 4262 hic
1288 4204 1359 4260 fidelis

292 4297 440 4358 terpretatur
448 4285 587 4356 liudlops,
597 4285 628 4338 sd
639 4305 712 4357 opem
720 4287 804 4338 leren-
856 4303 906 4336 esse
918 4281 1039 4336 videntur.
