2926 4958
338 515 357 556 c
526 483 557 551 J.
584 484 747 554 LIPSII
771 484 1225 558 MANUDUCTIONIS

336 629 445 691 illud»
462 626 555 706 Item,
567 655 583 681 ι
594 625 679 690 Nihil
694 626 814 690 definio.
825 653 840 680 ιι
855 624 951 703 Item,
970 653 985 680 ιι
998 625 1201 692 Considerans
1209 649 1385 713 persevero.
1397 655 1414 684 n

335 733 473 816 Itemque
492 757 500 794 ε
519 762 534 789 ιι
547 731 644 796 Omni
656 733 767 795 rationi
780 731 858 795 ratio
872 733 1011 816 opposita
1025 735 1210 818 reperitur.»
1231 733 1279 796 Ex
1301 735 1417 816 quihus

335 841 424 904 sacile
435 841 506 921 quid
515 840 664 903 senserint
675 886 683 917 ,
695 852 746 902 aut
755 839 855 923 potius
865 859 927 900 non
939 841 1087 902 senserint
1099 887 1107 918 ,
1121 841 1282 924 dijudicare
1295 865 1302 900 ι
1316 863 1417 922 quum

334 947 459 1030 propria
478 944 603 1007 illorum
624 945 746 1008 affectio
763 946 821 1022 sit,
847 939 975 1030 Α’ῥριψία,
1008 947 1101 1007 Nullo
1125 949 1208 1008 monh
1232 958 1285 1006 oret
1306 945 1417 1006 decer-

330 1055 412 1136 gium
437 1055 467 1114 iu
484 1054 560 1113 hanc
574 1053 687 1113 mamre
707 1063 831 1134 partem.
856 1049 905 1113 Ex
920 1073 980 1133 quo
1002 1067 1032 1115 et
1055 1047 1154 1135 laerta
1175 1054 1308 1135 sequitur
1334 1076 1342 1111 ι
1383 1053 1416 1113 id

334 1173 401 1237 est,
424 1161 503 1219 nullo
522 1159 607 1220 dictio
628 1172 680 1220 aut
699 1155 853 1237 affin-nautio
870 1181 987 1240 :quum
1007 1162 1109 1223 omnia
1131 1160 1238 1244 aequali
1257 1161 1418 1222 rationum

333 1267 468 1350 pondere
485 1264 643 1326 librentur.
657 1263 762 1346 ltaque
774 1265 814 1326 ah
826 1263 993 1328 Academia
1007 1268 1163 1330 dissentire
1186 1267 1287 1352 palam
1314 1268 1418 1343 vides,

334 1371 442 1434 Veteri
456 1370 579 1452 quidem
593 1385 623 1432 et
632 1369 722 1433 Nova
734 1385 786 1432 ant
799 1369 897 1434 Novis
914 1395 921 1432 ε
937 1393 956 1433 a
970 1369 1074 1435 Media
1088 1372 1247 1450 Arcesilae,
1262 1393 1342 1458 aegre
1354 1373 1422 1434 ah—

333 1480 458 1562 jungas,
473 1491 505 1539 et
521 1477 572 1558 qui
589 1477 817 1560 introspexere,
833 1499 940 1538 verum
956 1475 1146 1563 Pyrrhonem
1160 1478 1246 1541 illum
1261 1479 1420 1541 adfirma-

335 1598 417 1648 runt.
428 1583 549 1646 'l'amen
559 1581 685 1660 Sextus,
701 1582 929 1646 similitudinem
940 1583 1035 1647 lassus
1047 1631 1056 1663 ,
1069 1586 1181 1667 aliquid
1191 1585 1313 1648 dih'errc
1328 1587 1362 1646 in
1379 1608 1421 1648 eo

336 1692 400 1754 vult
418 1715 426 1752 z
445 1692 526 1772 qnod
539 1689 693 1753 Arcesilas
706 1687 855 1773 Epochen
869 1689 984 1752 honum
999 1712 1065 1754 esse
1079 1693 1174 1764 dicat,
1185 1691 1300 1753 malum
1314 1713 1424 1752 esseu-

338 1802 461 1874 srhuem,
477 1798 567 1878 idque
584 1797 748 1859 secundum
763 1809 925 1858 naturam:
942 1795 1104 1882 Pyrrhouii
1118 1797 1263 1876 minime,
1281 1800 1335 1860 sed
1348 1803 1423 1862 κατὰ

338 1911 368 1970 ri
383 1908 551 1989 φαινόμενον,
569 1932 585 1957 ιι
597 1904 761 1966 secundnm
777 1902 807 1964 id
822 1905 901 1984 quod
917 1917 1053 1987 apparet.
1065 1933 1079 1960 ιι
1096 1902 1188 1966 Plura
1203 1905 1229 1966 si
1243 1905 1348 1983 voles,
1368 1908 1424 1968 ad-

338 2013 425 2075 fatim
436 2013 467 2074 in
478 2009 586 2088 Sexto,
600 2023 689 2092 atque
703 2011 794 2072 etiam
807 2007 921 2074 Laertii
933 2009 1090 2098 Pyrrhone
1105 2011 1208 2076 hahes.

658 2209 1006 2276 DlSSERTATIO
1043 2212 1105 2276 lv.

363 2369 454 2452 Quem
468 2389 551 2430 usum
568 2369 726 2431 Academia
738 2380 790 2428 ant
803 2370 915 2450 Scepsis
928 2369 1031 2429 hadent
1045 2414 1055 2445 ,
1067 2391 1147 2451 quem
1160 2379 1187 2428 et
1200 2367 1321 2428 abusum
1342 2390 1352 2426 .·
1370 2389 1410 2426 ac

673 2476 787 2536 Seneca
799 2473 928 2555 quodam
945 2475 1096 2534 illustrato.

383 2653 468 2716 Auo.
484 2652 557 2716 Non
570 2653 780 2730 mehercules,
803 2677 866 2718 non
880 2655 1024 2738 requiro,
1041 2653 1089 2716 vel
1102 2653 1249 2730 istorum,
1268 2675 1360 2736 pinne
1377 2655 1431 2716 di-

343 2781 433 2836 cam,
449 2761 545 2822 taedet.
559 2758 609 2822 Ad
619 2760 714 2823 istane
729 2775 792 2823 tam
802 2761 934 2840 ahsonm
947 2775 977 2824 et
987 2761 1097 2824 rationi
1109 2761 1266 2841 sensuique
1278 2763 1429 2835 adversa,

344 2865 484 2929 homines
498 2867 639 2930 venisse?
653 2866 737 2930 Ades
752 2868 877 2943 Varro,
891 2883 991 2931 tecum
1005 2868 1161 2952 proclamo
1179 2892 1186 2926 ι

507 3000 638 3053 Postremo
650 3021 727 3054 nemo
738 3013 847 3074 egrotus
861 3003 999 3074 quidquam
1013 3003 1123 3055 somniat

509 3089 574 3142 Tam
587 3091 735 3156 infandum,
750 3093 819 3163 quod
832 3113 885 3146 non
897 3093 989 3164 aliquis
999 3093 1066 3146 dicat
1076 3091 1247 3168 philosophus.

345 3200 431 3264 Lrns.
444 3199 581 3279 Mollius,
597 3216 628 3265 et
638 3204 767 3286 parcius
776 3203 923 3268 Veterem
934 3205 1133 3269 Academiam
1147 3207 1262 3269 ratione
1278 3226 1345 3268 non
1358 3207 1436 3289 reji-

349 3309 431 3387 cias,
446 3329 505 3370 nec
523 3305 646 3370 Noram
669 3309 790 3390 qrridem
806 3309 991 3390 Carneadis,
1011 3310 1127 3376 Seneca
1147 3326 1278 3377 anctore.
1301 3313 1378 3376 lmo
1396 3337 1437 3376 eo

348 3437 432 3502 piene
447 3428 553 3480 vocat:
568 3443 583 3468 ιι
594 3413 758 3500 Disputare
770 3437 839 3479 eum
849 3414 975 3482 Socrate
988 3418 1059 3482 licet
1066 3466 1076 3495 ,
1088 3441 1157 3482 curn
1169 3415 1330 3482 Carneade
1343 3421 1440 3483 duhi-

349 3535 424 3585 tare.
440 3548 455 3575 n
481 3519 555 3601 (De
565 3519 679 3583 Brevit.
688 3521 752 3584 vic
764 3544 790 3586 c.
804 3523 872 3601 ιζ.)
890 3522 932 3586 Et
945 3545 1018 3586 vero
1031 3526 1057 3588 si
1067 3539 1206 3588 naturam
1221 3537 1390 3605 nostram,
1408 3529 1440 3589 id

351 3641 397 3691 est
407 3627 614 3690 infirmitatem
629 3641 660 3690 et
670 3629 851 3712 caliginem,
863 3631 943 3693 serio
958 3631 1060 3693 videas
1078 3655 1085 3692 ε
1101 3631 1172 3714 quid
1184 3652 1332 3715 magnum
1350 3655 1442 3716 prm-

352 3755 473 3798 sumere
487 3748 549 3814 est,
569 3747 620 3796 aut
638 3733 822 3798 adfirmare?
838 3733 991 3798 Maximus
1006 3737 1087 3800 viros
1099 3760 1136 3801 ea
1150 3760 1200 3801 res
1215 3740 1277 3822 jam
1296 3740 1383 3804 olim
1401 3746 1441 3804 ad

352 3840 575 3904 consessionem
592 3841 789 3924 ignorationis
805 3844 943 3920 adduxit,
970 3857 1058 3926 atque
1067 3846 1146 3908 adeo
1157 3846 1220 3911 veri
1234 3848 1443 3930 desperatio-

351 3969 433 4010 nem.
445 3945 528 4028 Quid
538 3946 564 4010 si
581 3944 753 4010 Homerum
772 3950 871 4032 ipsum
884 3965 973 4033 caput
987 3950 1044 4013 sihi
1059 3951 1171 4014 hahent
1180 3953 1192 4014 Ρ
1201 3952 1310 4013 volunt
1325 3971 1418 4020 certe
1433 3981 1441 4017 :

352 4064 385 4114 et
397 4051 551 4116 Arcesilas
565 4082 579 4108 ιι
595 4050 767 4117 Homerum
781 4070 850 4117 ante
865 4077 970 4118 omnes
984 4057 1149 4119 aestimabat
1158 4055 1295 4136 (Laertii
1309 4063 1443 4144 verba),

352 4158 438 4241 cnjus
449 4159 526 4221 adeo
542 4160 689 4223 studiosus
701 4176 784 4236 erat,
803 4176 836 4224 ut
851 4184 970 4247 semper
981 4177 1049 4225 aute
1061 4185 1201 4225 somnum
1214 4164 1334 4246 aliquid
1346 4191 1389 4232 ex
1406 4191 1444 4231 eo

353 4263 475 4326 libaret.
489 4265 584 4328 Mane
600 4288 671 4332 vero
690 4290 783 4350 qutun
797 4267 954 4354 surgeret,
970 4271 1084 4354 pariter
1102 4295 1109 4330 ι
1127 4285 1157 4334 et
1170 4293 1262 4352 quum
1277 4272 1444 4354 lecturus,

353 4364 471 4448 aiebat,
483 4373 533 4436 Ad
545 4374 693 4436 amasium
709 4396 741 4438 se
755 4376 810 4438 ire.
824 4405 838 4431 n
854 4373 972 4461 Pyrrho
984 4376 1140 4454 similiter,
1157 4377 1208 4458 qui
1222 4378 1275 4440 illa
1287 4379 1446 4448 divinius
