2886 4958
439 472 613 547 cssur
638 475 748 546 xrv.
1060 478 1127 564 iss

66 613 219 682 cessisset
232 613 239 642 ¹
258 657 267 692 ‚
290 621 349 676 aut
362 602 457 697 quod
469 607 574 674 Remo
588 605 784 697 auspicante
799 603 859 673 illo
880 578 954 673 loco
968 625 1047 676 aves
1059 626 1132 676 nou

66 729 274 800 addixissent
284 730 310 791 ².
328 723 405 791 Alis
420 721 580 815 deinceps
596 721 871 804 innumerabilia,
888 745 964 814 qnae
979 737 1040 791 sut
1051 723 1132 792 licta

70 857 171 926 sunt,
187 857 246 910 aut
264 836 431 908 mendacii
450 837 583 906 similia.
601 838 686 904 Nam
703 851 742 903 ut
763 835 928 906 concedas
942 839 1056 908 omnia
1076 861 1135 907 eos

72 952 463 1034 lidebonadicere,utsd
470 953 717 1047 praestationem
729 948 909 1038 scribant³3
920 953 1135 1046 tamencujus

72 1077 137 1144 ista
158 1095 292 1143 errores
309 1072 461 1140 minuent
476 1069 491 1137 i
504 1069 602 1160 cnjus
619 1067 822 1161 cupiditates
835 1069 1017 1163 prementi
1030 1067 1137 1162 quern

74 1190 267 1267 fortiorem,
288 1209 387 1277 quern
402 1184 603 1276 justiorem,
622 1206 724 1274 quem
743 1182 970 1272 liberaliorem
985 1183 1138 1253 facienti

73 1303 239 1374 Dubitare
259 1325 295 1368 se
312 1300 449 1367 interim
465 1291 660 1366 Fabianus⁴
686 1313 801 1367 noster
815 1298 947 1380 aicbat,
965 1323 1010 1368 an
1033 1301 1139 1370 satius
1162 1318 1178 1382 4

75 1433 168 1488 esset
183 1415 286 1486 nullis
308 1412 428 1484 studiis
446 1413 641 1493 admoveri,
662 1437 764 1504 quam
787 1413 841 1481 his
863 1414 1043 1507 implicari.
1068 1415 1138 1484 Soli

76 1534 226 1604 omnium
244 1531 340 1600 otiosi
358 1546 459 1611 sunt,
479 1531 540 1621 qui
558 1529 731 1622 sapientise
749 1545 870 1598 vacant
895 1555 903 1596 :
924 1531 986 1599 soli
1004 1531 1135 1602 vivimt.

76 1652 150 1718 Nec
180 1648 270 1718 enim
296 1667 390 1715 suam
412 1660 542 1712 tantum
562 1659 694 1712 aetatem
719 1644 808 1712 bene
833 1659 972 1714 tuentur
999 1671 1008 1713 ι
1039 1669 1140 1714 omne

78 1784 186 1830 aevum
197 1783 257 1828 suo
271 1759 448 1852 adjiciunt.
462 1754 644 1848 Quidquid
658 1780 823 1826 annorum
841 1773 922 1826 ante
939 1759 1014 1827 illos
1027 1774 1139 1828 acuam

80 1890 158 1954 est,
179 1873 246 1942 illis
275 1871 476 1964 acquisitum
502 1886 565 1940 est.
587 1873 659 1940 Nisi
685 1873 903 1966 ingratissimi
928 1874 1053 1956 simum
1089 1872 1142 1941 illi

80 1992 258 2062 clarissimi
288 2013 458 2058 sacramur
491 1989 688 2082 opinionum
722 1989 915 2058 conditores·
937 1989 1037 2060 nobis
1069 1993 1142 2058 nati

81 2122 183 2190 sunt,
198 2105 296 2176 uobis
308 2105 410 2174 vitam
421 2096 433 2138 ⁵
443 2121 732 2197 praeparaverunt.
745 2104 801 2173 Ad
812 2129 867 2174 res
880 2107 1140 2200 pulcherrimas,
1170 2125 1185 2174 5

81 2246 125 2290 ex
135 2220 284 2290 tenebris
299 2217 344 2286 ad
358 2219 469 2286 lucem
482 2231 596 2286 erutas
608 2209 634 2297 ⁶,
647 2218 757 2295 alieno
769 2219 884 2308 labore
898 2225 911 2284 ⁷.
922 2218 1144 2290 deducimur:
1179 2271 1185 2281 .

82 2337 179 2409 nullo
202 2333 300 2404 nobis
321 2333 435 2402 seculo
460 2331 678 2402 interdictum
698 2350 756 2402 ¹est
779 2363 787 2402 ι
810 2338 846 2404 in
868 2339 980 2406 omnia
1001 2338 1148 2407 admitti·

83 2477 163 2524 mur
185 2478 193 2518 ι
212 2467 247 2519 et
266 2451 292 2518 si
308 2446 542 2541 magnitudine
565 2449 668 2518 animi
687 2449 806 2542 agredi
825 2450 981 2521 humanas
995 2453 1149 2521 imbecil⁴

84 2569 191 2636 litatis
206 2565 378 2658 angustias
393 2562 494 2645 libet,
511 2563 651 2632 multum
671 2585 734 2656 per
753 2563 844 2656 quod
864 2567 1048 2659 spatiemur
1061 2573 1150 2636 tem·

84 2808 146 2862 urbi
155 2808 245 2860 nome
253 2805 387 2877 adjunctos
398 2802 465 2856 edes
474 2802 593 2874 plurimes
674 2807 697 2871 4.
710 2805 856 2860 Fabianus.
869 2809 910 2861 De
926 2827 978 2880 quo
990 2829 1076 2885 snper,
1097 2829 1152 2886 etp.

84 2883 222 2938 continuit.
232 2882 299 2936 Sevi
310 2880 404 2934 ominis
416 2900 489 2932 moue
495 2880 594 2954 priuci-
646 2903 683 2936 ιο.
697 2883 770 2938 Conl'.
781 2884 875 2938 Consul
885 2886 918 2939 sd
929 2888 1007 2940 Marc.
1016 2889 1152 2954 xx111‚.3.

86 2964 133 3038 pio
150 2960 349 3024 existimabatur,
364 2958 434 3031 quod
446 2958 472 3010 b.
482 2957 500 3010 l·
512 2959 596 3011 iuter·
658 2963 701 3014 ·5.
719 2960 822 3016 Vitam.
840 2961 939 3036 Lipsius
955 2964 1052 3016 mauult
1070 2965 1154 3017 viam.

86 3045 169 3098 sectae
183 3041 276 3092 Remus
295 3050 319 3092 et
334 3039 444 3111 sepultus
461 3058 469 3102 ς
484 3037 528 3090 sed
542 3049 598 3090 turn
646 3039 708 3091 Non
718 3039 840 3106 invenio,
853 3059 898 3092 eur
909 3040 932 3092 ei
943 3040 1049 3114 vulgate
1061 3039 1155 3114 displi-

87 3123 208 3174 luetratue
218 3131 242 3169 et
252 3117 317 3168 inter
327 3135 402 3189 puros
414 3114 522 3168 babitus.
647 3115 733 3168 cuerit.
745 3117 833 3184 Quum
848 3116 970 3190 sapientes
985 3118 1033 3170 soli
1045 3117 1154 3182 vivont,

127 3211 149 3250 ι.
166 3195 225 3246 Aut
240 3195 311 3264 quod
324 3193 397 3260 pleds
398 3227 438 3243 ·····
448 3194 598 3244 secessisse&
633 3195 838 3269 vprsecaptissuis
857 3196 984 3250 tradendis
999 3195 1113 3250 efficiunt
1128 3207 1158 3248 ut

89 3275 135 3328 De
144 3272 193 3326 boc
201 3269 262 3327 vids
272 3267 360 3323 Titum
372 3267 509 3336 ttv.11,32
520 3289 527 3332 ;
541 3267 598 3320 sul.
649 3282 674 3322 et
683 3269 731 3343 ipsi
740 3270 817 3323 ritem
825 3272 890 3326 bene
897 3293 971 3346 egere
982 3274 1116 3348 possimus.

89 3349 247 3414 Gallim,
264 3348 301 3412 td.
682 3346 774 3401 Met
781 3351 984 3417 putcherrimae,
999 3370 1040 3404 οε
1049 3351 1158 3403 timbre&

127 3447 151 3479 n.
161 3425 303 3481 Reme„
314 3423 490 3476 addensent.
505 3424 602 3475 Incerta
650 3425 690 3476 ad
698 3426 780 3476 lucem
792 3435 887 3493 protae.
899 3427 997 3479 Rerum
1009 3437 1106 3478 netorae
1117 3425 1160 3476 le-

89 3499 263 3564 embadum,
269 3511 354 3552 utrum
361 3498 456 3552 deloco
463 3498 603 3552 condendo
652 3519 695 3572 ges
706 3537 713 3564 ‚
725 3519 782 3571 qum
793 3521 866 3576 supra
885 3503 1023 3556 bnnsanm
1045 3511 1160 3556 nulnum

90 3579 221 3642 urbimn
231 3577 262 3632 de
272 3575 416 3643 conditore,
425 3589 471 3629 ete
483 3595 533 3647 quo
544 3576 604 3629 urbe
652 3578 818 3648 mortslssque
836 3579 923 3633 oeulos
940 3580 1043 3653 positae,
1063 3579 1107 3632 diu
1122 3580 1161 3632 la·

91 3658 129 3711 sit
139 3654 298 3728 appellanda,
316 3652 469 3726 litigaverint
482 3653 604 3707 Romulus
652 3669 721 3710 tuere
739 3657 767 3710 in
782 3656 891 3714 mnebsis
907 3657 1010 3729 sepulta
1022 3697 1030 3722 ,
1042 3675 1111 3710 nnnc
1119 3675 1163 3709 re-

93 3748 122 3788 et
132 3734 242 3788 Remus:
253 3730 296 3784 ille
304 3730 476 3802 auspicabatur
486 3731 606 3784 inmunes
653 3745 723 3786 moto
735 3734 791 3788 velo
801 3733 882 3789 obvie
893 3746 985 3806 patent

94 3807 285 3873 Pmouchis
300 3806 328 3858 in
344 3807 484 3860 Aventino.
498 3809 539 3860 Cl.
549 3807 605 3860 biv.
677 3811 1162 3875 7.Aliemlnbore.1lonenimnoetrusn

94 3886 156 3940 libr.
166 3887 249 3958 l‚cep.
259 3887 290 3952 53
299 3882 425 3938 Plutereb.
435 3883 463 3936 in
469 3884 544 3936 Rom·
554 3901 607 3956 etp·
657 3899 710 3954 eet,
723 3888 745 3940 ei
761 3889 814 3942 base
830 3887 925 3960 publici
940 3889 1000 3961 juris
1014 3889 1080 3942 lenta
1097 3902 1121 3942 et
1137 3887 1163 3942 in

94 3983 166 4036 quq.
177 3962 212 4015 ib·
224 3960 466 4035 intpp-Ceterum
473 3963 607 4024 addeins,
658 3965 770 4020 medium
776 3964 1041 4038 proletainnoteeount
1047 3965 1164 4021 Priorum

94 4041 167 4114 apud
177 4051 365 4114 augmentent
377 4057 384 4092 ι
397 4040 489 4092 severe.
655 4043 973 4118 mlommplrilosopbi‚
985 4036 1170 4107 TbelmEm?

134 4129 158 4182 3.
178 4129 251 4182 Nam
268 4137 297 4182 ut
297 4163 336 4181 ·····
347 4129 465 4182 nebant.
476 4130 530 4183 Eut
540 4130 611 4201 peri·
661 4123 786 4197 pedules,
797 4111 1166 4196 Epicurus‚aliiquemnltibnc

96 4209 161 4264 culo
177 4227 224 4262 suo
237 4210 285 4264 boc
299 4207 414 4262 scribent.
663 4213 813 4256 notaverunt
827 4202 950 4272 nobisque
966 4201 1165 4256 transmiserunt.
