2894 4954
309 409 373 475 262
632 405 701 472 DE
723 407 1050 475 CLEMENTIA

307 537 437 617 omnin,
452 559 527 626 quae
546 537 605 626 qui
628 537 833 605 miserentur
849 539 958 606 solent
977 539 1106 621 lucere,
1127 538 1185 604 bic
1207 535 1318 604 libens
1337 547 1373 598 et

306 653 395 720 nlius
410 652 524 718 auimo
539 651 640 718 lamet
651 657 677 718 ¹.

267 793 279 824 ι
355 771 414 836 vl.
435 770 618 837 succurret
641 769 762 837 alienis
780 771 948 854 lacrimis,
983 794 1050 839 non
1074 769 1234 838 acoedct²
1248 793 1257 831 :
1273 764 1372 831 dabit

307 908 443 952 manum
456 880 622 976 nuubngu
632 875 658 963 ³,
677 884 785 952 exsuli
802 885 1007 980 hospitium,
1019 887 1132 980 egenti
1146 885 1285 978 stipem,
1299 905 1369 948 non

307 1001 397 1068 banc
414 999 707 1078 contumeliosum,
724 1025 792 1091 qus
807 1025 886 1093 pars
907 1003 1015 1094 major
1033 1003 1173 1084 borum,
1188 1003 1248 1093 qui
1258 1025 1295 1067 sc
1307 999 1371 1065 mi·

307 1114 496 1182 sericordce
512 1111 623 1182 rideri
639 1113 776 1196 volunt,
793 1115 911 1208 abjicit
923 1133 957 1184 et
973 1115 1100 1184 fastidit
1116 1140 1201 1208 quos
1211 1113 1368 1207 adjurat,

308 1230 528 1322 contingique
545 1229 590 1296 ab
601 1229 656 1296 bis
672 1231 768 1297 timet
779 1259 790 1314 3
801 1229 862 1298 sed
880 1249 918 1300 ut
934 1233 1035 1300 bomo
1052 1233 1200 1312 bomini,
1220 1255 1261 1296 ex
1278 1253 1372 1296 oom-

311 1339 429 1414 muni⁴
450 1345 557 1414 dubit.
575 1346 724 1414 Donabit
739 1346 887 1416 lacrimis
904 1349 1066 1416 maternis
1081 1347 1210 1429 tilium,
1230 1361 1266 1412 et
1277 1358 1372 1412 cute-

308 1455 633 1553 usseolvijubebit⁵‚
644 1458 925 1542 etludo‘eximet‚
937 1461 1228 1530 etcaduvcretiam
1236 1459 1372 1526 noxium

269 1595 283 1625 ²
309 1577 451 1668 sepeliet
462 1580 472 1622 ⁷
483 1605 492 1660 ;
505 1577 647 1644 atlnciet
661 1578 724 1645 ists
739 1579 922 1670 tranquilla
935 1577 1233 1660 mente‚mltt1suo
1242 1569 1270 1640 ⁸.
1279 1575 1371 1665 Ergo

310 1715 378 1758 nou
392 1693 610 1760 miserebitur
620 1695 776 1786 sapiens,
791 1694 852 1762 sed
868 1711 1063 1776 succurret,
1077 1691 1137 1761 sed
1148 1690 1322 1787 proderit,
1336 1687 1370 1752 in

310 1829 485 1874 commune
504 1808 665 1876 auxilium
684 1813 807 1877 uatus’
828 1835 868 1879 ac
881 1811 1056 1902 publicum
1072 1811 1216 1888 bouum,
1244 1829 1285 1873 cx
1304 1827 1372 1895 quo

311 1917 405 1986 dabit
423 1922 548 2010 cuique
570 1937 702 2013 partem
722 1949 731 1987 :
747 1925 849 1990 etiam
869 1922 914 1990 ad
930 1924 1138 1992 calamitosos
1151 1927 1191 2002 ¹⁰,
1212 1943 1276 2011 pro
1289 1939 1370 2010 por-

311 2035 402 2102 tione
410 2035 651 2126 improbandos
658 2053 693 2103 et
701 2037 930 2108 emendandos
938 2040 1122 2136 bonitatem
1134 2063 1226 2106 susm
1234 2035 1372 2129 permit·

310 2241 415 2288 αηηίηα
427 2240 514 2308 soeret
530 2241 541 2304 (
555 2258 615 2308 qua
632 2243 703 2292 alius
728 2245 819 2292 αηίτηα
899 2247 922 2309 4.
935 2245 1128 2296 Εαωηνηαηί.
1141 2243 1294 2310 Quatenuse
1307 2237 1371 2290 Stei-

302 2316 396 2387 saciet.
415 2317 514 2370 Erum.
526 2317 546 2382 ).
559 2315 628 2370 ilinc
641 2331 754 2370 nostem
766 2317 819 2370 loe·
867 2342 955 2374 eorum
969 2321 1097 2396 preceptis
1107 2317 1217 2372 mundns
1233 2331 1258 2368 et
1272 2334 1330 2386 qut
1347 2313 1373 2365 in

311 2393 407 2445 tionem
418 2393 582 2446 concinnavit
592 2395 700 2468 Lipsius.
868 2397 1200 2462 eosuntbona,bominum
1209 2395 1374 2461 Deornmque

348 2489 368 2521 r.
382 2471 555 2526 mettenses
563 2474 821 2544 aliuanimosact'et.
869 2476 948 2548 gratia
958 2475 1078 2550 products
1087 2487 1146 2528 eunt
1158 2493 1164 2525 :
1175 2474 1208 2526 ad
1218 2473 1272 2526 baee
1283 2471 1375 2522 bomi-

312 2547 343 2600 ld
356 2562 407 2614 eet,
419 2549 600 2614 libentissime,
616 2551 730 2623 quamvis
746 2572 821 2604 exse-
869 2573 914 2604 uee
926 2574 1014 2611 omuee
1030 2553 1150 2626 coguati;
1166 2550 1288 2620 debetque
1306 2547 1376 2598 diret

313 2639 403 2698 quetur
416 2627 467 2681 alio
478 2627 573 2680 animo
871 2629 904 2682 de
916 2649 961 2683 suo
978 2651 1047 2702 penu
1062 2628 1210 2703 ponpeibua
1226 2626 1305 2689 dare,
1324 2643 1375 2674 non

345 2705 392 2757 Vl.
404 2709 475 2758 Atto.
486 2705 566 2760 Stoici
577 2742 585 2768 ,
597 2706 714 2775 quamvis
724 2705 823 2757 miseri·
871 2707 943 2777 quui
961 2707 992 2758 de
1010 2727 1072 2772 suo,
1092 2707 1136 2757 sed
1152 2704 1222 2775 quasi
1239 2720 1375 2775 pauperum

314 2781 427 2834 cordiam
436 2781 567 2834 vitandam
575 2791 665 2854 putent
673 2819 680 2844 ‚
689 2793 775 2832 umen
782 2780 823 2832 rel
872 2805 931 2858 opes
938 2785 977 2837 illi
986 2785 1076 2856 aliquis
1087 2783 1157 2835 Deus
1164 2779 1307 2834 crediderit.
1316 2777 1376 2830 lid.

315 2857 422 2912 mxime
432 2863 590 2928 φιλάνθρυηοι
602 2869 668 2910 sunt.
872 2863 989 2914 (imber.
999 2861 1032 2914 ad
1044 2861 1168 2916 Antonin.
1177 2880 1233 2934 pag.
1245 2859 1290 2926 47,
1304 2857 1345 2924 48.

348 2959 371 2990 2.
383 2938 561 2991 Sumeret-„n
571 2939 678 2990 accedet.
688 2937 739 2989 Hic
749 2935 823 2988 Ilub-
905 2941 928 2991 5.
944 2937 1107 2991 δαίτην.
1116 2935 1222 3004 jubebit.
1240 2934 1374 2986 Servorum

315 3016 384 3090 laps
385 3035 394 3066 t
401 3013 533 3067 Auxilium
544 3017 608 3067 leret
616 3013 823 3074 lacrimantibus3
872 3036 961 3089 nempe
975 3017 1020 3087 qui
1029 3016 1114 3066 vincto
1127 3013 1190 3087 pede
1205 3028 1323 3083 agrorum
1333 3008 1375 3060 la-

316 3112 362 3144 uec
372 3092 454 3144 tolum
464 3092 565 3145 accedet
574 3131 582 3156 ,
591 3105 619 3145 ut
629 3105 758 3165 spectator.
771 3092 823 3144 Sed
871 3093 974 3146 boribus
984 3092 1114 3146 vacabant.

316 3183 381 3222 errat
392 3171 431 3222 vir
445 3170 540 3222 doctus.
555 3173 665 3224 Accedet
677 3171 719 3222 hie
731 3183 767 3222 est
777 3192 824 3244 pro
904 3171 929 3222 b.
940 3170 1022 3222 ludo.
1033 3169 1155 3222 Bestiario
1167 3186 1257 3237 nempe
1270 3183 1314 3216 eeu
1323 3161 1374 3236 gla-

315 3251 415 3302 ooeedet
424 3253 557 3314 laedatis,
576 3249 628 3322 ipse
644 3247 824 3301 collacrimabi·
873 3248 995 3309 diatorio.
1007 3247 1052 3300 ubi
1062 3246 1160 3320 publica
1170 3245 1210 3296 vel
1220 3245 1315 3316 privata
1324 3263 1374 3294 eer-

316 3341 365 3380 tur.
377 3327 461 3401 Negat
478 3328 546 3380 enim
565 3325 745 3379 misericordie
762 3347 824 3400 per-
873 3326 951 3377 vitute
962 3323 1136 3378 attinebantur.

317 3404 388 3456 vium
400 3405 513 3456 Stoicum
529 3407 601 3470 lore,
615 3404 659 3455 sed
679 3404 825 3455 misericor-
908 3423 930 3471 7.
951 3403 988 3455 Et
1002 3405 1116 3455 cadaver
1115 3440 1156 3454 .....
1170 3405 1279 3471 sepeliet.
1292 3399 1375 3451 lubu-

317 3481 367 3534 die
380 3481 532 3554 impervium
548 3482 584 3533 ait
598 3493 684 3534 tamen
698 3500 727 3532 ea
741 3481 827 3532 laetu-
875 3491 970 3532 matum
977 3481 1045 3534 euim
1053 3483 1132 3553 jacere
1141 3517 1149 3543 ‚
1159 3499 1254 3552 magno
1262 3476 1376 3530 dedecori

317 3580 373 3612 rum
394 3579 445 3612 esse
465 3559 642 3631 libenterque
661 3579 714 3611 uon
732 3558 828 3610 iaciunt
868 3559 902 3632 ¹in
920 3558 1068 3630 antiquitate
1085 3558 1160 3610 tuine
1177 3567 1280 3610 constat.
1297 3555 1376 3606 Porro

318 3637 377 3701 alii,
389 3637 438 3688 niti
445 3637 551 3712 permoti
564 3637 743 3690 misericordia.
749 3636 827 3706 Atqui
875 3635 1021 3688 nocentium
1035 3649 1058 3687 et
1073 3635 1247 3687 damnatorum
1260 3649 1376 3703 corpore,

318 3713 363 3766 alii
370 3714 397 3767 iu
405 3714 521 3766 lacrimas
528 3727 589 3767 eunt
596 3728 621 3766 et
627 3715 749 3767 auxilium
757 3715 827 3776 dant;
875 3733 938 3787 sepe
949 3713 1012 3766 tede
1023 3713 1116 3766 laniata
1128 3713 1155 3765 in
1169 3709 1283 3762 Tiberim
1294 3705 1375 3760 autad

319 3791 361 3844 ille
380 3792 451 3844 siccis
467 3793 547 3844 oculis
565 3805 590 3845 et
606 3793 734 3862 ἀδάκρυτος
753 3811 827 3863 opem
876 3791 1012 3842 Gemonias
1023 3789 1132 3842 Romani
1142 3787 1321 3862 propellebant.

319 3889 363 3937 pro
375 3869 444 3922 virili
453 3871 516 3934 lert,
529 3869 567 3922 uil
579 3869 694 3943 amplius.
908 3871 931 3920 ll.
950 3867 1012 3920 Suo.
1029 3869 1090 3920 Non
1112 3878 1225 3928 mutato,
1245 3864 1294 3915 sibi
1313 3881 1375 3914 con·

351 3943 376 3996 3.
397 3945 486 3999 Dobt't
506 3969 617 4000 monum
637 3949 772 4020 ηαψαςυ.
793 3947 827 4000 Ut
874 3959 962 4001 stante.

319 4025 408 4074 fluctus
418 4037 505 4076 contra
514 4025 636 4078 nitentem
649 4028 676 4078 in
684 4026 825 4079 litussistat.
907 4045 931 4094 o
945 4025 975 4075 Iu
985 4041 1117 4078 commune
1129 4023 1265 4074 auxilium
1281 4031 1372 4074 ηαίω,

319 4098 408 4168 Fingit
414 4101 484 4152 enim
493 4105 642 4175 naufragum
652 4105 789 4156 etiamnum
799 4104 824 4154 in
874 4114 919 4154 etc.
929 4101 1001 4153 Cous.
1009 4101 1043 4153 ad
1051 4100 1082 4152 de
1092 4101 1145 4162 ire,
1155 4098 1199 4150 lib.
1209 4099 1219 4148 l
1229 4136 1236 4160 ,
1249 4117 1303 4170 cap.
1315 4099 1373 4158 S,a.

319 4195 384 4227 man
393 4217 400 4240 ,
416 4177 459 4229 sed
471 4197 520 4231 ort
532 4181 582 4248 jam
592 4181 742 4253 proximum.
894 4199 929 4232 ιο.
941 4179 1119 4232 δαίαηιὶίασω.
1130 4177 1182 4227 Sua
1189 4175 1270 4246 culpa.
1280 4175 1314 4226 Ut
1325 4193 1372 4223 rne-
