2930 4956
301 429 360 498 ixx
487 383 1189 498 anusuusnooucrtoors

301 592 356 632 vos
371 570 503 644 timetis?
521 591 621 634 nonne
643 584 675 632 ot
692 571 865 654 mancipia?
882 569 960 651 Quis
973 589 1023 636 nse
1038 584 1199 655 conspecto
1215 591 1247 634 sc
1266 592 1368 657 regem

301 690 332 740 et
347 677 504 740 dominum
518 697 605 740 sunm
617 677 718 739 ridere
733 696 795 739 non
808 677 913 760 putat?
929 675 1002 742 llaec
1017 698 1095 760 ago,
1111 675 1172 742 laec
1184 697 1257 742 curo
1272 701 1279 738 :
1296 679 1370 742 sicut

302 798 372 840 eum
389 789 528 860 oportet,

464 941 556 1011 [islaris
572 957 592 1009 τ’
604 959 800 1028 sussepissent,
815 961 851 1012 zai
865 960 937 1012 τόσσα
952 962 1070 1027 μ’μηὶυι

430 1069 433 1078 “
463 1058 516 1128 Qui
528 1059 634 1132 populos
648 1060 806 1127 moderetur,
819 1072 843 1113 et
855 1060 937 1134 ampla
948 1061 1046 1134 negotia
1058 1071 1133 1114 curet.
1142 1063 1153 1128 (
1162 1059 1199 1114 Ex
1212 1061 1308 1128 idom.)

299 1225 398 1307 Atque
409 1226 472 1290 hmo
485 1226 580 1290 libere
593 1227 715 1304 omnia,
729 1227 793 1292 sine
806 1229 1006 1312 trepidatione
1019 1243 1070 1291 aut
1084 1244 1222 1313 respectu
1237 1253 1243 1290 :
1260 1231 1369 1315 quippe

300 1333 350 1413 qui
363 1333 428 1396 sole
438 1335 596 1416 puriorem
609 1348 744 1398 mentem
757 1353 853 1397 conor
867 1333 1074 1398 circumferre.
1087 1335 1159 1398 Non
1171 1333 1270 1398 habeo
1285 1337 1369 1398 satel-

298 1438 367 1500 lites
380 1486 388 1508 ,
400 1440 535 1522 gladios,
550 1461 695 1524 pompam
706 1443 769 1504 sire
780 1441 1025 1505 terriculamenta
1039 1443 1095 1506 ista
1105 1456 1227 1505 externa
1241 1467 1248 1502 ε
1264 1465 1368 1506 corum

300 1543 373 1608 loco
386 1545 467 1608 bona
481 1547 663 1610 conscientia
674 1549 725 1610 dat
735 1548 873 1612 fiduciam
887 1549 962 1611 milti
976 1562 1007 1612 et
1018 1563 1207 1632 potestatem.
1221 1547 1295 1612 Non
1308 1551 1370 1634 ipse

302 1653 586 1735 reprehendendus,
606 1655 637 1717 in
652 1656 729 1718 alios
743 1656 883 1728 ineuntem
901 1657 1079 1718 verecundia
1094 1657 1204 1738 ubique
1224 1672 1368 1734 ornatus,

301 1772 332 1820 et
345 1758 464 1822 honesti
480 1780 586 1823 amore
597 1805 606 1832 .
618 1761 693 1824 illud
706 1761 769 1827 siue
786 1761 853 1845 lege
867 1774 918 1822 aut
926 1781 1014 1844 poena
1029 1760 1107 1823 colo.
1120 1758 1227 1824 Caeteri
1243 1763 1372 1845 paricti-

302 1863 380 1940 bus,
396 1865 518 1946 januis‚
534 1866 608 1928 velis
628 1880 767 1950 teguntur
789 1890 797 1926 ε
815 1887 872 1950 ego
886 1867 943 1928 snb
962 1867 1035 1943 dio,
1058 1868 1089 1928 in
1110 1867 1272 1951 propatulo
1292 1889 1370 1952 ago,

302 1971 439 2038 omnium
453 1973 547 2036 octtlis
564 1987 594 2036 et
610 1973 794 2055 inquisitioni
808 1974 980 2057 expositus,
996 1970 1068 2036 Deo
1081 1993 1132 2035 me
1146 1973 1256 2056 probo.
1273 1974 1371 2056 Atque

301 2076 363 2140 llaec
385 2101 478 2159 quum
493 2079 592 2154 l'aoio,
617 2082 716 2142 evenit
737 2093 770 2142 ut
784 2079 865 2142 male
879 2081 1017 2158 audiam,
1037 2081 1101 2142 imo
1116 2080 1258 2165 vapulem
1276 2103 1285 2142 t
1304 2083 1374 2164 quid

302 2186 414 2250 mirum
431 2207 449 2248 a
463 2187 565 2269 pueris
581 2201 632 2249 aut
647 2187 757 2263 fatuis,
776 2200 807 2249 et
824 2188 875 2269 qui
890 2187 971 2270 tangi
984 2187 1087 2249 ulcera
1101 2207 1152 2249 sua
1169 2187 1295 2251 nolunt?
1306 2185 1374 2271 Ego

303 2313 376 2354 vero
393 2292 534 2356 allectum
554 2308 605 2356 aut
619 2315 723 2356 curam
744 2315 805 2356 non
826 2308 931 2370 muto,
949 2307 1000 2355 aut
1022 2293 1109 2355 mitto
1127 2317 1134 2353 :
1153 2297 1223 2356 dnm
1239 2296 1372 2379 vapulo,

302 2403 424 2479 eosipsor
447 2403 497 2480 qui
518 2402 666 2462 verberoni
687 2401 797 2480 diligo,
821 2415 976 2481 tamqnam
1000 2414 1087 2484 pater
1112 2403 1272 2478 oxnnium,
1296 2415 1375 2463 tam-

236 2485 239 2493 i
303 2526 393 2586 quam
407 2505 509 2568 irater.
522 2505 632 2588 Neque
641 2506 743 2568 animo
757 2506 856 2567 solnm
868 2506 908 2567 ita
921 2506 1025 2568 firmus
1039 2521 1069 2568 et
1078 2519 1217 2570 constans
1226 2529 1309 2584 sum,
1325 2509 1375 2569 sed

303 2633 413 2695 corpus
426 2612 534 2676 sufficit
550 2637 556 2671 :
571 2626 602 2673 et
617 2612 671 2673 illo
682 2613 748 2695 ipso
768 2613 864 2674 doceo
875 2657 884 2688 ‚
897 2625 1039 2684 tenuem,
1054 2626 1085 2674 ct
1097 2613 1247 2697 frugalem
1262 2613 1374 2675 victum

301 2720 382 2780 vires
397 2740 529 2801 augere,
549 2721 626 2783 adeo
642 2738 704 2780 non
719 2718 826 2781 laedere
847 2717 1017 2782 sanitatem.
1039 2717 1121 2798 Quid
1136 2719 1296 2792 calorem,
1321 2717 1376 2781 lci-

303 2847 379 2906 gus‚
406 2827 621 2888 incommoda?
647 2823 732 2886 nihil.
753 2823 835 2887 Ecce
859 2825 1041 2890 circumfero
1064 2845 1174 2908 corpus
1187 2845 1320 2896 mcum,
1345 2836 1377 2884 nt

305 2928 460 3012 Diogenes
469 2966 479 3008 ι,
497 2931 627 3008 nitidus,
646 2931 785 3014 pinguis,
803 2929 881 2992 bene
897 2929 1015 2992 habitus
1033 2953 1040 2990 ε
1057 2930 1169 2994 credite
1184 2929 1282 2992 oculis
1306 2951 1377 2990 sen·

303 3035 443 3118 sibosque
463 3057 534 3098 vera
548 3037 616 3098 dici.
644 3063 658 3090 o
673 3033 750 3100 flac
764 3049 794 3099 et
811 3036 899 3120 plura
913 3035 1049 3114 (utinam
1073 3037 1176 3098 audire
1200 3035 1246 3096 las
1259 3036 1291 3117 l)
1308 3057 1377 3118 ger-

304 3163 411 3207 manus
431 3142 483 3206 ille
500 3142 629 3228 Cynicus
648 3165 656 3202 ι
676 3145 714 3204 de
734 3143 829 3218 sucis,
848 3141 949 3204 nullus
967 3141 1016 3202 hic
1033 3163 1144 3205 sermo.
1164 3140 1274 3222 Neque
1300 3161 1377 3224 nego

303 3251 334 3312 in
352 3269 471 3312 summo
485 3249 558 3312 istos
574 3269 662 3326 esse,
678 3248 806 3330 ideoque
827 3248 941 3312 vicinos
957 3248 1079 3332 lapsui,
1098 3261 1149 3309 aut
1170 3247 1278 3310 laciles
1302 3262 1379 3310 tran·

303 3357 394 3420 silice.
414 3354 531 3418 Seneca
550 3367 653 3418 noster
669 3355 784 3439 signate
794 3355 936 3438 scripsit:
955 3381 971 3408 n
987 3353 1132 3416 Hominis
1146 3367 1289 3416 naturam
1301 3351 1379 3416 Stoi-

304 3484 356 3526 cos
371 3464 511 3534 vincere,
529 3459 660 3547 Cynicos
674 3463 828 3523 excedere.
846 3484 862 3520 o
873 3459 937 3545 (De
951 3459 1104 3522 Brevitate
1118 3460 1214 3538 Vitas,
1231 3483 1301 3545 can
1319 3462 1379 3538 xl.)

304 3567 350 3630 lta
368 3582 436 3632 est:
453 3567 596 3649 quidquid
613 3587 703 3650 supra
722 3565 861 3643 Stoicos,
881 3568 1005 3628 modum
1022 3587 1106 3650 poene
1128 3587 1218 3650 supra
1240 3580 1289 3629 est
1305 3592 1312 3627 :
1329 3567 1380 3630 scd

303 3697 360 3738 noc
381 3675 506 3751 inutile,
528 3674 559 3734 in
581 3693 641 3734 nno
663 3673 913 3755 portentosae,
941 3685 974 3734 ut
992 3673 1172 3734 admodum
1194 3672 1306 3735 deinde
1324 3674 1380 3734 dn-

303 3795 381 3845 cant.
404 3779 558 3866 Diogenes
580 3777 781 3864 agnoscebat,
805 3792 834 3840 ot
855 3777 1029 3856 fatebatur,
1057 3807 1071 3833 a
1097 3779 1208 3841 imitari
1230 3799 1266 3841 sc
1294 3779 1381 3843 chori

306 3889 464 3972 magistros
480 3910 487 3947 ι
501 3889 552 3968 qui
564 3901 670 3949 tonum
682 3886 791 3947 leviter
808 3887 1002 3962 excederent,
1017 3888 1070 3949 sed
1086 3900 1119 3947 ut
1138 3885 1275 3967 reliquos
1295 3907 1382 3948 reno

307 4009 410 4056 carent
421 3997 459 4055 ad
470 4007 680 4056 concentum.»
695 3989 811 4071 (Laert
828 3993 859 4054 in
875 3989 983 4076 Diog.)
996 3990 1212 4056 Pulcherrimc.
1227 3991 1299 4057 Sint
1312 4013 1381 4056 ma-

307 4121 369 4182 gnae
379 4101 440 4161 istae
451 4100 574 4176 animae,
587 4121 652 4180 quae
660 4099 762 4161 onmia
774 4112 895 4162 externa
907 4099 1037 4173 calcent,
1049 4101 1194 4182 despuant
1206 4121 1212 4157 ε
1225 4113 1258 4160 ct
1269 4100 1383 4182 aliquid

307 4206 339 4268 in
352 4205 453 4289 rigore
467 4205 602 4268 forussis
612 4207 756 4268 excedant
770 4251 779 4282 ,
795 4217 828 4266 ut
837 4204 997 4270 mollitiem
1007 4219 1141 4269 nostram
1154 4205 1383 4284 vincant.,Ecce
