2896 4954
369 455 529 529 moun
554 461 590 546 1,
616 461 723 528 esp,
749 459 857 526 nvi
1085 459 1145 524 231

86 583 147 664 sit,
168 600 206 652 ut
225 599 317 656 nturu
338 589 453 681 perire
470 591 671 659 noueentiot
689 589 977 680 :qualiscunque‚
996 609 1076 678 pare
1089 587 1153 654 im-

85 703 175 792 perii
184 722 247 772 eet.
261 707 433 798 lnmognu
444 707 587 800 imperia
594 730 635 774 ex
647 703 835 774 minoribus
848 707 855 738 ¹
870 717 1024 796 petamus
1039 725 1153 770 exem-

65 815 202 910 ‚pluml
224 821 300 890 Nou
319 837 370 890 eet
388 802 493 892 unum
515 820 706 917 imperandi
730 844 837 914 genus
857 845 865 886 :
886 820 1032 911 imperet
1048 819 1150 888 Prin·

86 959 168 1028 ceps
185 937 315 1006 civibus
331 939 420 1020 suis,
442 955 540 1031 puter
557 938 691 1020 liberie,
710 950 900 1030 preceptor
916 932 1147 1014 discentibus,
1179 964 1194 995 π

84 1051 244 1121 tribunue
268 1053 322 1122 vel
340 1055 494 1124 centurio
519 1053 697 1124 militibus.
723 1055 845 1122 Nonne
866 1050 1031 1144 pessimus
1054 1064 1152 1142 puter

84 1164 275 1249 videbitur,
297 1169 357 1260 qui
367 1167 511 1238 useiduis
523 1169 633 1263 plegio
643 1168 790 1248 liberos,
811 1167 913 1234 etium
924 1189 965 1234 ex
975 1165 1152 1232 levissimis

83 1283 218 1366 musis,
233 1302 423 1379 compescet
432 1289 658 1356 PUtereutem
668 1300 858 1378 praeoeptor
875 1281 1074 1352 liberalibus
1081 1297 1153 1350 stu-

82 1399 149 1469 diis
160 1400 314 1496 digium,
332 1405 392 1495 qui
403 1400 864 1494 exmrnilionbitdiscipuloe,
878 1398 1153 1468 simemoriuillis

82 1542 151 1586 uon
166 1519 356 1588 constiterit
367 1523 395 1600 ¹,
405 1536 464 1588 eut
473 1520 628 1612 eiporum
637 1518 737 1612 agilia
751 1519 788 1586 in
796 1515 943 1610 legendo
957 1517 1075 1584 ooulus
1088 1515 1154 1584 bee-

83 1637 168 1703 serit
177 1630 204 1718 ³,
213 1661 259 1706 nn
269 1638 328 1728 qui
337 1637 580 1706 monitionibus
590 1651 624 1704 et
634 1633 841 1705 verecundia
854 1632 1037 1702 emendare
1047 1657 1088 1702 eo
1097 1632 1155 1702 do-

81 1777 163 1820 oere
171 1753 266 1823 malit
275 1754 488 1823 iTribunum
497 1754 798 1843 oenurriouemque
805 1748 979 1820 deserum
989 1777 997 1817 ε
1007 1748 1155 1818 deserto·

83 1866 267 1952 resfaoiet3
277 1858 746 1959 quibustnmenignosoiturl.
760 1862 1011 1956 Numquidnam
1019 1887 1153 1954 equum

84 1997 158 2062 est,
175 1982 312 2075 gravius
326 1983 454 2050 bomini
466 1998 500 2050 et
514 1979 633 2050 durius
643 1981 825 2074 imperari,
847 2003 947 2072 quam
967 1979 1155 2070 imperetur
1179 1999 1195 2051 3

83 2096 289 2165 animalibus
296 2098 397 2166 mutis
407 2099 422 2166 l
431 2097 526 2189 atqui
537 2120 661 2187 equum
672 2119 741 2164 uon
750 2092 880 2161 crebrie
889 2091 1092 2161 verberibus
1102 2115 1156 2160 ex·

85 2225 194 2278 terret
212 2208 370 2280 domandi
387 2212 517 2304 peritus
531 2211 704 2303 magister.
725 2209 802 2276 Fiet
814 2207 904 2274 enim
919 2205 1155 2274 formidolosus

85 2343 118 2394 et
126 2343 324 2410 contumax,
340 2329 406 2396 uisi
416 2352 494 2396 eum
508 2342 599 2396 tuctu
608 2325 805 2394 blandiente
814 2323 1046 2416 permulserie.
1059 2323 1153 2392 Idem

86 2443 167 2511 lucit
184 2459 343 2525 venator,
361 2445 420 2534 qui
438 2444 584 2512 instituit
595 2441 723 2510 catulos
738 2441 882 2534 vestigia
895 2441 1009 2531 sequi,
1026 2439 1155 2532 quique

80 2556 149 2645 jam
169 2556 362 2624 exercitatis
381 2557 489 2624 utitur
506 2555 550 2624 nd
568 2554 828 2624 excitandao'vel
840 2553 1095 2646 persequendus
1107 2554 1156 2628 te-

85 2695 152 2739 ras.
171 2672 244 2738 Nec
261 2671 383 2740 crebro
394 2671 461 2743 illis
473 2673 622 2740 minatur
637 2701 646 2757 3
664 2669 850 2740 contundet
859 2671 949 2738 euim
963 2671 1106 2754 animos,
1122 2685 1157 2738 et

84 2783 257 2876 quidquid
267 2782 450 2852 estiudolis
461 2835 470 2867 ,
481 2788 728 2854 comminuetur
738 2783 965 2876 trepidatione
975 2783 1153 2876 degeneri3

85 2931 149 2974 uec
163 2907 336 2975 licentiam
349 2906 494 3000 vagandi
514 2907 720 2999 errandique
731 2908 854 3000 passim
869 2905 1037 2975 concedit.
1059 2906 1157 2998 Adji-

85 3025 154 3092 oine
171 3024 228 3092 bie
245 3023 325 3092 licet
360 3023 507 3092 tardiore
534 3041 674 3116 ugentes
688 3024 867 3117 jumento:
888 3048 964 3116 quae
987 3049 1090 3116 quum
1113 3022 1157 3093 ud

86 3228 204 3280 velleret
214 3228 596 3302 exeiteutetpersequsntnr‚vel
646 3247 754 3299 eumque
771 3240 795 3282 te
816 3240 918 3292 vertes,
938 3229 1037 3282 nullum
1057 3247 1157 3282 sensum

85 3307 199 3376 equitem
213 3307 348 3380 potientur.
646 3306 769 3360 idoneum
787 3307 917 3380 exprimas.
934 3308 1013 3378 Sequi
1030 3307 1138 3365 debebat
1153 3325 1160 3358 t

120 3403 142 3435 ι.
154 3385 367 3438 Exmr'noribus.
378 3385 499 3458 Imperiis.
646 3383 761 3438 tribunus
780 3398 866 3438 tumen
886 3386 954 3438 mitis
976 3385 1159 3438 monitionibus

118 3481 142 3512 u.
159 3461 295 3514 Memoria
312 3465 367 3514 r'llt's
386 3481 437 3514 non
451 3466 597 3517 coustiten't.
647 3461 809 3526 emendabit,
828 3463 919 3532 quibus
936 3461 1072 3535 ignoverit
1094 3463 1159 3514 Puto

88 3538 215 3590 nemoris
226 3537 359 3592 deficiente
371 3539 434 3612 lepsi
443 3541 508 3605 siut,
521 3541 598 3594 eteli·
648 3537 731 3608 itaque
750 3538 826 3592 verbu
841 3540 959 3610 quadarn
977 3539 1019 3593 bie
1032 3539 1160 3593 excidisse.

85 3615 240 3683 quantulum
258 3616 287 3668 iu
304 3617 438 3670 recitandis
455 3619 599 3672 unctoribus
647 3617 727 3691 Lipsii
745 3619 946 3690 interpunctione
966 3618 1031 3672 nibil
1053 3617 1161 3691 prosici-

85 3694 263 3748 irureerentur.
648 3715 713 3771 mus.
730 3698 808 3754 «Tu.
824 3697 875 3762 sit,
893 3697 1044 3770 iuterpnuge
1055 3699 1161 3750 :desee-

118 3773 347 3839 &Autsr'purum
354 3773 598 3840 agilis-...breterit
648 3775 812 3847 toressact'et.
833 3777 938 3846 Quibus
942 3813 982 3830 .....
999 3778 1162 3844 ignoscitur?

87 3849 165 3916 Quod
195 3869 224 3900 eo
248 3849 347 3901 lucilius
370 3850 470 3902 evenire
493 3851 598 3916 debuit,
649 3853 884 3906 N.etc.Senteutia
900 3854 1104 3926 eporte.lgnosei
1117 3875 1161 3904 vo-

86 3947 166 3997 qnum
179 3927 259 3980 litere
275 3927 419 3998 mejutculte
434 3949 479 3980 seu
490 3930 601 3982 unciales
651 3931 748 3993 lurnus‚
761 3943 786 3984 et
794 3929 906 4001 quibus?
916 3931 1072 3984 bominibus.
1084 3931 1163 4002 Atqui

85 4023 188 4078 semper
200 4017 298 4066 esseut,
311 4016 336 4056 et
349 4023 399 4056 une
414 4005 477 4058 serie
495 4024 541 4059 nee
551 4006 601 4059 ulla
653 4020 677 4062 et
685 4007 764 4060 brutis
774 4008 912 4080 ignoscitur
923 4022 948 4062 et
954 4009 1064 4062 molliter
1071 4009 1164 4063 baben·

85 4080 293 4152 interpunctione
304 4081 417 4134 sdbibits
428 4103 525 4156 semper
536 4084 604 4136 seri-
652 4100 693 4138 tur
706 4103 712 4136 :
724 4105 769 4138 eur
779 4105 832 4138 nou
842 4087 925 4158 magis
933 4085 999 4140 illis?
1010 4109 1023 4133 u
1034 4088 1095 4140 lllos
1106 4108 1164 4140 ron·

86 4157 215 4210 berentur.
653 4166 743 4217 tundet
755 4165 854 4238 reposui
866 4181 873 4214 t
885 4165 912 4217 iu
929 4165 1045 4218 Gronov.
1058 4165 1114 4237 Bip.
1131 4164 1165 4218 el.

122 4241 147 4300 4.
162 4236 267 4306 Quibus
278 4249 365 4292 temen
372 4241 518 4307 s'pnoseitur.
531 4241 606 4307 Quo·
655 4255 692 4294 est
700 4243 826 4296 conusnde
837 4261 969 4318 operarium
981 4242 1048 4296 vitio.
