2886 4958
420 491 595 562 curor
618 493 713 562 xli.
897 475 899 480 ’
1039 495 1104 590 377

50 643 118 708 tes,
136 622 280 718 trepidi,
308 639 342 691 et
359 645 428 692 non
447 623 586 718 ingenio
598 627 625 707 ¹,
649 623 710 692 sed
729 621 910 694 formidine
922 630 949 708 ²,
971 627 1107 718 quieti?

48 748 123 812 Non
137 740 212 812 ideo
224 731 432 835 quidquam³
446 740 627 811 interillos
645 765 836 836 puerosque
850 745 1014 812 interesse
1029 744 1106 836 quis
1131 777 1146 809 ι

50 859 189 946 dixerit,
205 858 297 953 quod
310 858 377 926 illis
391 857 534 926 talorum
546 883 740 952 uocumque
757 876 792 929 et
805 861 882 929 seris
893 861 1015 928 minuti
1028 885 1107 930 ava-

51 977 126 1044 ritia
138 990 210 1058 est,
231 974 286 1044 his
299 975 374 1043 auri
388 975 591 1068 argentique
605 991 641 1043 et
657 975 793 1046 urbium
815 1003 822 1044 :
840 975 932 1069 quod
947 976 997 1044 illi
1017 977 1107 1044 inter

49 1090 135 1183 ipsos
151 1090 365 1183 magistratus
380 1103 525 1182 gerunt,
546 1103 582 1156 et
597 1104 791 1180 pretextam
805 1091 978 1183 fascesque
992 1113 1031 1157 ac
1047 1089 1108 1156 tri·

49 1205 148 1274 bunal
164 1207 361 1288 imitantur,
383 1202 553 1272 hiesdem
572 1204 609 1286 iq
628 1227 746 1297 campo
761 1203 903 1296 loroque
918 1218 952 1272 et
965 1205 1000 1272 in
1014 1204 1109 1272 curia

49 1323 135 1390 serio
143 1320 265 1390 ludunt
277 1343 289 1387 ἰ
306 1320 356 1387 illi
363 1319 400 1387 in
413 1317 570 1387 litoribus
582 1310 716 1388 ‘arenae
731 1311 916 1413 congestu⁵
931 1318 1109 1387 simulacra

48 1437 204 1506 domuum
224 1437 393 1518 excitant,
423 1433 461 1502 hi
486 1449 525 1502 ut
552 1458 711 1527 magnum
735 1433 867 1527 aliquid
888 1450 1050 1535 egentes,
1073 1433 1110 1500 in

48 1552 215 1648 lapidibus
228 1577 267 1622 ac
277 1550 466 1646 parietibus
479 1601 488 1634 ,
503 1565 539 1618 et
551 1551 649 1626 tectis
662 1550 842 1619 moliendis
856 1552 1010 1645 occupati
1023 1545 1050 1632 ⁶,
1067 1547 1111 1617 ad

49 1669 183 1738 tutelam
198 1689 378 1761 corporum
388 1666 571 1735 inventain
581 1665 789 1759 periculuml
805 1683 983 1736 verterunt
995 1669 1010 1735 l
1022 1671 1112 1760 Ergo
1139 1672 1155 1726 3

48 1783 254 1879 parpueris‚
268 1781 471 1875 longiusque
484 1783 696 1875 progressis,
714 1779 825 1850 sedin
839 1782 904 1851 alia
918 1785 1113 1876 majoraque

49 1926 146 1971 error
162 1915 225 1968 est.
249 1901 325 1968 Non
341 1898 513 1966 immerito
540 1897 657 1989 itaque
678 1898 800 1966 horum
820 1898 1040 1968 contumelias
1058 1922 1114 1966 sa-

50 2020 148 2111 piens
161 2031 200 2086 ut
209 2016 306 2109 jocos
322 2015 447 2107 accipit
464 2040 471 2080 :
488 2028 524 2081 et
540 2013 723 2105 aliquando
738 2015 835 2100 illos,
858 2031 1017 2108 tanquam
1030 2025 1115 2108 pue-

50 2157 128 2216 ros,
145 2132 234 2201 malo
256 2153 423 2225 poenaque
442 2127 602 2197 admonet
615 2146 651 2197 et
663 2130 789 2216 afficit3
805 2156 874 2200 non
891 2133 973 2224 quia
986 2130 1117 2224 accepit

51 2250 232 2342 injuriam,
252 2247 313 2316 sed
330 2247 411 2339 quia
429 2246 605 2328 iecerunt,
629 2262 664 2314 et
682 2262 721 2315 ut
736 2248 894 2317 desinant
915 2249 1039 2316 iacere.
1062 2247 1117 2316 Sic

50 2369 142 2436 enim
160 2382 195 2435 et
210 2390 335 2460 pecora
352 2363 495 2432 verbere
514 2362 694 2432 domantur
712 2391 720 2430 ε
742 2390 807 2435 nec
825 2368 1004 2436 irascimur
1021 2365 1114 2447 illis,

51 2505 157 2573 quum
171 2503 332 2548 sessorem
348 2478 601 2560 recusaverint,
619 2476 679 2546 sed
691 2482 954 2573 compescimus,
972 2495 1010 2547 nt
1023 2478 1119 2547 dolor

51 2597 297 2668 contumaciam
316 2595 443 2664 vincat.
465 2596 556 2686 Ergo
574 2609 608 2660 et
625 2593 712 2661 illud
735 2595 879 2664 solutum
898 2597 1005 2678 scies,
1028 2593 1120 2687 quod

45 2788 204 2844 lescentibns
218 2787 350 2861 puerisque
352 2821 419 2838 .......
430 2783 560 2836 disserunt.
609 2782 854 2860 intelligotpropter
874 2787 953 2840 litoris
963 2789 1120 2842 mentionem

82 2887 103 2920 1.
115 2865 238 2936 Ingenio.
249 2863 344 2917 Natura
355 2875 380 2916 et
392 2861 508 2916 consilio·
609 2881 686 2932 quam
698 2863 748 2916 nisi
758 2863 799 2917 hic
811 2865 895 2920 valere
913 2879 1000 2940 putes,
1022 2866 1053 2920 ed
1064 2871 1121 2936 lop-

82 2968 106 2999 α.
114 2945 409 2999 FormidineTimentes
420 2961 520 3015 nempe,
527 2961 560 2993 ne
609 2959 655 2992 sus
666 2939 798 2992 Tectoram
806 2943 919 3010 (Romae)
930 2947 1061 2998 assiduos.
1071 2948 1119 3019 Ap.

48 3025 116 3078 male
125 3023 289 3076 mulctentur.
610 3017 703 3069 Juven.
715 3017 760 3070 Sat
783 3019 829 3084 lll,
839 3041 875 3073 vs.
892 3041 904 3089 7
917 3022 1017 3076 reseras.
1031 3021 1121 3076 Proin·

80 3101 411 3170 3.N0n1'de0qa1'dqaom,
426 3111 472 3152 etc.
483 3100 562 3152 Eam-
611 3095 642 3149 de
654 3097 822 3166 lapidescunt
840 3097 1007 3152 fundamenta
1027 3122 1041 3153 e
1058 3100 1121 3152 saxis

48 3179 107 3231 dem
122 3178 276 3230 sententiam
293 3175 382 3248 repetit
402 3177 501 3240 Noster,
514 3177 562 3249 Ep.
611 3174 713 3227 inmare
723 3173 842 3243 coniectis
853 3177 930 3241 lacta,
943 3177 1034 3249 quibus
1044 3179 1122 3252 parie-

48 3273 109 3308 ω,
118 3282 157 3296 -
167 3257 226 3308 Illis
238 3273 245 3307 t
258 3273 310 3308 esse
321 3253 422 3307 deberet
430 3275 461 3310 ιι
475 3253 562 3326 regula
612 3262 648 3302 tes
671 3264 695 3303 et
717 3263 780 3304 tecta
803 3255 1042 3327 superstruebsntur.
1062 3255 1121 3325 Qua

47 3345 184 3405 grammat,
198 3333 239 3384 dis
250 3351 257 3392 ;
269 3343 362 3406 spectat
375 3331 443 3382 enim
460 3333 487 3383 ei
507 3334 563 3383 illis
612 3329 743 3382 occasione
753 3329 980 3396 etalloditloxum,
990 3333 1122 3405 quemjam

48 3413 79 3465 ad
91 3432 198 3487 pueros.
207 3413 259 3466 Sed
267 3411 333 3487 apud
343 3409 564 3482 Ciceronemquo·
613 3407 700 3460 Horat
709 3408 759 3460 od.
776 3409 801 3462 ll
812 3445 819 3473 ,
832 3430 880 3462 vss.
895 3411 937 3476 ¹8,
952 3413 991 3465 no.
1004 3411 1054 3464 Od·
1067 3412 1122 3478 lll,

49 3511 98 3562 que
110 3489 230 3562 exempla
249 3489 324 3562 hujus
340 3491 502 3566 negligentiae
519 3510 564 3543 oc.
612 3504 660 3536 vas.
674 3485 747 3552 1,33.
754 3505 791 3557 sq.
803 3497 935 3540 maereret.
950 3489 983 3540 Et
994 3485 1124 3559 temperati

49 3582 170 3622 tumne.
192 3567 233 3622 Cf.
245 3567 368 3637 Emem',
392 3570 462 3624 clm,
482 3568 563 3621 Cicer.
613 3561 677 3615 aeris
689 3575 959 3636 etprospeetuscsusa,
972 3565 1015 3616 ille
1029 3565 1123 3618 sinasa

47 3647 181 3702 soe-Hic.
613 3640 758 3712 proceribus
784 3653 808 3692 et
830 3641 950 3696 divitibus
962 3643 1077 3715 prelatus
1089 3657 1126 3695 est

83 3725 360 3792 41111'5011'20'1'5'15
370 3762 430 3780 ,,,,,,,
440 3729 565 3780 mitam,
615 3718 647 3771 ad
665 3717 771 3772 edificia
795 3718 838 3772 illa
859 3720 1034 3774 construenda.
1050 3720 1125 3774 Conl'.

48 3802 371 3878 Lipeinslandatllomdl.
381 3803 415 3866 0,
427 3804 485 3870 362,
494 3802 566 3856 libis.
616 3796 761 3870 VithEn·
772 3796 871 3864 lih.1x,
884 3817 920 3850 vt.
932 3818 988 3866 7¹¹·
999 3798 1125 3872 ib.lleyn.

83 3879 567 3950 5.Arenoecongestu.Revoeavitrecte
617 3877 693 3929 Nunc
720 3889 798 3930 totam
820 3877 932 3950 regionis
958 3878 1050 3932 faeiem
1073 3881 1127 3932 sce-

46 3960 136 4012 Gron.
150 3979 211 4012 enm
230 3957 339 4010 Grutero
352 3977 381 4010 ex
400 3957 498 4010 Erasmi
511 3957 568 4010 edd.
618 3954 780 4023 detumesce,
793 3955 900 4022 docent,
917 3956 962 4027 qui
978 3977 1034 4009 eam
1050 3957 1127 4010 adie-

46 4043 136 4092 Antea
148 4056 249 4090 :arena
264 4046 392 4108 congesto.
406 4037 484 4090 Male.
617 4046 687 4099 runt,
699 4032 752 4085 vid.
774 4033 873 4108 Meyeri
887 4034 1091 4107 Darslellungen
1103 4057 1127 4110 p.

80 4115 107 4168 G.
118 4115 203 4169 Hine
213 4134 338 4186 magnum
340 4149 387 4167 ......
399 4117 520 4182 occupati.
528 4114 569 4166 De
619 4111 675 4178 452.
687 4130 724 4182 sq.

47 4189 177 4245 adificiis
187 4193 215 4244 in
229 4205 322 4267 ponto,
337 4191 452 4264 inprimis
464 4211 524 4244 vero
541 4192 570 4244 in
652 4211 675 4256 7.
685 4193 716 4244 ln
725 4193 877 4260 periculum.
888 4191 931 4246 Ob
941 4192 1130 4246 ruinascrebrss

47 4283 152 4324 cratere
179 4291 199 4324 s·
222 4271 278 4325 sinn
302 4268 400 4324 Baiano
422 4269 569 4324 constructis
620 4269 914 4324 exmolsetaltitudine.
