2896 4954
338 489 493 557 arana
519 447 564 574 1,
584 489 691 558 car.
718 487 836 555 x111.

1054 449 1118 553 225'

70 644 185 719 sunt¹3
216 634 299 726 quid
330 651 442 703 autem
468 658 509 703 eo
536 631 726 715 infelicius,
758 634 812 701 eui
835 631 907 724 jam
935 651 1008 696 esse
1035 629 1121 696 malo

70 770 194 818 neoesse
208 767 259 819 est
273 757 286 786 ²
299 755 315 824 Ρ
330 753 363 822 0
377 752 604 820 miserabilem
617 744 733 832 illum,
750 747 814 816 sibi
829 761 922 815 certe
942 747 1042 836 (nam
1054 769 1121 813 cea-
1148 777 1161 808 ι

71 867 142 933 teris
159 869 312 937 misereri
326 869 399 961 ejus
415 869 509 936 nefas
522 869 604 957 sit),
621 867 681 961 qui
697 865 898 934 oaedibus'ao
913 864 1043 957 rapinis
1059 888 1122 957 po-

69 982 196 1052 tentiam
213 985 383 1066 exercuit,
398 985 458 1076 qui
477 999 632 1076 suspecta
649 983 712 1051 sibi
729 997 851 1050 cuncta
863 979 1032 1084 reddidit,
1056 997 1123 1047 tam

67 1107 214 1177 externa,
235 1119 335 1188 quam
352 1095 555 1183 domestica,
576 1120 682 1188 quum
701 1119 794 1164 arma
808 1107 958 1177 metuat,
974 1092 1019 1162 ad
1031 1109 1124 1164 arma

65 1209 255 1304 confugiens
268 1240 277 1296 3
292 1237 360 1280 non
379 1214 561 1280 amicorum
577 1211 658 1279 fidei
674 1209 840 1294 credens,
857 1234 926 1278 non
939 1209 1125 1278 liberorum

66 1321 208 1416 pietati³l
224 1325 294 1419 Qui
312 1327 372 1396 ubi
389 1329 627 1420 circumspexit
639 1351 784 1420 quaeque
802 1327 900 1410 fecit,
918 1351 1063 1420 quaeque
1078 1328 1127 1394 la-

66 1456 173 1511 cturus
194 1459 264 1528 est,
292 1461 327 1512 et
349 1445 587 1513 conscientiam
614 1467 707 1511 suam
727 1439 863 1537 plenam
884 1443 1070 1513 sceleribus
1088 1468 1128 1511 ac

67 1561 235 1628 tormentis
249 1553 452 1654 adaperuit⁴
466 1611 477 1644 ,
492 1581 581 1654 saepe
591 1574 733 1627 mortem
746 1560 859 1642 timet,
879 1559 1001 1652 saepius
1014 1575 1123 1652 optat,

68 1673 197 1742 invisior
213 1676 278 1744 sibi
297 1699 396 1768 quam
411 1675 648 1746 servientibus.
671 1679 699 1742 E
717 1675 888 1743 contrario
902 1677 930 1744 is

939 1669 1019 1743 ⁵oui
1037 1697 1128 1743 curae
1153 1694 1167 1743 3

66 1803 137 1854 sunt
158 1791 342 1874 universa,
367 1815 561 1884 quanquam
582 1790 650 1859 alia
671 1791 801 1884 magis,
824 1789 891 1858 alia
916 1791 1027 1858 minus
1051 1807 1127 1858 tue·

67 1917 132 1986 tur,
146 1893 274 1974 nullam
288 1932 356 1975 non
369 1907 577 2003 Reipublicae
595 1922 725 2000 partem
744 1923 913 1999 tamquam
932 1908 984 1975 sui
998 1907 1125 1986 nutrit,

68 2019 242 2090 inclinatus
265 2021 309 2091 ad
330 2025 480 2105 mitiora,
507 2025 638 2092 etiamsi
662 2048 702 2092 ex
729 2047 794 2092 usu
818 2040 869 2092 est
884 2017 897 2060 ⁶
915 2023 1130 2093 animadver-

67 2151 152 2220 tere,
173 2137 356 2208 ostendens
373 2163 474 2232 quam
487 2139 619 2207 'invitus
632 2162 753 2232 aspero
769 2139 920 2209 remedio
938 2139 1056 2210 manus
1069 2138 1130 2208 ad-

68 2272 190 2324 moveat
211 2259 222 2300 ⁷
247 2283 257 2341 3
283 2257 318 2324 in
338 2257 435 2350 cujus
457 2256 570 2325 animo
593 2256 680 2323 nihil
701 2256 845 2340 hostile,
870 2255 956 2325 nihil
987 2257 1127 2326 efferum

66 2385 131 2455 est,
153 2373 214 2462 qui
235 2371 419 2464 potentiam
437 2395 528 2441 suam
549 2369 681 2464 placide
702 2395 742 2439 ac
759 2371 952 2440 salutariter
968 2391 1124 2456 exercet,
1156 2397 1171 2460 4

63 2488 250 2580 approbare
277 2477 419 2584 imparia
448 2511 509 2557 sua
539 2488 670 2556 civibus
698 2490 863 2583 cupiens,
889 2490 969 2558 felix
994 2489 1130 2558 abunda

95 2726 115 2758 ι.
125 2705 232 2763 Scelere
242 2713 311 2762 emm
322 2709 457 2763 sceleribus
471 2709 569 2761 tuende

63 2795 124 2836 sunt.
143 2785 204 2838 lam
227 2787 348 2840 Noslretis
366 2785 467 2840 Recine
483 2785 568 2838 locum

63 2859 219 2914 excitavimus
234 2865 244 2928 (
252 2859 438 2928 Britannicus,
454 2865 508 2915 Aet.
520 2863 568 2927 1v,

61 2953 122 2990 scau
133 2941 200 3008 m):

62 3037 150 3081 Sontnir
158 3057 195 3082 ene
203 3045 292 3093 ripense
299 3057 335 3097 per
342 3045 427 3083 danem
433 3043 538 3094 mutes,

62 3099 521 3158 hhuafflbmrmhmmglmsb.

92 3208 113 3239 a.
124 3191 176 3243 Cur·
184 3197 246 3254 iam
255 3209 311 3244 esse
320 3195 391 3244 malo
398 3209 496 3245 necem
505 3191 569 3248 est?

60 3264 128 3318 flens
140 3269 275 3322 seelestam
287 3269 365 3322 vitam
379 3269 470 3344 egendi
481 3289 569 3322 neces-

60 3344 154 3398 sitatem
168 3362 346 3420 expresserunt
361 3346 487 3415 Boilears,
502 3349 568 3424 Epi·-

60 3423 110 3476 stol¹
123 3424 166 3494 X,
185 3427 233 3479 165
246 3443 254 3478 :

61 3525 108 3565 Dus
117 3529 136 3566 le
144 3529 209 3568 eine
216 3529 233 3568 it
241 3527 296 3567 sutae
303 3528 376 3580 qn'nee
384 3529 421 3567 lois
433 3528 474 3568 l'on
483 3527 567 3572 eldeum

61 3585 100 3626 Ure
106 3589 168 3629 sense
176 3589 270 3637 tonicam
278 3590 336 3630 satire
345 3597 382 3628 une
395 3599 451 3628 entre
458 3589 526 3628 rheu.

59 3648 171 3691 L'beeur
179 3659 211 3691 est
218 3660 296 3690 eornm
310 3663 348 3688 une
361 3651 388 3698 {le
399 3650 488 3702 eseerpee
497 3659 516 3689 et
525 3663 569 3690 sens

57 3713 569 3825 0···5;'l¹1⁸‚tumememoratur..

57 3855 86 3908 Et
113 3859 242 3932 nuperius
266 3859 415 3929 Μονίμη
446 3858 568 3925 (lenone

56 3936 154 4004 efflet,
172 3937 283 4002 acal.)

55 4035 106 4074 sissi
112 4037 180 4087 done,
188 4049 238 4076 enne
251 4037 269 4074 le
278 4037 304 4076 lei
314 4036 361 4075 d'nn
368 4037 445 4076 tusum
452 4037 545 4088 poneoir,

55 4097 157 4137 uerna
166 4108 200 4138 ess
208 4111 237 4136 nn
248 4097 308 4136 atu
315 4107 335 4136 et
344 4099 362 4136 le
369 4097 430 4138 erinae
438 4111 464 4136 en
472 4098 548 4138 devoir.
566 4133 570 4140 ,

83 4183 107 4236 ³.
129 4183 190 4257 Qui
202 4183 319 4237 cedibus
327 4203 359 4235 ae
370 4186 470 4252 mpins's
473 4221 514 4234 .....
517 4187 570 4254 pie·

53 4266 106 4312 eae.
117 4260 283 4333 Dionysium
294 4261 417 4332 majorem
431 4263 569 4334 presertim

123 4342 152 4426 Ι,

617 2705 661 2760 hie
672 2710 813 2781 expressum
827 2722 905 2782 putes.
925 2709 964 2762 Gi.
981 2709 1059 2762 modo
1075 2710 1129 2762 Cic.

616 2785 691 2838 Tuse.
705 2783 748 2837 lib.
759 2787 792 2851 V,
809 2806 861 2860 cap.
874 2807 919 2854 no,
932 2807 970 2840 ss.

650 2861 674 2926 4,
687 2857 722 2913 ΕΙ
736 2865 917 2915 msueientiam
919 2901 963 2915 .....
978 2867 1128 2933 adaperuit.

617 2937 1129 2996 Eamdeml'eresententiem'l'acitusAun.

616 3016 660 3069 lib.
671 3017 719 3080 vl,
732 3035 784 3090 esp.
793 3015 819 3082 6,
829 3016 876 3069 sul>
889 3015 935 3070 fin.
947 3041 960 3065 a
970 3019 998 3070 Si
1007 3032 1129 3092 tyranno-

618 3114 673 3146 rum
687 3106 783 3146 mentes
793 3095 967 3163 recludantur,
981 3098 1077 3171 possint
1088 3099 1130 3151 ad·

617 3171 680 3243 spici
698 3172 808 3225 laniatus
827 3185 851 3224 et
873 3174 954 3238 ictus;
977 3175 1081 3247 quando
1103 3189 1131 3228 ut

617 3269 721 3324 corpore
734 3251 897 3319 verberibus,
910 3252 944 3304 ita
957 3253 1061 3315 saevitis,
1074 3251 1131 3306 libi-

618 3329 688 3393 dine,
702 3330 775 3383 melis
788 3331 908 3384 consultis
921 3333 1020 3384 animus
1032 3331 1130 3385 dilace-

617 3421 715 3461 ratur.»
735 3409 773 3460 Ex
790 3409 847 3463 loco
860 3429 954 3482 magno
971 3411 1069 3462 Platon.
1086 3409 1130 3463 lib.

618 3487 664 3550 lX,
674 3485 705 3538 de
719 3487 781 3560 llep.
791 3509 814 3561 p.
825 3491 880 3541 255.
891 3490 922 3540 Τ.
934 3488 992 3552 vlt,
1004 3490 1131 3561 expressit,

617 3565 687 3635 eujus
697 3578 721 3617 et
733 3567 825 3620 Noster
834 3585 932 3619 mernor
940 3566 1014 3618 luisse
1022 3565 1130 3619 videtur.

651 3647 674 3696 5.
695 3641 724 3694 Ε
742 3645 869 3696 contrari)
883 3648 920 3706 is,
940 3657 985 3695 etc.
1008 3643 1131 3697 Praeclare

617 3721 725 3775 stamine
744 3722 811 3794 apud
828 3721 962 3774 Platonem
975 3722 992 3773 l.
1007 3722 1023 3774 l.
1036 3737 1130 3774 exstant

618 3819 704 3853 eorum
717 3819 774 3870 quas
785 3799 826 3852 hie
837 3800 966 3852 enuntiata
975 3813 1041 3852 sunt.

649 3879 672 3931 6.
685 3879 803 3931 Etiamsi
817 3897 853 3932 ex
872 3898 922 3931 usu
940 3890 985 3931 est.
1004 3879 1061 3932 Hoc
1080 3891 1131 3946 est,

617 3973 762 4030 quanquam
782 3956 894 4029 expedit,
909 3955 1042 4010 utilitatem
1056 3973 1081 4012 et
1091 3979 1132 4014 ne·

618 4035 755 4088 cossinum
767 4033 848 4087 habeo

652 4133 675 4182 7.
704 4111 795 4181 Quem
816 4115 954 4166 invisus.....
983 4117 1133 4170 admoveat.

619 4191 679 4244 llne
691 4190 798 4262 pertinet
809 4189 878 4261 quod
893 4209 966 4264 supra
986 4191 1064 4257 dixit,
1078 4213 1132 4266 cap.

624 4289 672 4332 ro,
687 4267 739 4320 fin)
750 4268 781 4322 de
800 4274 931 4342 Angusto:
946 4291 958 4315 κ
972 4267 1040 4323 Dare
1058 4271 1133 4324 illurn

919 4347 958 4414 15
