2930 4956
244 481 309 552 AD
334 481 509 554 sTolc.
535 483 741 554 PHILOS.
769 483 865 552 LIB.
892 484 921 550 Ι.
1025 486 1119 572 lxxiij

89 623 130 686 lae
140 643 231 701 causa,
247 625 402 688 irrident«
415 623 484 687 illos
496 645 514 686 e
527 625 611 687 varia
626 623 749 690 Porticu
760 627 978 690 sermunculos.
992 655 1006 682 t·
1017 626 1122 711 (Apud

91 730 174 792 Athen
187 730 260 809 lll.)
274 729 318 794 Et
334 729 479 794 Comicus
492 731 642 815 quispiam
657 735 757 817 (apud
773 735 873 796 eumd.
888 733 942 796 lib.
958 731 1062 811 Xlll)
1080 757 1088 794 ε

244 856 364 918 hadad
375 862 394 916 ὅ
407 863 518 932 ieiune,
528 864 626 934 ἔμποροι
640 867 710 934 tripos
721 903 728 930 ‚

250 956 332 1020 Iliyess
342 957 505 1026 §suspiram-

249 1047 360 1113 Audite,
368 1047 540 1112 Porticenses,
552 1045 736 1121 nugivenduli,

247 1136 381 1190 Sermonis
393 1136 481 1190 arbitri
493 1149 518 1190 et
528 1156 652 1190 censores.

89 1247 134 1310 Sed
145 1250 226 1314 rerba
238 1254 365 1332 omitto,
380 1275 447 1336 qua
462 1268 584 1338 compta
598 1275 617 1316 a
630 1251 812 1337 philosopho
835 1273 897 1317 non
918 1251 1032 1336 requiri
1046 1255 1126 1333 scio,

88 1375 130 1417 nce
141 1355 234 1420 florem
244 1359 334 1422 illum
348 1359 493 1422 orationis
506 1383 514 1419 ε
527 1373 629 1422 tamen
639 1361 749 1423 docere
760 1373 845 1443 apta,
861 1371 891 1421 et
902 1359 1011 1422 animis
1023 1360 1127 1423 illabi:

88 1481 209 1544 ergorem
219 1465 384 1528 rideamus.
395 1462 443 1529 Ea
454 1467 519 1550 ipsa
533 1465 702 1540 autteunis,
714 1479 766 1527 aut
777 1466 838 1527 alta
848 1465 940 1528 nimis
951 1481 982 1528 et
991 1468 1131 1551 superba.

87 1565 194 1644 Tentis,
206 1571 235 1632 iu
248 1572 472 1647 dirisiunculis,
485 1571 732 1636 distinctiunculis
743 1596 751 1632 e
764 1571 873 1654 quibus
882 1572 997 1637 crebris
1007 1574 1093 1636 valde
1102 1588 1133 1637 et

88 1693 133 1734 non
139 1679 306 1741 necessariis
317 1693 448 1742 uttmtur.
457 1676 596 1763 Superba
605 1679 637 1744 in
648 1679 813 1764 dogmatis,
824 1701 890 1761 quse
901 1679 1011 1743 fastum
1022 1681 1132 1762 ubique

87 1791 224 1844 etrenunn
236 1783 361 1847 babent.
377 1813 392 1840 u
409 1783 561 1847 Dolorem
574 1804 636 1847 non
650 1783 765 1847 malum
782 1809 789 1845 ε
810 1781 977 1848 Sanitatem
992 1807 1054 1848 nou
1073 1785 1134 1848 bo-

87 1906 142 1948 num
151 1885 336 1973 :Sapientem
349 1889 504 1970 Divitem,
516 1890 653 1975 Regem,
665 1890 737 1954 Deo
750 1912 857 1975 parem
866 1913 941 1954 esse.
951 1921 967 1946 ι»
979 1890 1053 1955 lnde
1064 1913 1136 1957 con-

87 1996 209 2072 tunaeia,
233 2013 263 2060 et
285 1998 333 2061 sni
353 2019 458 2075 arnor,
480 1998 612 2060 aliorum
634 2011 823 2082 contemptus
846 2019 930 2062 :nec
946 1999 1135 2081 privatorum
1240 2003 1244 2012 '

88 2113 189 2181 mtun,
200 2107 253 2168 sed
264 2105 513 2189 magistratuum,
524 2105 765 2188 principumque.
773 2101 860 2166 Olim
870 2104 1033 2188 objectum,
1044 2126 1136 2186 quum

88 2220 142 2266 nota
159 2209 219 2274 bac
234 2225 339 2289 secta,
360 2224 390 2274 et
408 2211 502 2296 riguit
517 2237 526 2269 ι
540 2224 574 2274 ut
594 2210 739 2274 Rubellio
755 2209 863 2274 Plauto
880 2213 959 2296 apud
971 2211 1135 2290 Tacitum,

87 2319 149 2393 qnod
158 2319 365 2403 assumpsisset
378 2317 552 2382 Stoicorum
564 2318 769 2403 arrogantiam
781 2333 953 2401 sectamque
968 2343 976 2380 τ
992 2342 1058 2402 quae
1069 2333 1139 2383 tur-

87 2420 155 2486 bidos
169 2437 197 2486 et
210 2426 404 2510 negotiorum
418 2439 593 2510 appetentes
609 2425 690 2488 lacit.
703 2452 718 2480 s
733 2423 828 2505 (le
837 2423 934 2504 nnn.)
949 2425 1075 2488 Accedit
1086 2447 1138 2488 au-

85 2533 170 2608 genta
183 2531 250 2596 huic
263 2531 429 2617 superbiae,
451 2534 531 2614 quod
551 2544 582 2595 et
602 2553 694 2616 super
714 2532 889 2606 hominem,
904 2546 934 2594 et
952 2532 1046 2594 nimia
1060 2553 1138 2614 que-

85 2636 142 2700 dam
158 2639 287 2720 jactant:
306 2669 323 2694 α
341 2637 415 2702 Sine
431 2639 590 2706 affectibus
612 2661 677 2702 esse
694 2663 701 2699 =
720 2639 864 2723 injuriam
881 2661 944 2701 non
969 2639 1107 2724 accipere
1126 2663 1135 2698 ε

87 2744 148 2805 scire
160 2747 279 2824 omnia,
295 2767 359 2808 non
376 2747 495 2831 opinari
510 2774 525 2802 n
543 2770 550 2808 ε
564 2761 595 2809 et
608 2746 715 2831 plura,
736 2768 801 2827 que
824 2747 1036 2808 Purudoronrm
1051 2746 1138 2808 titulo

86 2851 271 2929 pumibunt.
291 2837 441 2935 Denique'
457 2867 486 2916 et
507 2853 665 2916 austeritas
684 2856 837 2935 quaedam,
861 2853 910 2916 rel
930 2853 1030 2937 potius
1051 2873 1140 2917 acer-

86 2953 166 3034 bitas,
180 2980 198 3021 e
213 2960 364 3044 dogmatis
378 2981 485 3022 eorum
498 2959 612 3024 innasci
628 2959 738 3021 animis
752 2959 830 3022 solet
844 2983 852 3018 ε
865 2956 1008 3023 Ciceroni
1021 2979 1140 3040 quoque

84 3075 219 3142 notattnn,
235 3066 289 3147 qui
302 3064 376 3128 alibi
390 3066 433 3127 ait
449 3091 465 3118 e«
482 3064 595 3128 Asotos
609 3086 644 3128 er
658 3065 823 3149 Aristippi,
840 3064 968 3128 acerbos
980 3087 996 3128 e
1009 3065 1140 3126 Zenonis

86 3166 173 3229 schola
187 3171 279 3233 exire.
296 3199 313 3226 κ
330 3173 397 3250 (De
412 3169 484 3234 Nat.
497 3168 619 3250 Deor.)
633 3172 757 3254 Itaque,
779 3186 814 3233 nt
834 3171 1030 3247 concludam,
1047 3172 1141 3235 nimia

85 3274 172 3336 onnia
189 3277 219 3338 iu
241 3277 303 3342 bac
327 3291 414 3360 parte
432 3276 592 3353 videntur,
618 3291 649 3340 et
665 3291 777 3361 praeter
796 3291 919 3341 mteros
943 3297 1049 3361 sapere
1069 3280 1141 3338 dum

85 3381 257 3462 studuerunt,
271 3405 290 3446 a
305 3403 397 3459 vera,
414 3382 447 3448 id
460 3397 505 3446 est
518 3385 676 3462 modesta,
692 3381 846 3467 Sapientia
866 3381 1020 3448 excidisse.
1037 3381 1142 3448 Placet

86 3499 169 3550 auem
183 3489 258 3554 illud
271 3487 431 3573 Euripidis
448 3514 456 3551 s

271 3651 415 3672 ..n-...s
427 3619 571 3687 doslspdud'
583 3621 683 3688 ἀζήμιον

262 3709 362 3778 l'seipns
373 3711 413 3778 pir
424 3705 486 3786 alsus
494 3719 542 3772 τοῖς
556 3720 637 3778 σοφοῖς
648 3714 699 3766 lr'ns
710 3709 792 3778 copis·

269 3835 413 3852 .........
426 3801 529 3854 nnnrel
541 3799 590 3854 boc
603 3813 768 3864 nomvaeat,

266 3890 298 3942 si
309 3909 381 3943 urens
391 3891 457 3943 inest
467 3889 622 3965 sapientibus
633 3889 732 3962 sapiens
745 3889 829 3942 nimis.

88 3999 172 4070 Placet
184 4022 215 4070 ct
233 4007 296 4072 hoc
316 4005 499 4070 Tertulliani
519 4030 527 4065 ι
548 4035 563 4061 ιι
581 4005 729 4069 Nostram
741 3987 1008 4068 institutionemde
1024 4003 1145 4068 Porticu

88 4106 241 4178 Salomonis
257 4136 338 4178 esse.
355 4141 371 4168 s
387 4111 568 4197 (Praescript.
578 4115 695 4176 advers.
706 4110 837 4189 Haeret.)
850 4111 893 4174 Ut
905 4126 955 4174 tua
971 4113 1028 4174 hae
1038 4109 1145 4174 Chris·

88 4218 161 4284 lituis
173 4225 299 4307 quidem
311 4243 374 4286 non
392 4223 431 4284 sit
444 4243 529 4306 opus.
542 4219 617 4303 Quo
630 4221 713 4297 risa,
735 4221 815 4284 dixi:
828 4221 853 4284 si
869 4221 941 4302 quid
958 4219 1081 4282 liberius
1095 4232 1147 4282 aut

90 4323 197 4394 l<trttssc
216 4331 349 4406 vanius,
369 4328 428 4393 boe
447 4328 570 4404 refelle,
592 4328 667 4392 illud
685 4328 818 4412 ignosce.
