2886 4958
440 509 613 578 cnrur
637 509 744 577 mv.
1062 512 1125 602 451

80 642 120 711 ad
136 665 206 710 rem
219 641 399 734 pertineat,
421 638 513 730 quod
522 639 677 708 Valerius
687 639 853 709 Corvinus
872 649 881 686 ¹
899 641 1028 732 primus
1041 645 1132 714 Mes·

80 781 188 826 sanam
200 757 296 840 vicit,
309 771 343 824 et
351 756 481 849 primus
490 755 661 822 exfamilia
674 755 898 838 Valeriorum,
913 756 1010 828 urbia
1025 774 1131 854 captae

79 873 112 938 in
124 896 158 940 se
177 871 337 939 translato
351 871 487 940 nomine
501 873 656 938 Messana
666 869 853 963 appellatus
866 885 928 954 est,
949 873 1131 965 paulatim-

79 1011 140 1078 que
156 988 258 1080 vulgo
280 1001 493 1080 permutante
512 985 661 1068 litteras,
688 983 831 1052 Messala
850 981 972 1054 dictus.
992 987 1081 1056 Num
1096 1003 1133 1056 et

77 1099 137 1169 hoc
144 1125 348 1194 quemquam
357 1125 477 1169 curare
487 1101 681 1193 permittas,
702 1098 794 1192 quod
806 1100 936 1192 primus
948 1103 989 1168 L.
1007 1101 1101 1171 Sulla
1115 1107 1130 1138 ¹

76 1217 109 1282 in
119 1219 209 1286 circo
229 1217 345 1284 leones
358 1216 484 1284 solutos
502 1212 614 1298 dedit,
640 1238 745 1307 quum
758 1214 911 1307 alioquin
926 1215 1055 1310 alligati
1068 1215 1129 1285 da-

77 1349 202 1417 rentur,
223 1331 267 1401 ad
280 1331 507 1402 conficiendos
522 1355 579 1400 eos
595 1331 704 1400 missis
722 1355 742 1398 a
762 1355 844 1424 rege
860 1335 991 1402 Boccho
1004 1334 1131 1427 jacula-

77 1444 233 1518 toribus?
256 1463 290 1516 et
317 1447 383 1514 hoc
404 1469 485 1514 sane
514 1443 716 1512 remittatur.
739 1439 855 1512 Num³
881 1460 916 1512 et
933 1447 1129 1540 Pompeium
1153 1450 1170 1504 6

74 1561 218 1652 primum
247 1561 284 1628 in
300 1563 400 1629 *circo
432 1559 689 1653 elephantorum
716 1557 949 1653 duodeviginti
981 1586 1129 1656 pugnarn

75 1673 239 1760 edidisse,
259 1677 444 1745 commissis
467 1697 560 1742 more
583 1673 693 1768 praelii
713 1675 821 1742 noxiis
847 1675 1064 1760 hominibus,
1084 1675 1130 1746 ad

74 1789 172 1858 ullam
189 1815 262 1858 rem
280 1791 402 1859 bonam
418 1790 567 1882 pertinet
583 1790 599 1856 l
614 1789 777 1881 Princeps
794 1789 958 1873 civitatis,
981 1805 1016 1859 et
1039 1791 1129 1860 inter

73 1904 226 1996 antiquos
241 1906 434 1998 principes,
455 1918 494 1970 nt
513 1903 600 1972 fama
613 1900 775 1988 tradidit,
803 1901 961 1973 bonitatis
976 1905 1126 1990 eximia,

75 2021 290 2089 memorabile
307 2022 437 2114 putavit
446 2017 629 2113 spectaculi
644 2041 764 2111 genus,
782 2041 868 2088 novo
881 2042 973 2088 more
982 2019 1130 2114 perdere

72 2132 232 2204 homines.
261 2137 467 2228 Depugnant
482 2135 498 2202 Ρ
512 2157 633 2226 parum
656 2148 725 2218 est,
745 2132 960 2204 lancinantur
976 2136 992 2204 l
1006 2161 1128 2231 parum

73 2265 144 2316 est:
166 2250 298 2344 ingenti
325 2249 412 2316 mole
436 2249 632 2316 animalium
648 2263 851 2317 exteruntur
870 2243 897 2317 ⁴.
921 2251 1031 2320 Satius
1054 2268 1128 2322 erat

72 2365 130 2434 ista
145 2367 182 2435 in
197 2366 400 2435 oblivionem
412 2365 475 2449 ire,
492 2387 535 2432 ne
552 2365 629 2456 quis
642 2379 757 2455 postea
772 2381 891 2458 potens
902 2365 1059 2451 disceret,
1076 2370 1126 2439 in·

70 2479 266 2575 videretque
276 2484 326 2550 rei
338 2482 475 2548 minime
489 2479 672 2547 humanae.¹
715 2511 720 2520 ·

114 2599 209 2668 xrv.
230 2599 262 2668 0
285 2614 449 2689 quanam
468 2593 624 2688 caliginis
643 2577 811 2666 mannan.
828 2597 985 2669 numni.
1006 2601 1125 2695 objicit

70 2735 189 2806 magna
209 2707 373 2780 felicitas!
392 2711 453 2778 llle
471 2732 508 2777 se
526 2732 629 2802 supra
647 2731 762 2777 rerum
778 2725 933 2780 naturam
951 2737 1024 2783 esse
1042 2731 1125 2788 tunc

69 2826 232 2912 credidit,
263 2815 368 2920 quum
395 2841 443 2893 tot
463 2823 860 2906 miserorumhominum
882 2844 1032 2900 catervas
1059 2833 1123 2902 sub

67 2939 130 3008 alio
147 2941 230 3010 caelo
246 2942 334 3008 natis
351 2938 473 3008 belluis
487 2937 670 3030 objiceret3
689 2965 793 3031 quum
807 2941 934 3011 bellum
950 2945 1123 3018 intertum

68 3053 213 3150 disparia
231 3055 388 3124 animalia
407 3052 646 3139 committeret,
674 3080 779 3146 quum
797 3059 833 3125 in
858 3075 1039 3153 conspectu
1060 3086 1122 3155 po-

67 3175 134 3266 puli
153 3175 298 3244 Romani
316 3172 458 3239 multum
479 3170 653 3262 sanguinis
673 3171 852 3256 funderet,
875 3199 951 3244 mox
971 3178 1048 3270 plus
1064 3180 1120 3272 ip-

66 3312 134 3356 sum
155 3288 299 3359 sundere
325 3301 500 3355 coacturus
519 3275 544 3350 ⁵.
573 3285 618 3352 At
638 3284 727 3355 idem
755 3306 870 3383 postea
892 3291 1120 3364 Alexandrina

96 3502 117 3535 ι.
132 3485 255 3537 Valerius
275 3483 406 3535 Corvinus.
424 3479 564 3533 &ninum
646 3478 855 3542 4.Eaeterantur.
879 3483 993 3538 Gronov.
1014 3484 1118 3538 dedita

65 3557 129 3613 hune
144 3558 294 3634 appellando
312 3570 376 3612 errat
391 3569 483 3610 noster.
494 3554 564 3608 Fasti
612 3553 691 3606 MSS.
705 3559 806 3610 Antea.
825 3559 999 3615 obterantur-s.
1008 3572 1118 3617 waru-

65 3635 217 3712 Capitnliul:
226 3637 263 3690 M
272 3634 482 3700 valerianum
487 3635 525 3686 M.
531 3635 564 3686 N
596 3642 711 3718 ,mum

64 3715 202 3778 Maximus,
220 3715 264 3786 qui
279 3715 306 3768 in
321 3713 371 3766 hoc
386 3713 484 3766 honora
498 3711 564 3764 Mes·
596 3691 717 3764 xlv.
727 3714 795 3767 Atta.
812 3715 886 3769 l’er
861 3717 940 3786 grtin
955 3717 1115 3772 reducendis

62 3791 254 3867 aalaappallatua
265 3801 314 3855 eat,
327 3791 398 3843 ltu
409 3790 440 3842 C.
449 3792 505 3856 590.
515 3789 566 3840 lla·
615 3788 868 3844 Grammaticorum'
860 3795 966 3868 rneptiia.
985 3796 1051 3848 'l'um
1073 3813 1115 3848 ana

63 3868 121 3938 petit
132 3887 234 3940 quoqne
248 3827 393 3921 Macinbiua
408 3865 533 3920 saturnal
544 3866 566 3929 l,
613 3867 680 3921 solos
689 3887 804 3922 crunnum
812 3870 905 3924 otrnana
916 3891 968 3924 asse
980 3871 1054 3926 docet
1054 3873 1115 3944 ,qui

62 3945 95 3996 Vl
98 3947 209 4018 ,pffnad
221 3945 279 4020 Bip.
289 3946 348 3998 T.1.
614 3945 741 4019 sapientise
753 3959 848 3998 vacent.
1066 3979 1069 3990 ι

92 3983 255 4078 η’..ΗνΙὶα
270 4021 338 4076 Plin.
346 4023 380 4075 N.
389 4022 507 4087 llVlll,
525 4042 566 4075 au·
648 4023 775 4077 5...le
777 4035 939 4079 Nonarum
928 4027 1115 4100 ,imamoapn-

61 4097 114 4170 Rip.
126 4098 196 4152 idern
205 4119 306 4154 nauare
316 4099 423 4153 videtur.
611 4102 715 4177 pulum'
707 4119 789 4175 ipsum
800 4103 828 4156 in
840 4117 942 4158 eruenta
952 4105 1017 4158 bella
1029 4114 1114 4158 metu·

92 4175 115 4228 3
127 4177 201 4230 Num
212 4191 237 4232 et
246 4179 408 4247 Pompeium
424 4179 491 4232 Ptin
504 4179 562 4231 Nat
611 4199 660 4231 rus
678 4179 715 4230 Ea
737 4179 889 4252 argutiarum
910 4181 1047 4254 captaticna
1064 4177 1114 4236 liet

59 4251 121 4307 lita
132 4255 247 4324 vul„
259 4255 397 4310 confirmat.
612 4257 770 4312 enuntiatum
784 4269 921 4313 antumant.
