2894 4954
331 428 397 494 306
485 423 554 492 DE
580 423 1065 514 TRANQUILLITATE
1089 428 1247 496 ANIMI

333 583 349 618 »
370 579 438 650 que
456 570 573 624 censet
587 559 617 620 ¹:
638 553 699 623 sed
715 556 775 646 qui
790 555 1004 645 juventutem
1021 558 1239 640 exhortatur,
1272 559 1333 652 qui
1359 559 1389 622 in

332 699 348 734 s
372 687 464 740 tento
480 672 644 742 meorum
664 687 910 763 preceptorum
938 674 1071 766 inopis,
1104 676 1230 743 virmte
1258 675 1392 742 iustruit

331 817 348 854 s
368 791 517 868 animos,
542 789 602 879 qui
625 785 670 856 ad
694 788 873 880 pecuniam
889 787 1123 882 luxuriamque
1142 814 1243 858 cursu
1256 807 1391 858 ruentes

331 933 347 968 e
369 919 509 998 prenset
532 929 572 972 ac
593 903 756 984 retrahit,
777 917 811 969 et
825 905 853 970 si
867 903 954 971 nihil
966 904 1096 983 eliud²,
1117 923 1210 974 certe
1223 923 1387 980 moratur,

331 1021 405 1088 sin
436 1019 568 1110 privato
598 1016 771 1111 publicum
805 1019 978 1109 negotium
997 1019 1069 1111 egit
1085 1011 1110 1086 ³.
1146 1019 1200 1086 An
1231 1018 1291 1088 illc
1318 1020 1390 1111 plns

330 1153 522 1231 »praestot,
545 1141 604 1230 qui
629 1140 719 1206 intcr
740 1139 940 1229 peregrinos
965 1152 1002 1204 ot
1023 1139 1136 1218 cives,
1162 1155 1222 1206 sut
1242 1139 1389 1206 urbanus

330 1285 345 1320 n
368 1251 526 1349 prsetor⁴
554 1254 759 1324 adeuntibus
789 1246 996 1324 assessoris⁵
1029 1255 1133 1323 verbu
1165 1258 1385 1348 pronuntiat,

330 1401 345 1434 e
368 1395 467 1464 qusm
479 1374 539 1463 qui
556 1371 654 1438 docet
664 1367 677 1406 ⁶
688 1369 773 1462 quid
785 1369 988 1460 sitjustitis,
1003 1369 1089 1460 quid
1101 1371 1209 1462 pietas
1219 1423 1228 1450 ,
1240 1370 1326 1463 quid
1340 1397 1390 1464 ps·

330 1513 346 1550 e
368 1487 503 1566 tientie,
525 1484 610 1577 quid
621 1481 782 1552 fortitudo
798 1533 808 1566 ,
824 1482 908 1576 quid
923 1485 1041 1551 mortis
1054 1501 1291 1578 contemptus,
1312 1485 1388 1577 quid

330 1629 346 1664 e
369 1603 516 1669 Deorum
537 1599 748 1679 intellectus,
770 1621 870 1690 quom
895 1600 1077 1692 gratuitum
1100 1600 1225 1670 bonum
1247 1604 1292 1670 sit
1307 1602 1388 1670 bons

332 1743 347 1778 s
368 1714 604 1782 conscientie?
624 1713 714 1804 Ergo
728 1713 755 1778 si
773 1727 903 1804 tempus
920 1714 955 1780 in
973 1713 1083 1782 studia
1097 1716 1279 1800 conferas,
1300 1715 1387 1808 quod

331 1857 346 1892 n
368 1825 569 1896 subduxeris
594 1825 735 1906 officiis,
757 1849 823 1892 non
852 1824 1082 1910 decerneret,
1108 1853 1171 1896 nec
1189 1855 1315 1898 munus
1332 1830 1387 1900 de-

362 2039 382 2072 ι.
391 2017 433 2070 Dc
441 2037 506 2086 pace
523 2019 638 2086 belloproe
648 2027 737 2070 oemu-
750 2015 833 2068 Tem·
914 2015 938 2079 4.
946 2017 1077 2070 lutere...-
1085 2029 1190 2086 prester.
1201 2019 1324 2074 Primum
1331 2039 1388 2088 pre·

326 2107 552 2166 quemscnetnres,
567 2093 656 2162 quibus
667 2092 730 2144 belli
740 2105 766 2144 et
784 2110 833 2162 pe-
882 2103 961 2144 torem
983 2093 1125 2157 urltsnunt,
1148 2095 1195 2164 qui
1213 2097 1307 2152 Rome
1331 2099 1388 2150 ieter
1413 2118 1423 2146 s

326 2171 361 2226 cis
373 2171 529 2225 stloederum
540 2170 604 2222 rosio
614 2170 777 2222 referebatur.
883 2169 949 2222 circs
960 2170 997 2240 jus
1008 2170 1101 2230 diceret
1110 2172 1388 2247 snu-U.C.398;pere

359 2269 380 2304 s.
394 2250 470 2302 Nihil
475 2251 558 2302 aliud.
572 2247 613 2300 Sc.
623 2246 736 2320 prolicit,
749 2247 808 2321 egit.
882 2246 984 2317 grinum
995 2267 1071 2312 vero,
1083 2247 1126 2318 qui
1139 2249 1309 2304 multitudine
1320 2271 1389 2324 pere-

359 2330 382 2382 3.
399 2327 456 2398 Qui
463 2335 617 2394 iuventutem
627 2327 832 2380 exhortatur...„.
882 2323 1014 2396 griseorum
1019 2322 1139 2380 inllusnte
1149 2327 1277 2382 inurbem
1285 2330 1391 2401 judiee-

324 2410 452 2474 negutium
472 2407 535 2472 agit.
558 2403 611 2469 Qui
628 2403 736 2474 privatus
753 2404 832 2456 otium
882 2402 1389 2478 rotintercivcsctpcregriuos‚creetnm

324 2502 397 2536 suum
406 2479 575 2534 talibusrcltus
588 2479 757 2551 impenderet,
769 2481 832 2534 odeo
882 2495 1008 2530 &scanno
1017 2480 1049 2530 U.
1058 2480 1152 2547 (2510,
1162 2493 1198 2532 est
1207 2497 1327 2536 resnote.
1334 2483 1388 2534 Plu·

325 2579 378 2614 non
391 2559 466 2612 otisri
478 2559 633 2622 crederetur,
645 2569 834 2610 utcontrsom-
883 2573 910 2606 n
929 2554 1001 2608 dabis
1022 2555 1139 2620 Guasso,
1158 2558 1306 2614 Diversae
1325 2561 1390 2612 desta

325 2637 396 2690 nium
408 2636 572 2690 consensione
584 2634 786 2707 occupatissimus
796 2634 834 2688 vir
883 2633 1030 2686 Academia
1041 2635 1071 2686 di
1090 2635 1219 2699 Cortorm,
1243 2639 1276 2690 Τ.
1285 2640 1321 2688 V.
1341 2638 1392 2689 Sul>

325 2713 462 2766 incivitate
475 2725 498 2766 st
512 2713 662 2769 utilissimus
678 2711 833 2768 clemarcttu.
884 2707 1026 2764 Cesaribus
1036 2725 1119 2764 tamen
1140 2716 1256 2784 presens
1267 2717 1392 2790 peregrini

326 2791 520 2860 Scdltocqusm
530 2789 835 2863 prociplrilosoplrierer·
883 2787 1030 2842 munoribus
1064 2792 1163 2846 iunctm
1191 2806 1236 2846 est
1264 2799 1393 2867 prefectus

325 2867 434 2920 esbunt!
451 2868 581 2919 Socratem
594 2865 677 2918 solum
690 2883 748 2918 eum
759 2865 835 2920 luisse
883 2865 947 2918 Urbi
961 2884 976 2917 s
989 2865 1107 2939 Principe
1125 2881 1232 2922 cresum

324 2963 395 3010 reor,
408 2944 452 3014 qui
460 2944 511 2998 hoc
524 2943 657 2996 sacerdotii
669 2963 748 3016 genus
761 2961 835 2996 usn-
917 2947 940 2996 5.
953 2942 1113 3000 Assersoris.
1128 2946 1226 3018 Cujus,
1239 2951 1338 3020 utjm's
1347 2971 1395 3024 pe-

325 3021 770 3093 meret,etjuvcututiscellidissimus
778 3040 834 3074 mo·
882 3019 941 3081 riti,
959 3019 1073 3074 officium
1091 3035 1144 3076 eret
1165 3023 1243 3077 verbs
1262 3025 1393 3087 demedi,

325 3097 425 3150 deretor
433 3097 637 3170 etprobissimus,
650 3097 749 3170 ingenii
759 3097 833 3150 simul
883 3096 973 3166 quibus
983 3097 1118 3150 formulam
1129 3099 1190 3170 juris
1203 3103 1215 3166 (
1222 3103 1396 3155 droiedicitur

324 3187 399 3245 etque
420 3175 513 3228 indolis
531 3175 598 3226 male
620 3195 675 3227 non
696 3174 779 3227 solum
797 3193 834 3226 re·
883 3171 949 3244 apud
963 3185 1046 3238 nos),
1067 3177 1394 3253 euqnsdecsucapmpo-

325 3251 499 3324 prehendcrct,
508 3265 534 3309 ut
542 3251 657 3326 plurimi,
664 3252 708 3306 sed
715 3251 835 3306 smcnds-
872 3249 929 3310 ‚sits
939 3249 1065 3321 etjndicse
1076 3263 1100 3304 et
1111 3253 1198 3308 arbitri
1208 3260 1395 3328 epmrcdeti

326 3340 370 3382 ret.
382 3329 550 3400 Philosophus
562 3329 676 3388 Romani
695 3329 835 3402 adsperns-
884 3326 1063 3392 decernerent,
1075 3331 1236 3403 concepisset.

325 3407 433 3474 bantur,
445 3408 536 3477 quibus
548 3425 588 3460 ers
602 3419 654 3460 crat
669 3419 693 3460 ct
705 3407 834 3482 occupatio
916 3403 939 3456 6.
954 3401 1009 3474 Qui
1019 3405 1097 3460 doces.
1109 3406 1208 3479 lipsius
1222 3411 1332 3464 subcunt
1343 3413 1396 3465 hac

327 3485 401 3538 unica
421 3484 591 3558 philosophari
602 3507 608 3547 ;
630 3485 671 3538 hic
681 3485 751 3540 enisu
763 3484 834 3538 labor
883 3483 934 3536 duo
944 3483 1020 3536 verbs
1031 3485 1149 3538 omnibus
1157 3485 1244 3550 libris,
1258 3499 1347 3542 umen
1356 3511 1397 3560 ep

325 3561 378 3614 otio
393 3560 501 3613 nimium
513 3562 621 3614 similis:
632 3561 832 3632 sedquimorurn
883 3573 907 3612 ts
928 3573 952 3612 ct
975 3561 1091 3614 tenenda.
1114 3563 1218 3616 llctinni
1229 3587 1234 3616 a
1245 3581 1307 3618 suut
1321 3570 1396 3620 euim

326 3637 491 3702 emendator,
507 3657 560 3690 non
571 3637 738 3692 abstrusorum
750 3658 832 3692 rerum
882 3637 949 3712 spud
961 3639 1058 3690 Erasm
1072 3641 1132 3693 Mox
1151 3660 1235 3707 quam
1242 3651 1397 3712 gremium

326 3715 408 3768 innuis
421 3715 568 3786 indagator,
578 3715 614 3768 sic
622 3716 833 3770 retruissctsvi-
880 3717 975 3768 bonum
984 3735 996 3767 c
1006 3717 1123 3772 Pincieui
1130 3731 1154 3770 et
1161 3719 1316 3790 quibusdem
1324 3724 1398 3776 Gru-

324 3793 366 3845 tiis
379 3793 514 3860 iuventutis
526 3793 662 3864 impetunt,
682 3805 706 3844 et
728 3792 832 3846 luxuria
880 3792 926 3844 teri
935 3792 1079 3848 coddbene
1086 3795 1179 3868 recepit
1187 3797 1397 3870 Lipsius-Autem

327 3883 351 3924 et
358 3891 435 3944 opum
449 3870 594 3943 cupidinem
605 3870 759 3937 sustulisset,
776 3869 833 3943 prl-
881 3877 1008 3941 quonium
1024 3873 1128 3928 mm.
1145 3875 1203 3928 Hoc
1216 3875 1317 3933 bonnm
1329 3880 1397 3933 ulmo

326 3961 397 4002 vatus
410 3967 511 4013 censor,
531 3947 574 4001 hic
594 3949 622 4000 iu
639 3948 769 4021 egentium
779 3965 833 4002 nu-
882 3961 906 4001 et
916 3951 1047 4003 voluntate
1057 3952 1109 4005 sols
1119 3965 1227 4024 peretur.

327 4043 424 4078 merum
444 4024 535 4078 relatus
558 4037 636 4089 esset,
648 4037 672 4078 et
688 4027 831 4080 auctoritetc
916 4047 937 4095 7.
950 4027 1011 4082 Non
1026 4031 1175 4084 donareris.
1191 4031 1339 4088 Selom
1351 4033 1400 4084 da·

326 4100 401 4153 etiem
421 4098 488 4174 apud
507 4101 605 4174 plebem
624 4114 734 4173 tegetem
750 4103 831 4174 pluri-
881 4117 961 4156 turns
976 4105 1045 4167 Deo,
1059 4106 1101 4158 vel
1110 4107 1327 4180 'liempublioeen
1349 4112 1398 4164 ses

326 4178 531 4232 mumvsluisset.
587 4225 589 4232 .
882 4183 959 4254 Llpsii
972 4184 1048 4238 codex
1060 4185 1179 4239 intulerat
1192 4187 1347 4261 expuentive
1360 4203 1390 4242 tr.
