2886 4958
410 523 586 608 canor
609 523 727 594 x111.
1039 526 1106 618 ³79

40 675 164 728 tantem
181 657 317 726 silentio
330 679 372 724 ae
388 629 486 723 vultu
503 655 678 748 arroganti
690 654 886 742 transierim
907 653 971 722 soit
984 669 1106 724 stanam
1164 645 1165 652 ἵ

39 776 113 867 ejus
135 797 203 842 non
225 772 332 866 magis
354 770 484 840 babere
511 769 698 864 quidquam
725 768 973 854 inridendum,
1002 793 1106 862 quam

39 891 114 983 ejus
134 891 188 958 cui
207 891 244 957 in
260 911 382 983 magne
400 888 545 957 semilitt'
574 911 656 957 curn
674 887 798 982 obtigit
819 913 930 984 aegros
950 891 1105 958 mannos-

38 1030 107 1098 que
123 1028 347 1099 compescere.
368 1007 457 1073 Num
473 1002 616 1072 moleste
638 1005 766 1089 leram,
785 1005 814 1073 si
833 1005 918 1074 mihi
939 1029 1008 1074 non
1025 1001 1107 1072 red·
1172 1057 1175 1065 ,

38 1121 165 1190 diderit
172 1125 320 1189 nomen²
334 1119 458 1212 aliquis
473 1143 512 1188 ex
521 1120 597 1202 bia,
610 1121 671 1212 qui
683 1119 727 1188 ad
742 1113 912 1190 Castoris³
928 1123 1103 1215 negotian-

38 1253 95 1304 tur
118 1258 264 1327 nequam
285 1235 456 1326 mancipia
479 1249 629 1302 ementes
655 1232 934 1327 vendentesque,
959 1259 1104 1327 quorum

37 1351 186 1420 tabernae
203 1351 426 1444 pessimorum
443 1371 618 1418 serrorum
631 1349 734 1418 turbe
746 1352 881 1420 referte
895 1351 997 1419 suut?
1010 1373 1101 1433 nou,

35 1481 200 1558 utputo:
219 1463 303 1558 quid
324 1466 415 1534 enim
434 1466 464 1533 is
484 1464 565 1532 boni
590 1463 716 1548 babet,
742 1465 805 1534 sub
824 1490 892 1558 qno
915 1489 1016 1534 nemo
1038 1465 1105 1533 uisi

36 1583 145 1651 malus
160 1599 212 1652 est
225 1583 240 1650 Ρ
254 1585 345 1678 Ergo
364 1597 403 1650 ut
421 1581 524 1675 hujus
542 1582 787 1653 humanitatem
805 1583 1106 1652 inhumanitatem·
1129 1589 1145 1639 5

36 1720 105 1790 que
116 1697 280 1790 negligit,
294 1697 342 1764 ita
356 1711 391 1764 et
403 1697 507 1789 regis.
521 1689 655 1764 Habes⁴
667 1694 731 1764 sub
743 1711 776 1764 te
784 1695 948 1779 Parthos,
962 1694 1102 1778 Medos,

36 1829 71 1882 et
84 1813 277 1881 Bactrianos
294 1838 303 1878 ε
319 1810 381 1881 sed
394 1835 480 1904 quoa
492 1826 586 1880 metu
601 1811 776 1896 contines,
794 1812 856 1882 sed
867 1827 1009 1906 propter
1020 1837 1106 1904 qnos

36 1930 211 1998 remittere
229 1921 368 1998 ιιοιιιιι5
384 1929 448 1998 tibi
461 1951 531 1996 non
548 1928 713 2022 contigit,
737 1929 798 1998 sed
815 1945 1024 2024 postremos,
1045 1928 1107 1998 sed

35 2044 194 2126 venales,
209 2043 270 2112 aed
279 2067 404 2112 novam
417 2058 625 2136 aucupantes
634 2041 821 2113 dominium
832 2039 859 2114 ⁶.
876 2044 1010 2113 Nullius
1023 2068 1106 2138 ergo
1134 2056 1152 2108 5

36 2160 229 2230 movebitur
245 2160 451 2229 contumelia
473 2186 481 2226 :
503 2183 619 2229 omnes
636 2162 729 2230 euim
749 2162 896 2230 interae
915 2160 1104 2230 differunt:

37 2281 174 2374 sapiens
186 2277 323 2371 quidem
335 2299 435 2371 pares
443 2276 541 2357 illos,
556 2277 600 2346 ob
609 2279 773 2371 aequalem
782 2278 958 2348 stultitiam
970 2329 980 2362 ,
991 2303 1108 2348 omnes

37 2409 149 2488 punt.
177 2393 297 2466 Iamsi
319 2390 424 2460 semel
442 2413 478 2458 se
496 2389 664 2460 dimiserit
678 2417 741 2476 eo,
762 2408 801 2462 ut
819 2409 878 2462 aut
894 2393 1022 2485 injuria
1036 2417 1109 2460 mo-

36 2525 179 2590 veatur,
197 2521 257 2575 aut
274 2505 501 2587 oontumelia3
522 2530 591 2574 nou
609 2507 736 2602 poterit
753 2531 903 2599 uuquam
921 2529 994 2574 esse
1013 2530 1111 2575 secu-

36 2650 96 2712 rus
111 2652 121 2692 ι
139 2625 303 2694 seourites
316 2638 429 2694 autem
446 2624 623 2717 proprium
641 2623 769 2693 bonum
784 2625 946 2717 sapientis
959 2637 1023 2692 est.
1038 2627 1110 2694 Nec

35 2818 114 2869 Pena
122 2813 236 2887 quadam
247 2815 329 2882 (ann.
339 2826 399 2868 ante
413 2813 473 2867 Cbr.
485 2814 550 2883 256)
598 2815 721 2868 daudiave
728 2815 762 2868 ad
771 2815 880 2870 Castoris
888 2816 964 2870 edes.
970 2816 1023 2870 Sed
1029 2837 1110 2889 quum

35 2893 183 2947 conditui.
193 2891 260 2946 Plin.
269 2893 303 2945 il.
314 2893 348 2945 ll.
359 2891 403 2945 lib.
413 2891 497 2956 vhe
509 2911 550 2966 aq.
598 2893 641 2947 hie
657 2895 688 2948 da
699 2893 754 2969 ipaa
770 2893 832 2948 urbe
843 2913 927 2948 sermo
945 2894 993 2962 ait,
1011 2895 1111 2950 diversa

34 2999 68 3014 -
81 2973 224 3026 Attalum
242 2975 325 3026 Asia.
337 2971 398 3026 Fuit
407 2971 490 3045 primo
506 2993 551 3026 uo·
598 2973 674 3026 lectio
684 2975 725 3026 ad
734 2984 823 3026 oestro
834 2992 891 3044 qne
900 2991 1111 3046 mangonetquo-

35 3073 98 3106 meat
111 3070 207 3124 regum
218 3051 353 3124 Pergami,
367 3071 476 3122 quornm
486 3052 552 3104 ulti-
599 3071 648 3122 qna
660 3064 757 3105 temtos
769 3071 822 3104 asae
832 3063 944 3116 cenent,
956 3070 1010 3104 non
1018 3053 1111 3106 admit-

34 3149 109 3196 mus,
122 3128 223 3182 Attalns
241 3128 551 3194 Pbibmetor,liomauoa
599 3127 995 3182 testamentariam
1014 3129 1041 3181 in
1054 3130 1110 3182 foro

34 3207 154 3262 heredes
162 3207 236 3280 regni
245 3207 286 3260 aui
296 3207 399 3278 reliquit
408 3226 469 3260 auu.
480 3207 551 3260 ttc.
600 3207 717 3261 Romano
728 3207 810 3280 ,juxta
825 3227 905 3279 quaa,
917 3220 945 3260 ut
955 3227 984 3259 es
995 3206 1045 3262 boe
1054 3209 1111 3262 loco

34 3291 96 3342 tias.
106 3287 551 3362 Freinshemsupptemtieux,
600 3286 732 3347 diminui,
752 3285 864 3341 taberne
880 3285 1010 3338 venalium
1024 3305 1112 3340 aereo-

37 3389 77 3420 ιι.
99 3366 206 3419 Deinde
223 3386 294 3440 rages
311 3365 416 3419 ditiores
427 3365 494 3419 Asia
503 3359 554 3418 mi·¹
600 3382 657 3414 rum
670 3365 755 3428 luere,
767 3363 795 3416 in
808 3363 898 3434 quibos
910 3383 1050 3436 mangones
1058 3382 1113 3416 ser-

34 3443 128 3507 noria,
141 3441 553 3516 fotwoepmlectiquequelio·
601 3459 646 3493 vos
665 3441 783 3496 emebant
801 3441 1000 3512 vendebantque.
1025 3441 1112 3494 Caete-

34 3520 111 3573 mani
127 3539 161 3573 ea
181 3519 239 3573 baia
256 3520 361 3573 reduces
372 3533 397 3573 et
414 3519 435 3572 ii
452 3519 554 3573 ditiores
601 3538 658 3571 rum
669 3531 744 3573 notua
761 3521 874 3594 apprime
887 3533 924 3574 eat
940 3518 1112 3573 Hellenismus

35 3601 107 3662 (ut,
126 3619 169 3673 ap.
182 3597 279 3670 Angloa
296 3597 450 3662 hodiernos,
464 3598 509 3669 qui
524 3617 554 3650 ea
601 3597 749 3672 perelegans
762 3602 802 3651 od
814 3599 941 3652 Castoris.

34 3679 113 3732 ludia
136 3678 258 3732 orientali
277 3679 374 3732 divitiis
397 3679 554 3732 abundantes
625 3679 908 3752 illabeatllangouem
916 3699 1015 3752 nempe,
1026 3695 1113 3748 quam·

34 3756 137 3810 reversi
164 3769 240 3820 suut,
265 3757 378 3810 Nadab:
401 3756 507 3810 audiunt
525 3759 555 3824 ),
602 3755 640 3808 vis
652 3775 706 3809 non
718 3757 766 3810 boc
783 3757 841 3810 loeo
857 3775 968 3830 expresse
984 3754 1113 3814 nominat,

36 3834 120 3886 Attali
133 3833 198 3888 dieti
208 3847 275 3888 aunt.
602 3833 740 3904 alloquitur
749 3846 774 3886 et
783 3833 858 3888 dicit:
867 3835 967 3900 Habes,
978 3855 994 3886 o
1006 3851 1112 3906 mango,

72 3930 96 3963 a.
116 3911 252 3964 Familia.
264 3913 412 3965 Servorum.
602 3911 649 3964 tub
666 3924 690 3964 te
701 3931 786 3965 servos
802 3911 957 3965 diversarum
971 3911 1112 3964 nationum.

69 4009 96 4040 a.
104 3989 555 4057 &wmmmtdoetntuo-
638 3993 661 4044 5.
672 3992 815 4044 Remr'ttm
828 4009 926 4043 orento.
938 3987 1114 4041 Proverbiali-

34 4065 474 4138 tionemreddiderittquumtameu
482 4089 557 4124 utau-
605 4081 643 4121 ter
654 4067 748 4122 dietum
769 4081 817 4133 est,
835 4068 866 4120 de
889 4066 992 4134 animo,
1013 4067 1042 4118 in
1058 4085 1112 4119 nm

34 4146 107 4215 ripis
118 4146 277 4219 pernomiua
286 4146 474 4217 quotidieeitet.
605 4145 717 4216 aliquam
729 4165 828 4221 temper
838 4145 942 4198 adverso
954 4181 961 4211 ‚
979 4143 1072 4197 defixo.

71 4223 162 4276 &Ad
180 4223 305 4277 adoria.
324 4224 472 4280 Eatunieus
486 4223 556 4279 loena
636 4224 663 4276 6.
674 4224 838 4278 Dasminium.
850 4225 950 4278 Groten
966 4237 991 4286 et
1000 4225 1113 4277 Gronov.

33 4303 85 4352 bae
100 4301 132 4354 in
142 4321 170 4355 re
183 4301 217 4356 de
229 4302 363 4376 mancipiis
374 4303 488 4360 amandis
496 4323 558 4356 veo·
607 4324 636 4356 ea
650 4302 709 4356 edd¹
720 4315 744 4356 et
756 4301 842 4356 maltis
861 4301 935 4356 codd.
947 4313 1111 4374 receperunt:
