2896 4958
226 495 292 564 tn
316 494 484 565 sTolc.
511 493 716 563 Pttltos.
744 491 837 561 LIB.
864 491 939 558 111.
992 491 1135 576 ccxxxiij

83 635 333 719 sapientibusque,
360 659 397 700 ex
417 635 520 700 officio
537 634 725 697 multimodis
748 635 932 705 conveniret
955 647 986 695 et
1007 645 1137 708 contra,

84 741 216 826 lmprobis
230 743 610 826 Stultisquemansionem,
623 741 742 804 etiamsi
754 761 909 823 nunquam
920 763 998 804 curae
1008 740 1140 802 habituri

78 851 130 912 sint
139 873 199 914 esse
218 849 390 933 Sapientes.
405 849 513 934 Neque
528 851 611 913 enim
625 851 674 912 vel
688 848 843 910 Virtutem
857 848 989 910 retinere
1005 847 1037 909 in
1052 846 1113 908 rita
1130 892 1138 920 ‚

82 956 120 1017 rel
131 957 275 1020 blalitiam
290 959 400 1042 ejicere
415 985 422 1030 ;
437 962 490 1021 sed
501 979 537 1020 ex
549 956 651 1021 officio
664 957 714 1020 vel
726 975 789 1018 non
800 955 920 1032 officio,
935 952 1141 1017 aestimandam

80 1064 348 1148 adjudicandamqoe
363 1085 429 1128 esse
448 1063 576 1142 Vitam,
591 1065 641 1126 vel
659 1063 807 1126 Mortem.
824 1091 840 1116 n
856 1061 916 1141 (ssln
933 1060 1060 1145 Eclog.)
1076 1059 1142 1122 Lux

80 1170 180 1244 tenuis,
197 1185 300 1236 tamen
323 1172 425 1254 aliqua
440 1197 447 1246 ;
472 1186 502 1234 ct
517 1172 638 1234 radium
653 1171 746 1234 etiam
762 1191 781 1233 a
796 1169 960 1233 Plutarcho
975 1171 1141 1242 addamus.

79 1277 122 1357 qui
139 1279 282 1358 mirabar,
304 1279 331 1341 si
350 1299 414 1342 non
433 1277 493 1342 boc
516 1291 623 1341 contra
642 1268 993 1345 CommunesNotiones
1013 1277 1141 1352 dictum,

81 1380 269 1462 «Hominem,
279 1385 328 1448 cui
341 1385 445 1448 omnia
454 1385 541 1448 Bona
553 1384 660 1461 adsint,
674 1385 783 1466 quique
795 1383 880 1446 nullo
892 1383 1022 1468 indigeat
1031 1385 1070 1445 ad
1080 1380 1140 1445 Fe-

77 1486 226 1568 limatam,
241 1491 312 1554 huic
326 1493 489 1555 convenire
503 1492 563 1553 vita
578 1492 751 1554 discedere:
767 1503 873 1553 contra
889 1503 992 1552 autem
1004 1535 1014 1568 ‚
1027 1489 1075 1552 cui
1086 1509 1143 1551 nec

77 1593 145 1657 Boni
154 1599 268 1680 aliquid
282 1611 346 1676 est,
361 1619 419 1662 nec
430 1599 509 1676 erit,
525 1598 629 1682 gravia
644 1610 747 1659 autem
762 1611 792 1658 et
808 1595 893 1658 Mala
905 1597 1007 1659 onmia
1020 1599 1142 1672 adsunt,

78 1714 102 1760 et
116 1705 148 1762 ad
163 1703 255 1765 finem
272 1707 417 1780 aderunt,
434 1703 504 1767 huic
518 1725 580 1766 uon
598 1704 762 1766 convenire
776 1703 918 1765 abdicare
935 1704 1062 1782 sevila,
1086 1705 1145 1766 nisi

76 1806 175 1890 aliquid
189 1809 426 1873 indifferentium
437 1811 466 1872 ei
479 1809 669 1872 interveniat.
685 1837 700 1864 a
717 1807 781 1888 (De
796 1807 961 1872 Commun.
974 1809 1062 1892 Not.)
1072 1811 1145 1873 Non

77 1925 131 1988 εει,
145 1911 357 1992 oPlutarebe‚
375 1929 479 1978 contra
491 1937 687 1978 communem
701 1935 843 1988 sensum,
859 1916 917 1980 nisi
933 1915 1075 1994 illorum,
1093 1917 1144 1999 qui

76 2016 131 2082 haec
143 2020 221 2084 iuter
234 2021 325 2084 Bona
339 2034 391 2084 aut
410 2020 496 2084 Mala
512 2021 635 2084 habent.
659 2020 758 2082 Nobis
780 2034 849 2082 sunt
864 2019 1093 2083 lndil'serentia:
1116 2037 1146 2085 et

76 2125 189 2206 pulchre
203 2127 402 2213 philosophus
413 2129 563 2213 quispiam
573 2149 665 2212 super
676 2127 742 2213 ipsa
755 2128 811 2192 hac
824 2149 858 2190 re
870 2129 1039 2205 disserens,
1052 2149 1144 2210 quum

77 2228 203 2296 blortem
213 2234 308 2296 talem
319 2235 442 2297 dixisset
455 2257 463 2294 :
484 2265 499 2290 a
511 2233 577 2300 Cur
591 2257 665 2319 ergo
676 2255 739 2297 non
749 2235 880 2297 moreris
891 2235 906 2296 i
921 2263 937 2290 n
949 2237 1051 2319 injecit
1062 2237 1148 2317 quis·

75 2337 166 2418 plenu
183 2354 273 2422 atque
287 2340 339 2404 ille
359 2355 501 2426 prompte
521 2363 528 2402 ι
546 2369 563 2396 α
583 2341 664 2422 Quia
679 2341 856 2404 indifferens
875 2355 931 2404 est.
949 2369 964 2396 n
982 2340 1143 2418 Omnino,

76 2464 129 2506 non
149 2448 252 2510 statim
272 2443 402 2531 Sapiens
415 2449 453 2510 ad
469 2467 538 2510 eam
555 2448 637 2510 venit
652 2447 807 2527 tristibus,
823 2449 935 2512 laetisre
956 2449 1047 2512 rebus
1067 2474 1074 2522 ;
1091 2452 1146 2512 sed

73 2547 210 2616 Officium
225 2554 256 2616 in
273 2553 400 2618 consilio
420 2553 524 2618 habet.
544 2553 643 2618 Decet
666 2577 717 2618 me
735 2555 858 2620 vivere?
881 2557 959 2618 vivo.
976 2555 1058 2617 Usus
1079 2557 1143 2619 est?

72 2659 147 2722 vivo.
159 2659 246 2722 Nihil
265 2659 398 2726 horum?
419 2681 480 2723 non
496 2662 578 2724 vivo.
592 2659 675 2724 Laeta
689 2683 739 2726 me
756 2662 972 2725 circumstant?
990 2663 1043 2724 scd
1065 2675 1147 2724 tem·

73 2781 216 2848 pestatem
237 2767 448 2832 imminentem
471 2769 559 2832 video
577 2793 585 2828 a
601 2789 656 2832 eur
669 2767 767 2830 seram
784 2770 862 2830 ultra
877 2767 951 2852 Spei
972 2783 1024 2831 aut
1042 2767 1145 2832 Metus

72 2874 193 2937 moras?
210 2901 227 2929 o
243 2873 336 2938 Illum
347 2875 457 2954 lauda,
481 2889 512 2938 et
525 2875 663 2953 imitare,
677 2876 719 2936 ait
732 2873 848 2938 Seneca
862 2921 871 2952 ,
884 2898 976 2957 quem
989 2897 1050 2938 non
1061 2877 1144 2960 piget

71 2981 146 3041 mori
159 3001 253 3062 quum
269 2981 353 3064 jurat
371 2982 484 3045 vivere.
502 3007 517 3038 ι
536 2978 662 3064 (Epist.
680 2980 766 3064 btv.)
789 2980 898 3063 Neque
916 3003 982 3044 rem
1002 3005 1145 3066 magnam

69 3083 177 3161 faciem
194 3091 339 3170 quamdiu
357 3103 402 3152 est
418 3091 497 3154 istud
512 3089 638 3153 vivere?
656 3089 767 3166 hodie,
790 3111 878 3166 cras,
895 3105 964 3174 post
984 3113 1143 3168 mensem,

69 3212 178 3256 annum
195 3193 347 3276 ejicieris,
361 3198 441 3259 unde
461 3217 523 3260 non
546 3196 629 3260 lubet
642 3197 736 3258 exire.
749 3195 798 3258 Ad
813 3217 962 3260 summam
975 3244 983 3274 ‚
1006 3197 1079 3260 Vita
1101 3213 1145 3260 est

68 3301 152 3381 qnasi
163 3303 313 3374 tunicula;
327 3304 456 3368 ncillam
467 3305 492 3366 si
507 3325 558 3368 me
569 3305 687 3387 stringit
695 3317 726 3367 et
736 3304 865 3368 molesta
877 3319 922 3368 est
934 3351 943 3382 ,
955 3306 1082 3387 abjicio;
1095 3321 1146 3368 aut
1167 3301 1171 3310 ’

68 3409 91 3468 si
107 3408 201 3470 etiarn
212 3409 355 3473 indecora
369 3423 434 3488 εει,
450 3431 528 3474 exuo
541 3434 549 3472 ι
562 3411 622 3474 tale
636 3412 667 3472 in
682 3409 738 3473 hac
752 3410 845 3472 animi
860 3425 953 3474 veste.
965 3411 1075 3494 Neque
1087 3414 1144 3475 soli

67 3512 160 3578 Stoici
174 3515 232 3578 ista
247 3537 255 3575 :
270 3513 378 3594 Plato,
394 3516 446 3598 qui
458 3516 648 3580 adversarius
662 3516 779 3578 validus
793 3531 930 3579 censetur
941 3565 950 3589 ‚
963 3516 1015 3579 ubi
1033 3519 1145 3602 judicio

66 3621 197 3682 maxime
212 3621 354 3698 disserit,
380 3622 455 3686 istuc
471 3622 536 3686 fere
553 3623 626 3684 abit.
644 3621 726 3683 luter
741 3622 823 3706 leges
837 3623 958 3706 optimae
972 3623 1051 3687 illius
1066 3625 1143 3708 reip.

66 3728 204 3790 esthaec:
219 3756 235 3783 a
252 3723 337 3810 Quid
348 3729 373 3792 si
389 3743 490 3794 aulem
505 3729 633 3812 aliquis,
654 3730 769 3811 inquit,
789 3730 921 3792 maxime
939 3732 1143 3815 propinquum

65 3847 92 3895 et
105 3833 292 3898 &militarem
305 3836 513 3900 interfecerit?
527 3837 559 3900 id
572 3851 627 3914 est,
640 3837 783 3920 seipsum.
801 3835 891 3900 Hunc
906 3838 1000 3900 talem
1014 3842 1143 3901 damna-

65 3961 151 4018 mus,
168 3955 200 4004 et
215 3941 340 4024 probris
359 3943 528 4020 allicimus,
548 3965 614 4025 quae
632 3957 796 4024 sequuntur
813 3967 821 4003 a
841 3943 866 4004 si
888 3957 990 4006 tamen
1013 3944 1140 4021 fecerit,

63 4068 162 4130 neque
176 4048 307 4112 civitatis
321 4045 445 4114 decrelo
461 4052 559 4133 jussus
574 4095 583 4127 ‚
602 4069 700 4132 neque
718 4049 902 4112 intolerabili
917 4051 1017 4131 aliquo
1033 4065 1063 4114 ct
1075 4052 1144 4114 ine-.

61 4155 178 4218 vitabili
193 4153 338 4219 Fortunae
347 4161 572 4233 comedamus,
589 4178 687 4239 neque
704 4155 870 4240 ignominia
884 4158 1026 4242 pauperis
1037 4173 1067 4222 ει
1080 4179 1142 4221 non

61 4265 261 4326 sustentandae
273 4263 341 4326 vitae
350 4267 504 4329 adductus.
521 4291 536 4320 n
549 4262 644 4344 (Lib.
657 4261 726 4340 lx,
745 4261 795 4326 De
809 4261 906 4350 Leg.)
920 4265 1016 4328 Vides
1030 4287 1142 4349 excep·

62 4369 160 4436 bones
176 4373 273 4454 poni,
298 4391 373 4453 quas
389 4371 453 4436 fere
474 4373 570 4436 nostri
587 4398 594 4444 ;
622 4370 678 4432 etsi
694 4371 792 4454 magis
808 4371 985 4450 (latendum
1000 4375 1068 4452 est)
1087 4395 1142 4438 re-
