2894 4954
443 481 616 552 orror
649 483 732 550 ur.
1062 487 1128 578 ³³9

79 615 131 704 qui
147 615 247 684 lutum
263 637 361 684 suum
377 615 414 682 in
427 629 665 708 argumentum
683 615 756 682 veri
776 629 894 695 vocat,
917 613 979 705 qui
995 613 1032 682 in
1049 615 1129 684 ulti-

76 751 123 796 mo
135 728 190 798 illo
200 727 308 822 gradu
317 730 446 821 positus
459 744 637 797 exeuntem
649 729 794 798 animam
808 743 1046 823 percontatur,
1064 753 1129 798 neo

76 843 238 936 usquead
265 860 406 913 mortem
438 861 589 927 tantum,
618 843 677 912 sed
704 843 835 936 aliquid
863 846 963 913 etiam
987 869 1027 912 ex
1056 847 1129 938 ipss

75 975 170 1028 morte
183 956 306 1030 discit!
329 963 435 1030 Nemo
451 958 581 1028 diutius
603 957 880 1053 philosophatusl
903 959 964 1028 sed
983 983 1051 1028 non
1070 985 1128 1028 ra·

74 1075 148 1164 ptius
164 1074 377 1168 relinquetur
396 1099 539 1170 magnus
563 1075 638 1157 vir,
664 1091 798 1144 etcum
822 1100 905 1144 cura
930 1073 1125 1146 dicendus:

73 1183 217 1256 dabimus
246 1204 277 1256 te
302 1191 338 1258 iu
355 1213 488 1258 omnem
514 1190 732 1270 memoriam,
754 1188 977 1258 clarissimum
1001 1203 1125 1281 eaput,

71 1302 193 1372 &ianae
209 1303 316 1374 cludis
332 1329 456 1398 magua
469 1301 623 1398 portio¹l

112 1422 185 1488 XV.
208 1421 277 1492 Sed
301 1422 388 1491 nibil
411 1421 550 1515 prodest
568 1421 707 1514 private
726 1421 872 1492 tristitiae
897 1443 1013 1489 oausas
1031 1421 1127 1514 abje·
1157 1449 1167 1484 ι

70 1536 158 1604 cisse.
171 1537 326 1631 Occupat
337 1538 427 1607 enim
440 1561 684 1628 nonnunquam
695 1535 810 1607 odium
821 1538 957 1630 generis
969 1537 1124 1618 humani,

70 1660 100 1712 et
118 1651 263 1718 ocurrrit
280 1665 329 1718 tot
344 1651 511 1719 scelerum
530 1650 677 1718 felicium
694 1650 817 1731 turba,
835 1675 940 1742 quum
961 1651 1129 1744 cogitave-

70 1762 111 1828 ris
125 1787 224 1854 quam
238 1766 282 1832 sit
295 1789 374 1834 rora
406 1765 623 1859 simplicitas,
646 1789 747 1855 quarn
773 1765 890 1856 ignota
908 1765 1124 1844 innocentia,

71 1892 100 1944 et
117 1881 169 1948 vix
187 1905 338 1973 unquam
350 1886 377 1964 ²,
396 1881 462 1950 nisi
484 1905 589 1973 qurum
604 1878 762 1973 expedit,
792 1878 895 1962 fides,
922 1895 957 1946 et
974 1878 1127 1947 libidinis

69 1991 155 2064 lucra
173 1995 365 2087 damnaque
382 1997 511 2090 pariter
526 1995 655 2076 invisa,
677 2009 711 2062 et
723 1995 863 2064 ambitio
875 2017 984 2084 usque
1002 2017 1043 2060 eo
1055 1994 1127 2086 jam

69 2131 100 2176 se
125 2113 194 2179 suis
222 2135 291 2180 nou
321 2112 498 2180 continens
526 2111 705 2192 terminis,
734 2126 773 2180 ut
794 2135 856 2204 per
881 2109 1128 2202 turpitudinem

69 2224 250 2317 splendeat.
280 2228 406 2319 Agitur
422 2217 582 2294 animus³
603 2228 641 2292 in
656 2241 811 2310 noctem,
834 2242 869 2294 et
889 2226 983 2295 velut
1002 2226 1128 2296 eversis

68 2343 264 2427 virtutibus,
280 2367 364 2435 quas
378 2365 443 2412 neo
455 2337 617 2436 sperare⁴
635 2343 733 2425 lieet,
749 2367 814 2412 nee
828 2343 955 2411 babere
968 2342 1123 2436 prodest,

69 2459 208 2530 tenebrae
227 2460 443 2528 oboriuntur.
473 2461 513 2528 In
536 2459 602 2528 boo
619 2461 734 2552 itaque
754 2458 913 2528 flectendi
932 2483 1069 2542 sumus,
1088 2465 1127 2527 rit
1150 2488 1164 2520 2

66 2578 168 2646 omnia
184 2577 281 2670 vulgi
300 2578 382 2645 vitia
400 2601 469 2646 non
488 2577 597 2645 invisa
609 2577 729 2659 nobis,
749 2575 810 2644 sed
822 2576 967 2647 ridicula
983 2576 1125 2646 videau-

66 2707 114 2760 tur
126 2720 134 2759 :
148 2710 183 2764 et
196 2695 430 2764 Democritum
443 2695 553 2786 potius
566 2693 755 2775 imitemur,
775 2717 876 2784 quarn
887 2687 1122 2765 ⁵Hetaolitum.

67 2809 123 2876 llio
142 2811 236 2878 enim
258 2812 391 2908 quoties
409 2810 446 2876 in
471 2808 647 2901 publicum
666 2824 899 2900 processerat,
922 2807 1046 2893 llebat3
1067 2807 1125 2885 ille

65 2924 201 2996 ridebat.
224 2928 314 2996 Huic
339 2927 451 2994 omnia
469 2949 546 3018 quae
564 2926 723 3018 agimus,
741 2925 901 3008 miseriae,
921 2925 971 2992 illi
988 2925 1124 3017 ineptire

94 3163 235 3216 uGus'oeaoe
244 3165 330 3215 cladis
331 3196 409 3213 .........
418 3163 568 3232 paruula·
617 3159 671 3211 sitis
682 3159 782 3212 diritiu
793 3159 841 3212 sibi
851 3161 993 3234 pepererint
1001 3161 1125 3235 prolude-

64 3240 171 3310 gentium
190 3241 358 3303 damnorum,
376 3259 433 3309 que
451 3237 568 3309 Caligula
617 3235 709 3288 riutve.

67 3315 114 3368 orbi
123 3317 222 3382 intulit,
233 3331 443 3388 tuuuuamagna
453 3313 526 3387 paral
650 3316 902 3386 &Agitur-unimus.
917 3319 1010 3372 Eorum
1024 3321 1124 3373 animus

94 3392 146 3446 XV.
168 3395 240 3447 Ano.
256 3393 326 3446 Odio
346 3393 445 3467 generis
461 3391 566 3444 humani
615 3393 660 3462 qui
682 3393 736 3446 bec
759 3394 868 3447 viderint
891 3408 915 3448 et
937 3396 1123 3469 cogitaverint,

65 3467 386 3540 abjectoetlaatidiorerum
399 3470 566 3523 humanarum
615 3491 674 3523 mor
687 3469 715 3523 lit
729 3484 830 3526 nroeatus
843 3485 868 3524 et
879 3492 966 3525 exosus
979 3495 1058 3546 genus
1077 3475 1125 3527 bu-

65 3546 166 3614 eviuto,
184 3549 309 3602 vanitates
325 3567 398 3618 seque
411 3547 496 3600 animo
508 3559 567 3598 sunt
614 3569 728 3602 manum.
742 3550 843 3603 Poetioe
857 3550 911 3604 btet
923 3566 1121 3625 expresserunt,

65 3623 165 3680 ietendte
182 3645 189 3679 t
210 3646 258 3680 uee
275 3625 402 3678 bonorum
420 3624 486 3678 exitu
497 3623 566 3676 malo
615 3625 664 3678 uisi
675 3647 689 3678 e
699 3641 772 3700 poeta
782 3627 892 3696 quodam
904 3627 1041 3702 desumpta.

64 3703 240 3756 contristemur.
249 3701 351 3755 Deinde
360 3703 480 3756 contiuua
491 3703 565 3756 simu·
646 3704 822 3774 4.Sperurein
829 3706 894 3770 aliis,
901 3707 993 3760 bebere
998 3708 1056 3759 inse
1061 3708 1122 3780 ipso.

65 3775 118 3830 latio
145 3794 169 3834 et
197 3780 358 3834 observantia
386 3780 426 3832 oui
456 3780 565 3832 vitanda.
646 3785 669 3834 5.
687 3781 865 3835 Democritum
868 3821 936 3836 ........
950 3784 1123 3837 Heraclitum.

65 3855 161 3922 Otium,
174 3877 300 3922 sumnus,
315 3857 370 3910 leati
384 3857 455 3921 diea,
468 3870 515 3910 etc.
526 3877 565 3910 re·
614 3857 690 3911 Gouf.
702 3877 758 3928 que
777 3859 827 3929 jam
846 3859 955 3912 diximus
975 3862 1008 3913 ad
1023 3861 1067 3914 lib
1081 3863 1116 3926 ll,

64 3934 158 3988 lectioni
168 3936 347 3989 adhibeantur.
613 3936 644 3988 de
657 3937 697 3989 lra
708 3975 715 4001 ,
728 3957 750 3989 e.
767 3957 813 4000 ιο,
829 3960 850 3989 u.
862 3939 955 3989 Juven.
971 3940 1024 3992 Sat.
1035 3955 1068 4003 x,
1080 3938 1121 4006 32,

93 4014 216 4069 altuiae
227 4035 345 4087 unquam
360 4016 467 4068 oeeurrit
476 4017 563 4086 fides,
612 4019 743 4086 postquam
765 4014 797 4066 de
817 4015 945 4085 utrimque
967 4017 1073 4089 ingenio
1094 4017 1122 4070 in

64 4087 175 4145 obicum
186 4091 562 4164 utiliuteaittonjunetatturn
611 4091 743 4158 ὗπερθοὶὰς
768 4091 801 4142 ita
827 4091 907 4143 effuso
936 4095 1066 4165 exposuit.
1091 4093 1122 4146 de

63 4171 317 4224 utumntttbtdim’s
323 4173 396 4222 daero
403 4171 562 4239 domnoque,
612 4169 689 4222 altero
708 4189 766 4222 mox
783 4169 867 4223 addit:
881 4171 960 4224 sset
975 4172 1120 4225 mirandum

64 4243 78 4292 i.
92 4263 110 4295 t.
121 4244 256 4310 beminen,
269 4247 315 4316 qui
326 4247 495 4319 voluptatibus
507 4247 564 4299 illi·
611 4245 680 4300 uude
692 4247 736 4298 ille
748 4248 828 4300 oeulis
837 4249 966 4302 suffecerit
974 4249 1075 4302 humor!
1088 4271 1102 4297 o
