2926 4958
254 455 320 522 nl)
347 453 524 524 STOIC.
552 452 763 524 PHILOS.
789 453 888 521 LIB.
915 455 966 520 ll.
1083 454 1161 521 clix=

348 699 689 766 DISSERTATIO
719 699 863 762 XXIV.

84 855 142 914 Nou
156 877 219 915 esse
233 854 288 914 bns
307 852 531 932 logomocbius‚
547 861 597 910 aut
612 851 771 928 Periergins
787 875 795 911 :
816 861 843 910 et
856 851 968 912 cad-rem
978 873 1065 913 voces
1077 857 1148 914 istus

362 951 466 1030 fircera:
477 995 486 1027 ,
499 953 582 1032 idque
592 951 682 1012 obiter
691 961 848 1011 ostensum.

115 1141 199 1207 Ltus.
205 1143 289 1227 Quid
296 1144 353 1207 siet
361 1163 419 1228 ego
425 1158 611 1228 temperasse
618 1143 728 1205 velim?
736 1142 829 1203 nimia
837 1141 976 1204 acumina
981 1161 1044 1202 non
1054 1161 1125 1203 amo
1137 1165 1144 1203 :

81 1252 127 1311 sed
138 1263 348 1335 temperasse,
366 1271 428 1310 non
443 1250 632 1312 abstinuisse.
643 1247 723 1310 Mihi
735 1261 838 1329 tamen
854 1249 893 1309 ad
907 1269 974 1309 rem
987 1246 1089 1310 iacere
1099 1247 1149 1310 vi-
1176 1239 1178 1245 Α

80 1357 179 1418 deutur
192 1356 259 1442 ipsa
271 1357 337 1419 baec
354 1355 448 1435 verba
461 1401 478 1432 ‚.
492 1369 522 1420 ct
539 1369 590 1418 aut
604 1356 734 1418 fraenum
750 1355 881 1440 cupidini
895 1401 904 1430 ‚
927 1367 979 1416 aut
993 1355 1147 1417 stimulum

80 1465 154 1525 dare.
167 1463 295 1526 Nihilne
309 1464 454 1538 interest,
469 1476 571 1526 utrum
586 1463 675 1525 'bona
686 1508 695 1540 ‚
708 1483 748 1524 an
763 1461 913 1526 Producta
927 1462 1102 1546 appellem?
1114 1461 1148 1524 si

79 1567 178 1644 Bona;
194 1571 321 1647 incitor,
335 1583 524 1661 etpresmno
535 1572 598 1654 jam
609 1572 787 1654 appetenda.
802 1567 856 1632 Sin
867 1583 968 1632 autern
977 1566 1145 1643 Producta;

79 1679 152 1740 disco
165 1679 242 1742 fines
257 1677 339 1740 Boni
355 1691 499 1762 tangere,
521 1680 575 1740 sed
594 1678 705 1760 judicio
724 1675 836 1739 debere
856 1676 968 1739 induci.
984 1675 1054 1760 lpsa
1072 1699 1146 1740 voce

76 1783 158 1865 igitur
173 1786 357 1861 admoneor,
380 1804 441 1844 nou
456 1783 546 1846 uiuris
563 1797 594 1845 et
606 1782 707 1845 statim
724 1781 851 1843 inhiare.
864 1779 951 1860 ldem
965 1783 997 1843 iu
1011 1783 1063 1860 iis,
1080 1805 1147 1865 quae

77 1888 153 1953 blala
167 1891 260 1976 vulgo
283 1889 385 1954 dicunt
401 1914 409 1950 ε
426 1891 484 1974 ipsi
499 1889 625 1971 Rejecta
639 1912 647 1948 :
663 1889 800 1972 intelligo
814 1907 876 1949 nou
893 1888 986 1952 nimis
1005 1889 1147 1973 fugienda

76 2018 134 2059 esse
146 2023 154 2068 ;
168 1997 385 2074 etiamdum,
402 1996 427 2059 si
438 1994 568 2058 Virtutis
577 1995 609 2055 iu
621 1994 665 2056 eis
676 1993 839 2068 materies,
855 1997 1035 2080 appetenda.
1052 1992 1148 2058 Cice-

75 2105 150 2166 ronis
163 2104 217 2165 illa
231 2124 295 2165 nou
310 2104 420 2166 audio:
436 2131 450 2158 ιι
459 2101 522 2184 Qui
533 2104 624 2164 doces
633 2100 821 2185 paratiorem
832 2123 882 2164 me
898 2105 936 2164 ad
948 2115 1148 2190 contemnpn-

75 2211 138 2271 dam
150 2210 314 2294 pecrmiam
328 2208 414 2285 lore,
436 2209 461 2271 si
481 2208 568 2270 illam
583 2208 615 2269 iu
632 2208 723 2270 rebus
740 2205 937 2292 Praepositis‚
957 2229 1048 2291 quam
1067 2209 1093 2271 si
1115 2211 1146 2271 iu

75 2315 163 2380 Bonis
177 2321 292 2381 duxero
303 2318 316 2380 ἓ
329 2317 548 2399 fortioremque
559 2315 590 2378 in
602 2317 743 2400 patiendo
764 2316 891 2394 dolore,
910 2316 935 2378 si
959 2337 1029 2378 cum
1055 2337 1148 2402 aspe-

75 2447 137 2488 rum
151 2439 182 2489 et
199 2425 358 2490 difficilem
369 2445 538 2509 perpessu,
558 2445 650 2507 quam
671 2425 697 2486 si
715 2425 834 2486 Malum
853 2424 966 2487 dixero.
979 2451 994 2478 n
1012 2423 1083 2505 (lV
1096 2423 1146 2488 De

73 2527 151 2610 Pin)
161 2531 233 2594 lmo
252 2535 381 2596 doceam
396 2531 473 2609 boc,
484 2528 596 2595 Cicero
612 2552 622 2590 c
639 2544 669 2594 et
681 2531 776 2596 verba
795 2531 1022 2594 incitamentum
1037 2531 1147 2593 animis

73 2639 139 2700 dant
150 2685 160 2715 ‚
173 2651 227 2701 aut
243 2638 461 2702 coerctionem.
478 2634 598 2699 Eadem
613 2637 707 2700 etiam
717 2638 903 2710 doctrinam
922 2659 982 2720 quo
995 2638 1077 2700 enim
1088 2638 1148 2700 fine

71 2746 180 2829 alioqui
189 2747 317 2808 nomina
328 2793 337 2822 ‚
350 2745 409 2808 nisi
421 2759 453 2806 ut
462 2766 511 2808 res
522 2744 727 2828 intelligatur?
744 2741 785 2805 Et
799 2745 877 2807 bene
891 2743 978 2807 Plato
990 2767 1027 2808 ea
1042 2767 1147 2808 rernm

71 2858 227 2938 crispum,
253 2851 460 2932 notificaturos
484 2874 550 2914 esse
570 2851 652 2913 dixit
670 2850 775 2934 ltaque
793 2852 876 2914 idern
894 2851 958 2912 ait:
980 2880 994 2906 ιι
1004 2851 1148 2916 Nominis

69 2961 216 3023 rectitudo
230 2958 285 3020 illa
297 2973 343 3021 est
354 3005 363 3038 ‚
375 2973 410 3021 ut
420 2957 517 3042 qualis
531 2978 582 3020 res
592 2957 645 3034 sit,
656 2959 803 3019 ostendat.
815 2985 830 3012 υ
843 2956 895 3038 (Ιιι
904 2956 1058 3044 Cratylo.)
1064 2957 1148 3040 Quid

69 3080 98 3128 tu
108 3069 203 3152 igitur
213 3066 291 3129 mibi
301 3065 392 3128 Bona
407 3063 561 3149 appellas;
575 3087 641 3146 quae
652 3085 710 3128 uec
724 3077 755 3126 te
766 3064 865 3146 judice
875 3064 967 3148 plane
980 3065 1052 3128 talia
1066 3068 1148 3129 sint?

68 3177 146 3239 mala
162 3197 232 3239 esse
245 3173 385 3259 possint?
403 3171 488 3234 Zeno
502 3171 621 3246 vitavit.
645 3183 675 3233 et
692 3169 798 3233 Media
818 3170 911 3251 dixit,
930 3185 960 3234 et
978 3175 1109 3236 ostendit
1129 3195 1147 3236 a

68 3275 190 3340 Virtute
204 3290 257 3339 aut
267 3275 354 3337 Vitio
368 3319 377 3353 ,
393 3273 433 3336 ab
445 3271 514 3335 Usu
527 3271 576 3334 vel
587 3270 712 3349 Abusu,
729 3274 820 3334 decus
835 3286 887 3333 aut
900 3275 1029 3338 dedecus
1041 3275 1077 3338 iis
1090 3278 1149 3338 ad-

67 3385 180 3448 venire.
199 3411 214 3438 a«
223 3381 335 3445 Omnis
349 3381 431 3444 enim
445 3400 515 3456 res,
530 3378 572 3439 ait
584 3375 723 3452 Seneca,
739 3378 819 3458 quod
834 3398 897 3439 non
915 3377 1021 3442 babuit
1034 3384 1147 3459 decus,

66 3493 164 3556 addita
174 3490 301 3552 Virtute
315 3489 415 3552 sumit.
430 3484 615 3551 Cubiculum
629 3483 764 3546 lucidum
781 3483 929 3560 dicimus,
961 3489 1041 3567 quod
1063 3488 1145 3550 idem

67 3598 319 3662 obscurissimum
328 3606 482 3658 estnoctc.
493 3591 570 3654 Dies
581 3590 626 3652 illi
639 3591 740 3652 lucem
750 3589 895 3664 infundit,
909 3611 968 3652 nox
980 3591 1070 3675 eripit
1083 3615 1090 3652 :
1104 3593 1148 3656 sic

66 3707 126 3769 istis
138 3753 148 3786 ‚
164 3727 236 3788 quae
249 3723 267 3764 a
278 3701 367 3764 uobis
378 3698 586 3762 lndiiiercntia
598 3697 754 3772 dicuntur,
768 3695 895 3774 divitiis,
907 3697 1041 3775 viribus,
1053 3698 1150 3762 hono-

66 3813 168 3890 ribus,
190 3830 290 3896 regno
307 3833 315 3870 ε
332 3821 362 3871 et
373 3819 499 3884 contra,
517 3804 630 3880 morti,
645 3803 771 3870 exsilio,
787 3801 877 3864 malac
893 3802 1074 3884 valetudini,
1090 3810 1150 3869 do-

65 3914 133 3992 lori,
144 3913 272 3976 Malitia
282 3923 334 3972 aut
342 3907 449 3970 Virtus
466 3905 516 3968 dat
525 3904 607 3966 Boni
618 3904 667 3965 vel
680 3901 759 3965 Mali
771 3923 896 3965 nornen.
906 3931 920 3957 υ
930 3901 1003 3988 (Ep.
1014 3908 1149 3991 Lxxxlt.)

65 4018 172 4104 ltaque
187 4017 302 4082 divitiis
314 4015 396 4078 male
414 4014 504 4077 utor?
521 4011 609 4074 malae
627 4010 702 4072 liunt
724 4033 731 4067 ε
757 4010 859 4073 bene?
882 4011 982 4074 bonae.
1001 4010 1063 4076 Sed
1088 4013 1147 4078 boc

66 4127 158 4188 etiam
181 4126 290 4201 disco,
317 4143 385 4186 rem
405 4134 470 4184 tam
494 4118 670 4202 ambiguam
691 4128 777 4178 caute
801 4118 1005 4200 custoditeque
1027 4118 1148 4184 baben-

65 4235 144 4296 dam.
169 4232 295 4296 Nimius
316 4251 378 4292 nou
397 4242 558 4315 appetam,
577 4225 647 4307 quia
668 4237 701 4285 ut
711 4222 828 4286 sermm
840 4224 930 4288 facile
948 4228 986 4288 ad
1003 4227 1083 4289 rixas
1097 4241 1148 4289 aut

66 4361 203 4424 pugnam
216 4338 337 4416 irritat,
351 4335 442 4398 sicud
456 4333 528 4398 vitia
542 4353 625 4416 opes.
640 4329 813 4416 Impediunt
827 4330 938 4407 etiarn,
953 4333 1074 4396 etvelut
1084 4355 1148 4396 sar-
