2864 4998
313 467 378 556 ⁴62
630 467 698 536 DE
722 466 853 538 vm
876 467 1048 537 ΒΕΔΤΔ

311 595 461 666 nendum
477 613 528 668 est
542 597 656 692 itaque
679 598 843 692 primum,
860 597 943 690 quid
958 599 1018 681 sit,
1041 597 1134 691 quod
1147 615 1350 694 appetamus
1366 627 1373 664 :

311 731 392 786 tunc
408 713 749 812 circumspiciendum
771 730 848 798 est,
870 738 937 807 qun
959 713 1166 786 contendere
1190 717 1252 786 illo
1271 719 1376 786 celer·

309 833 394 902 rime
413 835 578 926 possimus
598 859 608 900 s
627 831 877 902 intellecturiin
894 834 967 926 ipso
981 833 1116 918 itinere,
1134 836 1164 902 si
1179 834 1286 902 modo
1304 859 1375 902 rec-

307 961 380 1018 tum
401 950 490 1032 erit,
518 963 682 1040 quantum
700 943 853 1040 quotidie
875 947 1078 1042 profligetur
1100 953 1138 1030 ¹,
1175 967 1372 1044 quantoque

306 1063 447 1154 propius
458 1059 502 1130 ab
515 1083 557 1128 eo
569 1061 688 1146 simus,
699 1057 745 1128 ad
762 1057 854 1154 quod
871 1085 932 1130 nos
948 1062 1115 1156 cupiditas
1129 1064 1302 1132 namralis
1320 1066 1375 1132 im
1422 1134 1423 1180 ,

266 1215 281 1248 ι
306 1177 414 1272 pellit.
434 1176 608 1270 Quamdiu
617 1176 756 1271 quidem
767 1178 892 1270 passim
905 1201 1076 1271 vagamur,
1093 1199 1162 1248 non
1179 1177 1312 1248 ducem
1325 1205 1374 1248 se·

305 1294 394 1376 cuti,
411 1291 472 1362 sed
486 1291 657 1360 fremitum
677 1309 712 1360 et
723 1290 903 1362 clamorem
917 1289 1087 1362 dissonum
1104 1295 1141 1362 in
1156 1292 1298 1362 diversa
1316 1318 1373 1364 ro-

303 1412 465 1496 cantium,
478 1411 666 1478 conteritur
672 1411 742 1480 vita
752 1410 842 1478 inter
852 1433 997 1490 errores,
1009 1409 1134 1492 brevis,
1149 1411 1288 1479 etiamsi
1302 1409 1374 1480 dies
1423 1468 1424 1490 ,

303 1539 487 1618 noctesque
501 1523 599 1594 bone
612 1525 717 1594 menti
734 1529 746 1560 ²
762 1523 964 1594 laboremus.
978 1523 1189 1594 Decernatur
1205 1527 1328 1617 itaque
1341 1543 1371 1592 et
1423 1503 1424 1530 ³

303 1665 372 1734 quo
390 1639 585 1722 tendamus,
607 1656 641 1710 et
667 1665 758 1736 qua3
783 1665 851 1710 non
868 1642 940 1710 sine
957 1642 1066 1734 perito
1079 1641 1217 1734 aliquo,
1235 1643 1295 1710 cui
1312 1667 1372 1711 es-

302 1763 433 1857 ploratn
446 1765 514 1832 sint
527 1787 581 1848 ea,
596 1765 633 1832 in
642 1787 718 1856 qum
731 1761 962 1858 procedimus:
977 1763 1135 1855 quoniam
1145 1763 1292 1855 quidem
1307 1787 1368 1831 non

302 1877 418 1946 eadem
436 1878 512 1964 hic,
538 1902 615 1970 quae
637 1879 673 1946 in
690 1879 812 1946 ceteris
837 1878 1192 1974 peregrinationibus,
1217 1877 1369 1948 conditio

301 2009 365 2062 est.
381 1995 423 2062 In
438 1993 506 2062 illis
520 1993 784 2086 comprehensus
801 1992 926 2086 aliquis
943 1994 1041 2062 limes
1059 1989 1095 2078 ⁵,
1112 2010 1147 2062 et
1163 1995 1366 2088 interrogati

301 2109 420 2178 incolae
436 2133 505 2178 non
522 2111 698 2202 patiuntur
717 2131 832 2178 errare
846 2103 859 2154 ⁴
879 2134 887 2176 ι
908 2125 944 2176 at
957 2109 1015 2177 hic
1031 2110 1206 2178 tritissima
1221 2135 1367 2205 qumque

263 2235 281 2290 3
301 2223 377 2305 via,
400 2237 436 2290 et
447 2221 686 2304 celeberrima,
708 2221 849 2290 maxime
872 2219 1011 2315 decipit.
1037 2221 1131 2289 Nihil
1149 2246 1236 2314 ergo
1260 2225 1366 2315 magi

303 2337 533 2432 praestandum
547 2353 616 2422 est,
636 2363 738 2430 qnam
750 2361 806 2420 ne,
824 2361 985 2430 pecorum
1001 2339 1070 2405 ritu
1076 2387 1087 2422 ,
1105 2361 1293 2429 sequamur
1308 2365 1364 2408 an-

301 2454 528 2523 tecedentium
542 2477 693 2548 gregem,
711 2469 892 2548 pergentes
901 2476 969 2523 non
978 2477 1046 2546 qua
1059 2451 1211 2522 eundum
1225 2471 1291 2537 est,
1309 2455 1362 2523 sed
1426 2469 1427 2508 t

300 2597 368 2665 qua
385 2573 467 2640 itur.
484 2571 590 2665 Atqui
609 2570 703 2641 nulla
722 2595 777 2639 rea
791 2595 852 2640 nos
865 2571 1051 2664 majoribus
1065 2570 1163 2638 malis
1185 2573 1363 2666 implicat.

301 2711 402 2780 quarn
421 2685 514 2780 quod
530 2685 574 2756 ad
588 2709 756 2755 rumorem
772 2687 1003 2780 componimur
1021 2679 1033 2721 ⁵
1050 2712 1059 2752 s
1080 2687 1209 2779 optima
1223 2690 1288 2755 rati
1304 2713 1363 2756 ea.

302 2828 377 2896 quse
400 2828 521 2898 magno
539 2827 678 2872 assensu
699 2817 836 2895 recepta
855 2817 953 2886 sunt,
980 2824 1193 2892 quorumque
1214 2804 1368 2896 exempla

302 2917 401 2986 nobis
412 2918 517 2986 multa
531 2934 610 2986 aunt
626 2943 634 2984 ι
651 2941 715 2986 nco
728 2915 772 2984 ad
785 2916 964 2996 rationem,
981 2913 1042 2982 sed
1054 2913 1098 2982 ad
1108 2913 1367 2985 similitudinem

302 3031 457 3101 vivimus.
480 3031 564 3100 lude
589 3031 652 3100 ista
667 3045 758 3100 tanta
780 3031 986 3098 coacervatio
1001 3030 1144 3098 aliorum
1161 3055 1267 3123 super
1288 3033 1371 3100 alios

303 3267 386 3336 gends
395 3268 439 3321 vis
449 3267 548 3319 erravit.
562 3265 655 3318 Mentis
664 3263 813 3338 lspsumlric
895 3281 918 3314 s.
929 3261 1014 3318 Bonoe
1025 3265 1111 3315 menti.
1127 3261 1162 3314 ll.
1175 3281 1214 3325 e.,
1231 3273 1260 3314 ut
1276 3262 1370 3316 boum

303 3340 423 3418 intelligi,
432 3360 486 3395 non
499 3341 569 3415 pedis
578 3340 667 3394 videre
678 3353 723 3393 est.
731 3339 813 3395 Cicer.
861 3351 971 3393 mentem
983 3341 1056 3393 nobis
1069 3339 1238 3413 effingamus,
1251 3341 1370 3394 virtutem

304 3416 336 3470 de
349 3419 406 3472 Nat.
424 3421 503 3472 Deor.
513 3417 558 3470 tlh.
574 3417 597 3483 l,
610 3438 632 3470 c.
648 3437 677 3470 tn
692 3435 698 3470 ι
711 3440 725 3466 s
744 3417 812 3470 Em·
860 3418 1370 3490 amemus,sshssevismnosemusqus

305 3494 418 3565 pedocles
430 3496 459 3548 in
471 3497 585 3549 Deorum
595 3494 715 3569 opinione
727 3496 814 3569 turpis·
861 3495 909 3546 lert
921 3494 975 3548 illo.

304 3569 367 3624 sime
378 3572 504 3626 labitur.»
893 3569 1083 3625 3.Ls'mes.Vis
1093 3572 1371 3648 agrestissngnstaque.

340 3667 362 3701 ι.
385 3649 549 3720 Profligetur.
572 3649 712 3724 Vulgstnm
736 3651 812 3726 idque
893 3649 1369 3726 4-Esrore.Rsligiousinprimisdlsr·

304 3721 418 3792 bonurn,
440 3725 511 3781 libris
531 3728 659 3782 tuentibus
683 3743 708 3782 et
729 3749 812 3783 sensu.
861 3727 924 3780 curii
937 3727 1013 3780 ducti.
1025 3727 1151 3782 Theocrit.
1162 3731 1250 3796 XXV,
1264 3733 1334 3800 5,5.

304 3800 377 3866 Alii,
396 3823 417 3856 e.
432 3823 453 3856 e.
472 3803 567 3859 Erasm.
575 3807 812 3878 pmficiomussnlt·
893 3809 917 3859 5.
939 3803 1021 3878 Quod
1032 3809 1072 3858 ad
1085 3825 1214 3860 rumorem
1233 3817 1370 3880 compossi-

303 3876 448 3941 stituerunt,
458 3881 593 3937 insolentia
602 3883 654 3956 ejus
665 3883 810 3960 significati,
860 3905 926 3937 mur.
934 3881 1232 3958 Intelligenobissgendi
1240 3890 1369 3942 etsiseudi

304 3951 374 4024 enjus
383 3972 469 4009 sensus
480 3971 516 4010 est
530 3976 537 4012 :
550 3957 684 4028 efficiatur,
693 3959 811 4032 perficia-
859 3979 976 4014 normam
996 3981 1124 4016 rumorem
1143 3983 1214 4032 esse,
1243 3981 1269 4019 et
1286 3971 1370 4020 omnis

302 4037 352 4079 tur.
370 4031 443 4106 Seps
454 4053 494 4108 sp.
507 4035 588 4090 Cicer.
599 4039 709 4096 occurrit
720 4037 767 4092 lise
776 4039 811 4093 vi.
860 4037 942 4106 diets,
955 4039 1036 4102 lacta,
1053 4041 1178 4112 cogitata,
1197 4039 1369 4116 destinstzque

305 4103 343 4155 Cs·
362 4108 466 4196 llrnesd
481 4113 565 4168 Clsvis
582 4116 658 4187 cie,
676 4119 759 4195 Intpp.
776 4117 809 4174 sd
857 4117 930 4170 samse
949 4130 1063 4190 respectu
1079 4119 1206 4194 componi.
1220 4123 1296 4176 Idem
1313 4146 1367 4177 sen-

303 4179 415 4238 Gellrnm
427 4187 485 4252 XV,
501 4195 525 4258 5,
536 4193 574 4244 ed
589 4194 710 4249 conradi.
857 4195 933 4250 tiebat
943 4207 1029 4250 noster
1040 4197 1127 4251 Pssesl
1137 4197 1183 4268 qui
1193 4197 1257 4252 dixit
1266 4219 1275 4254 ι
1284 4223 1299 4248 ι
1309 4203 1366 4252 [ὐ-
