2918 4958
280 454 330 535 evj
457 447 1171 518 s.s1es11uanunucr10u1s

276 595 370 670 ditur,
386 593 417 653 in
433 589 596 668 Etbicam,
613 591 876 664 OEconomicarn,
892 591 1062 656 Politicam.
1082 591 1190 655 Etbica
1206 607 1271 669 est,
1291 617 1357 674 quae

277 720 401 776 mores,
418 699 531 776 vitam,
544 701 680 784 regimen
691 699 879 784 singolorum
892 700 1051 762 hominum
1065 701 1235 764 considerat
1251 713 1281 762 et
1295 702 1359 762 sor·

278 820 358 878 mat;
376 805 586 870 (Eronomica
604 805 820 886 (Familiarem
835 829 892 890 ego
913 811 1079 885 verterem)
1100 828 1165 888 qne
1178 809 1286 868 domus
1301 829 1359 868 cu-

279 914 384 995 jusque
399 926 430 975 et
444 912 565 975 familiae
582 936 589 972 :
604 911 756 985 Politice,
780 935 845 995 qnae
865 913 994 977 civitatis
1014 914 1104 975 totius
1125 926 1176 975 aut
1195 913 1358 974 societatis.

279 1016 361 1080 Ecce
373 1017 552 1080 divisionem
563 1031 594 1080 et
602 1018 741 1081 membra
750 1021 841 1082 totius
851 1017 1053 1103 Philosophiae
1067 1043 1075 1080 ι
1089 1041 1144 1082 nec
1154 1019 1271 1080 tenuius
1282 1041 1359 1102 opus

282 1137 328 1186 est
337 1169 345 1197 ,
354 1137 406 1185 aut
416 1125 649 1208 expediat,quia
663 1153 678 1178 α
688 1125 779 1187 dividi
794 1125 878 1186 illam
891 1130 1028 1204 (auctore
1041 1123 1195 1208 Seneca),
1208 1146 1271 1185 non
1284 1145 1362 1186 con-

282 1230 360 1303 cidi,
378 1230 451 1291 utile
468 1243 522 1292 est.
539 1228 575 1293 ld
593 1231 656 1291 vitii
671 1230 763 1293 babet
779 1231 893 1307 nimia,
912 1233 993 1312 qnod
1011 1231 1095 1294 nulla
1115 1231 1231 1294 divisio.
1251 1228 1361 1291 Simile

282 1335 486 1414 consument,
509 1337 653 1419 quidquid
674 1359 767 1420 usqne
790 1339 820 1399 in
836 1338 996 1421 pulverem
1017 1352 1131 1402 secttnn
1145 1353 1224 1400 est.»
1241 1335 1362 1420 (Epis-

283 1443 346 1506 tola
360 1447 513 1523 saxna.)
528 1442 634 1528 ltaque
649 1445 735 1508 fuere
750 1447 863 1522 etiam,
887 1447 938 1529 qui
961 1445 1082 1509 brevius
1097 1446 1307 1528 partirertmt;
1330 1456 1364 1503 ut

284 1550 431 1635 Apuleius
443 1597 451 1628 ,
463 1553 514 1635 qui
529 1549 729 1631 Naturalem,
747 1552 987 1616 intellectualem
1000 1599 1008 1630 ‚
1021 1549 1235 1629 Rationalem,
1250 1565 1281 1612 et
1294 1551 1366 1612 Μο-

284 1657 382 1720 ralem
392 1660 546 1741 agnoscit,
560 1675 590 1722 et
599 1659 718 1723 Platoni
731 1661 863 1744 singulas
874 1661 983 1722 eximie
997 1661 1149 1722 adscribit.
1166 1657 1237 1739 (De
1249 1657 1366 1740 Dogm.

286 1761 386 1841 Plat.)
403 1762 524 1848 Easque
539 1766 674 1829 hausisse
688 1769 750 1841 ait,
769 1795 784 1821 ι
793 1766 973 1830 Naturalem
988 1767 1028 1828 ab
1044 1765 1236 1829 Heracliticis
1248 1811 1257 1840 ,
1270 1763 1371 1824 Intel-

288 1871 483 1936 lectualema
507 1871 723 1960 Pythagoreis,
745 1873 939 1937 Rationalem
960 1887 1049 1954 atque
1071 1871 1227 1933 Moralem
1243 1869 1285 1930 ab
1308 1870 1368 1930 isto

288 1976 422 2042 Socratis
429 1981 541 2043 sonte.»
555 1980 617 2042 Ubi
625 1981 769 2043 observes
781 1977 1018 2042 intellectualem
1029 1978 1178 2062 praecipue
1194 1977 1234 2037 ab
1245 1996 1283 2036 eo
1298 1975 1373 2048 dici,

289 2083 492 2170 Theologiam
506 2086 595 2148 nobis
611 2086 820 2170 appellatam,
845 2087 901 2147 nisi
922 2086 990 2168 quis
1006 2083 1256 2146 Mathematicam
1271 2081 1371 2142 malit.

290 2187 351 2252 Sed
366 2192 426 2254 alia
443 2194 535 2256 etiam
549 2193 656 2255 divisio
670 2194 792 2277 parcior
807 2205 868 2266 est,
885 2189 1008 2255 Senecae
1022 2191 1064 2253 sie
1074 2191 1219 2273 exposita.
1232 2213 1251 2244 a
1262 2187 1371 2250 Philo·

290 2297 404 2381 sopbiae
414 2310 476 2360 tres
488 2321 553 2362 esse
564 2314 665 2382 partes
676 2301 832 2376 dixerunt,
846 2313 876 2360 et
885 2297 1010 2360 maximi
1025 2311 1056 2358 et
1068 2296 1192 2380 plurimi
1206 2307 1368 2356 auctores:

290 2404 463 2481 Moralem,
478 2406 674 2484 Naturalem,
689 2405 893 2469 Rationalem.
913 2403 1017 2468 Prima
1031 2403 1187 2486 componit
1201 2402 1341 2462 animum
1361 2425 1368 2456 :

292 2514 422 2576 secunda
435 2535 539 2576 rerum
551 2527 693 2575 naturam
707 2527 876 2584 scrutatur,
892 2511 980 2573 tertia
991 2510 1193 2594 proprietates
1204 2507 1373 2568 verborum

293 2622 407 2704 exigit,
424 2635 454 2682 et
479 2633 679 2696 structuram,
701 2634 732 2681 et
753 2619 1050 2702 argumentationes,
1072 2637 1111 2678 ne
1129 2636 1186 2698 pro
1203 2633 1278 2674 vero
1296 2613 1377 2673 salsa

292 2741 459 2810 surrepant.
477 2757 491 2780 n
521 2725 678 2810 (Epistola
700 2723 849 2805 Lxxxtx.)
872 2725 947 2797 Ait,
979 2722 1129 2786 maximos
1164 2731 1305 2780 auctores
1333 2718 1381 2779 sic

293 2835 443 2897 tribuisse.
458 2832 546 2916 Quos
561 2834 654 2895 illos?
678 2832 836 2894 Zenonem
850 2845 880 2892 et
891 2827 1011 2891 Stoicos
1023 2849 1094 2890 suos
1109 2827 1272 2908 intelligit:
1288 2839 1318 2886 et
1334 2829 1380 2888 sic

293 2939 431 3002 Primnm
450 2941 585 3002 divisisse
611 2940 767 3000 Zenonem
785 2935 935 3000 Cittiaeum
953 2933 1091 2996 Laertius
1107 2932 1225 3013 scripsit
1245 2929 1302 3014 (ln
1315 2931 1381 2992 Ze-

293 3050 398 3126 none)
421 3071 427 3105 :
454 3061 483 3108 et
498 3045 676 3108 Plutarchus
688 3041 888 3126 adstipulatur
915 3039 990 3118 (Dc
1006 3037 1113 3102 Placit.
1127 3035 1205 3098 Phil.
1218 3035 1250 3110 l,
1267 3059 1295 3100 c.
1311 3060 1339 3098 1.
1354 3037 1380 3116 i.

295 3155 378 3217 Nam
390 3155 442 3215 illa
456 3154 555 3236 prima
573 3166 603 3214 et
619 3151 765 3226 ulterior,
781 3170 799 3211 a
814 3170 864 3211 me
880 3148 1000 3232 posita,
1021 3146 1086 3207 lere
1100 3143 1379 3227 Peripateticorum

294 3264 360 3326 suit.
380 3261 442 3325 Sed
459 3261 500 3323 ait
518 3261 610 3324 etiam
624 3260 653 3320 in
665 3287 681 3313 «ι
695 3259 783 3320 tertia
803 3269 911 3340 parte,
934 3256 1135 3339 proprietates
1156 3251 1325 3314 verborum
1347 3269 1381 3314 et

295 3384 473 3434 structuram
489 3367 529 3430 ab
540 3387 576 3430 ea
587 3366 666 3450 exigi
679 3393 694 3420 ι»
710 3388 717 3424 :
730 3367 812 3446 qnod
825 3364 939 3428 scilicet
949 3365 987 3423 ad
997 3358 1378 3438 Rhetoricamreferetur,

297 3480 366 3560 qnia
381 3476 476 3540 Stoici
490 3473 637 3558 Logicam
651 3474 683 3534 in
700 3477 773 3534 duas
794 3485 895 3554 partes
914 3469 1104 3545 dividebant,
1124 3466 1327 3529 Rhetoricam
1347 3482 1381 3530 et

296 3583 505 3648 Dialecticam.
514 3580 719 3664 Addo‚ipsam
726 3578 959 3661 hanctripliccm
966 3575 1158 3658 partitionem
1169 3574 1200 3634 in
1209 3571 1383 3635 Macrobio

299 3712 376 3768 esse,
384 3693 436 3753 sed
448 3692 625 3765 diverso,ne
636 3705 838 3762 erres,sensu.
849 3683 932 3745 Nam
943 3679 1229 3744 fineCommentarii
1241 3679 1272 3738 in
1283 3676 1384 3741 Som-

298 3798 383 3858 nium
398 3795 548 3880 Scipionis
574 3820 581 3854 :
607 3822 622 3849 e
632 3792 736 3875 Quum
749 3793 828 3864 sint,
843 3790 959 3873 inquit,
983 3790 1073 3850 totius
1092 3785 1297 3870 Philosophia
1313 3799 1387 3850 tres

300 3911 412 3981 partes,
424 3896 564 3972 Moralis,
578 3893 746 3965 Naturalis,
764 3906 794 3954 et
807 3890 992 3953 Rationalis:
1001 3903 1032 3951 et
1043 3889 1081 3950 sit
1091 3887 1233 3964 Moralis,
1246 3909 1313 3968 quae
1329 3891 1389 3950 do-

299 4018 348 4067 cet
358 4025 480 4066 morum
489 4003 643 4064 elimatam
652 3993 1179 4084 perlectionem:Naturalis‚qtnede
1190 3992 1300 4056 divinis
1310 4013 1391 4058 cor-

303 4111 429 4198 poribus
439 4113 570 4194 disputat
587 4133 594 4166 ι
607 4106 789 4182 Rationalis,
801 4126 893 4186 quum
903 4107 939 4165 de
951 4100 1193 4186 incorporalibus
1204 4121 1307 4164 sermo
1324 4119 1392 4182 est,

302 4243 365 4304 quac
377 4243 465 4282 mens
482 4219 548 4282 sola
566 4217 776 4301 complectitur
797 4238 805 4272 :
825 4213 941 4276 nullam
961 4214 997 4274 de
1017 4210 1114 4273 tribus
1129 4209 1249 4271 Tullius
1268 4209 1301 4270 in
1320 4209 1392 4276 hoe

301 4324 426 4388 Sournis
440 4318 640 4407 pretermisit.
652 4317 736 4381 Nam
748 4316 800 4378 illa
815 4317 853 4378 ad
863 4314 987 4378 virtutes
1002 4331 1199 4392 amoremque
1210 4311 1316 4393 patriae
1331 4317 1394 4376 ad-
