2896 4954
320 467 387 535 236
646 465 714 536 DE
737 465 1054 538 CLEMENTIA

318 597 383 664 luit
401 594 497 662 illum
519 602 640 664 nntttrs
663 623 728 668 nee
741 621 864 667 serum
883 621 977 678 esse,
998 617 1062 664 noo
1079 594 1241 666 ultionem
1264 617 1384 687 unguo

319 725 545 782 oonststuram
554 728 672 804 petere
686 715 877 805 ,telumque
887 711 1051 793 detraxit,
1068 727 1103 780 et
1113 714 1196 780 iram
1209 713 1286 805 ejus
1297 714 1384 779 incr

276 847 293 900 3
320 849 406 894 mem
426 825 579 918 reliquit.
599 829 779 922 Exemplar
791 812 1002 922 hoomagnis
1022 830 1160 922 regibus
1178 833 1303 923 ingens
1322 841 1379 894 est.

320 939 378 1008 Est
388 943 478 1008 enim
490 943 541 1010 illi
558 967 650 1026 mos,
667 967 824 1014 exserere
841 969 877 1013 se
890 947 928 1012 in'
943 945 1077 1037 parvis,
1090 960 1123 1012 et
1135 945 1328 1038 ingentium
1338 963 1385 1008 re

319 1081 394 1125 rum
415 1057 615 1128 documenta
632 1062 770 1130 minime
785 1065 918 1154 ugere¹.
933 1056 1081 1142 Pudeat,
1100 1059 1146 1128 ab
1160 1061 1295 1153 exiguis
1314 1059 1385 1125 sni·

320 1172 464 1240 malibus
479 1197 549 1240 non
561 1175 699 1243 truhere
710 1198 820 1244 mores
835 1203 844 1259 ς
857 1198 961 1268 quum
977 1191 1070 1244 tento
1085 1176 1261 1242 bominum
1276 1171 1387 1241 mode·

318 1289 423 1356 ratior
442 1313 515 1357 esse
535 1291 668 1360 enimus
687 1289 830 1374 debent,
862 1305 988 1383 quanto
1014 1292 1249 1358 vehementius
1272 1303 1382 1357 nocet.

318 1405 453 1472 Utinsm
470 1405 607 1496 quidem
628 1404 746 1474 eadem
764 1407 893 1476 homini
907 1406 961 1474 lex
978 1420 1066 1474 esset
1081 1431 1090 1490 ς
1106 1420 1141 1474 et
1160 1406 1210 1472 ire
1228 1427 1309 1472 cum
1323 1403 1388 1472 telo

318 1539 378 1583 suo
399 1516 616 1610 frangeretur
629 1545 637 1598 ;
655 1543 720 1587 nec
734 1521 856 1613 sepios
871 1520 991 1586 liceret
1005 1541 1130 1586 nocere
1141 1541 1245 1609 quam
1260 1517 1384 1596 semels
1446 1519 1447 1522 ’

318 1655 383 1698 neo
396 1632 518 1700 alionis
531 1635 661 1702 viribus
680 1659 839 1704 exercere
856 1632 953 1703 odis!
977 1634 1075 1703 focile
1094 1635 1186 1701 enim
1204 1633 1388 1701 lassaretur
1446 1627 1447 1696 T

319 1747 432 1824 furor,
449 1748 550 1840 siper
560 1773 595 1815 se
607 1749 672 1816 sibi
689 1751 921 1831 satisfaceret,
943 1766 977 1817 et
987 1751 1015 1818 si
1026 1750 1141 1817 mortis
1150 1747 1309 1840 periculo
1322 1749 1387 1816 vim

275 1872 291 1936 t
318 1886 411 1929 sunm
433 1862 640 1931 ellnnderet.
665 1864 733 1932 Sed
758 1889 802 1933 ne
824 1889 918 1933 nune
935 1863 1075 1956 quidem
1092 1863 1142 1930 illi
1156 1887 1279 1931 cursus
1299 1879 1391 1930 turm

317 1981 395 2044 est².
420 1977 570 2046 Tantum
589 1981 681 2047 enim
704 2005 842 2050 necesse
863 1998 914 2048 est
933 1981 1069 2061 timeat,
1089 1995 1256 2072 quantum
1277 1979 1386 2046 timeri

315 2093 440 2170 voluit,
455 2111 491 2160 et
499 2119 618 2164 munus
626 2098 775 2164 omnium
786 2097 963 2177 observet,
980 2112 1062 2163 eteo
1072 2119 1208 2188 quoqne
1218 2112 1384 2190 tempore,

316 2233 383 2300 quo
394 2234 460 2276 non
473 2225 629 2303 captatur
644 2261 652 2288 ,
669 2213 741 2304 peti
754 2235 790 2279 se
799 2211 951 2303 judicet,
969 2210 1167 2302 nullumque
1180 2227 1387 2278 momentum

316 2325 467 2393 immune
485 2349 505 2394 s
524 2342 617 2394 metu
634 2327 770 2394 hebent.
789 2329 884 2394 Hanc
898 2325 1023 2417 uliquis
1041 2347 1165 2418 regrum
1176 2317 1301 2392 3νὶῐιιιι]
1317 2347 1389 2392 sns-

318 2442 426 2522 tinet,
449 2467 554 2533 quum
573 2443 674 2510 liceat
687 2443 861 2510 innoxium
875 2439 942 2508 illis
958 2457 992 2507 et
1004 2439 1048 2508 ob
1063 2439 1127 2508 hoc
1141 2463 1314 2521 securum,
1332 2463 1387 2506 sn-

316 2557 425 2626 lutsre
435 2560 594 2651 potentiae
604 2560 681 2652 jus,
696 2557 969 2638 laetisomnibus,
984 2573 1129 2627 tractare
1142 2558 1385 2636 PErrstenim,

317 2674 344 2739 si
363 2674 440 2764 quis
454 2675 623 2742 existimat
638 2690 747 2742 tutum
764 2697 836 2742 esse
854 2673 902 2740 ibi
921 2695 1061 2766 regem,
1087 2672 1145 2740 ubi
1160 2671 1248 2740 nihil
1265 2695 1287 2738 a
1305 2695 1389 2764 rege

316 2860 374 2913 gere
388 2861 441 2892 non
451 2855 548 2915 potest,
560 2841 661 2894 videtur
674 2855 763 2894 nature
777 2861 827 2894 no-
875 2841 1062 2910 ιαταψιὶφισμαι
1078 2858 1092 2890 e
1107 2839 1222 2892 minimis
1237 2840 1389 2892 document·

317 2918 392 2971 luisse
422 2919 555 2994 impereuti
583 2921 680 2996 placere
704 2919 825 2973 sterilium
875 2915 907 2971 ed
929 2917 1045 2990 ingentes
1067 2937 1106 2970 res
1127 2917 1178 2968 sibi
1194 2917 1349 2980 exmndere,
1375 2935 1390 2966 s

317 2997 492 3069 ultionemque
505 3018 599 3072 magno
611 3010 785 3050 constaturam.
875 3015 1007 3069 perrarum
1030 3014 1114 3048 rerum
1136 2993 1227 3046 habitu
1247 3014 1276 3046 se
1300 3007 1391 3045 tenore

354 3093 373 3124 ι.
393 3075 537 3144 lugentium
565 3095 651 3128 rerum
674 3079 826 3128 documenta
876 3073 1078 3146 magnitudinem
1089 3071 1198 3124 edoceri.

317 3151 429 3202 minima
446 3169 530 3220 agere.
547 3151 598 3204 Cur
615 3152 702 3227 Lipsio
717 3155 828 3204 minima
910 3171 932 3201 n.
944 3149 1000 3202 Sed
1009 3169 1040 3202 ne
1050 3171 1117 3204 nunc
1131 3151 1235 3216 quidem
1246 3147 1290 3198 illi
1297 3166 1393 3199 cursus

317 3247 362 3280 seu
371 3233 502 3296 minimis,
519 3245 543 3282 et
559 3231 648 3282 Jureto
665 3233 696 3282 de
710 3231 827 3281 minimis
876 3239 947 3281 tutus
965 3237 1011 3281 est.
1026 3227 1066 3278 Ad
1083 3245 1178 3279 novam
1191 3227 1282 3293 ymnius
1299 3223 1393 3276 exsilit

318 3324 368 3378 pre
387 3307 488 3380 vulgata
502 3307 628 3370 srriserit,
650 3305 768 3376 equidem
787 3305 829 3356 vix
876 3303 956 3358 Modo
969 3325 1058 3378 nempe
1071 3303 1098 3356 id
1114 3303 1142 3356 in
1157 3302 1223 3354 votis
1238 3302 1291 3354 suis
1305 3301 1395 3353 excla-
1430 3353 1434 3360 ,

318 3381 444 3456 intelligo.
463 3382 569 3456 Vulgsts
585 3383 685 3456 egregie
704 3403 728 3434 se
746 3381 828 3434 habet.
876 3382 969 3436 mavit:
983 3382 1127 3436 Periculum
1139 3399 1266 3433 summum
1276 3377 1337 3430 huic
1346 3378 1395 3430 ed·

319 3459 391 3527 Quid
412 3460 480 3512 enim
501 3461 656 3513 manifestius
677 3473 732 3525 est,
752 3480 829 3531 quam
877 3480 928 3512 esse
948 3458 993 3532 qui
1012 3459 1135 3512 ultionem
1154 3456 1196 3508 vel
1215 3456 1294 3509 semel
1311 3477 1396 3508 exer-

318 3538 373 3591 lreo
395 3549 490 3592 nature¹
508 3539 668 3592 usitatissime
687 3539 728 3590 via
744 3535 829 3590 oonsi—
878 3537 1175 3592 cuerit.Nunsvotorum
1185 3547 1330 3604 compotem
1338 3553 1399 3585 sese

318 3613 346 3666 lii
356 3656 363 3680 ‚
374 3631 429 3686 qute
440 3615 542 3669 indiciis
552 3615 666 3668 minimis
674 3635 720 3667 nos
730 3627 786 3688 egat
796 3615 828 3667 sd
878 3615 969 3690 fingit,
981 3615 1062 3668 immo
1070 3615 1165 3668 sitnon
1175 3613 1253 3665 modo
1261 3633 1399 3664 summum

319 3693 434 3766 ingentes
451 3713 488 3745 res
502 3691 676 3747 ordinandus?
691 3692 748 3744 Nisi
765 3693 827 3744 forte
878 3693 905 3744 in
917 3691 1050 3744 discrimen
1062 3691 1172 3756 incurri,
1184 3704 1317 3763 postquam
1327 3691 1402 3744 ultio

319 3769 446 3844 displiceat
454 3771 595 3824 continenti
602 3783 667 3822 textu
676 3770 766 3843 scripta
774 3771 827 3820 doc.
878 3782 962 3823 exusta
975 3783 1026 3835 est,
1046 3771 1090 3822 sed
1111 3769 1173 3821 dum
1193 3769 1321 3840 exigitur,
1338 3789 1400 3820 nnn

319 3860 344 3901 et
355 3851 418 3902 min.
429 3868 508 3921 quum
519 3849 568 3901 hoe
580 3848 612 3900 ed
622 3851 648 3898 el
660 3866 750 3916 agere,
764 3841 826 3896 illud
877 3848 960 3900 solum
980 3861 1112 3921 postquam
1129 3847 1155 3897 in
1168 3845 1247 3897 hostis
1267 3845 1404 3918 supplicio

320 3925 352 3976 ad
360 3927 386 3977 el
393 3929 534 3994 ingentium
543 3946 629 3978 rerum
637 3924 723 3976 referri
732 3923 829 3976 debent.
875 3944 929 3978 sese
945 3925 982 3978 ire
999 3925 1132 3996 explicuit,
1150 3922 1238 3974 sedeo
1256 3923 1311 3996 ipso
1326 3937 1403 3976 tem-

320 4003 386 4054 Nsm
396 4003 445 4056 lroc
458 4015 494 4055 est
505 4004 618 4076 quinque
634 4004 767 4056 verborum
778 4002 829 4062 ξύν·
877 4023 939 4076 pore
957 4023 1007 4073 quo
1027 4002 1055 4054 in
1076 4000 1247 4053 adverserium
1270 4002 1353 4053 fertur
1379 4017 1405 4052 es

321 4101 392 4148 ηγμα
404 4091 427 4130 et
441 4079 545 4150 ξῦστημιι
555 4098 562 4132 :
573 4085 653 4153 Agere
673 4079 715 4142 (h.
730 4103 751 4134 e.
766 4079 829 4133 red·
878 4082 990 4134 invisum
1003 4094 1077 4155 ceput
1089 4081 1192 4132 tandem
1209 4081 1276 4133 ierit.

322 4157 395 4221 dere,
414 4156 534 4224 efficere)
553 4159 659 4211 minima
677 4161 734 4226 (res
753 4156 828 4211 mini·
912 4155 936 4207 3.
955 4159 1063 4225 &mm
1083 4157 1171 4209 reduxi
1190 4178 1220 4208 ex
1240 4157 1344 4209 Erasm.
1368 4161 1403 4208 al.

322 4233 391 4298 mss)
410 4235 572 4310 doruming.
588 4255 690 4297 rerum;
707 4238 754 4289 hoc
769 4258 828 4288 vero
880 4235 989 4286 Grutero
1013 4235 1128 4304 quamvis
1158 4238 1322 4306 refragante,
1354 4237 1407 4306 qui
