2896 4958
300 421 390 504 ccxvj
484 415 515 482 J.
542 416 704 486 mrsu
728 415 1188 487 MANUDUCTIONIS

297 555 374 602 rano
396 557 451 598 suo
473 535 698 618 condiscipulo,
723 539 805 620 cnjus
823 537 977 620 ingenium
998 537 1078 600 male
1095 537 1250 600 habitabat
1266 560 1273 596 :
1289 537 1361 612 sed,

297 643 412 724 inquit,
430 671 445 696 ιι
456 643 534 726 coepi
547 640 714 705 Claranum
730 655 867 706 nostrum
880 642 1010 717 intueri,
1027 642 1178 706 formosus
1193 643 1268 704 milti
1282 644 1363 706 ride-

211 797 213 800 .
296 759 362 822 tur,
382 760 487 808 ettam
503 761 601 810 rectus
617 769 763 830 corpore.
779 768 872 830 quarn
888 762 933 810 est
946 748 1057 809 animo,
1071 746 1174 810 Potest
1189 771 1225 811 ex
1238 770 1306 812 casa
1322 751 1363 809 vir

295 874 423 936 magnus
434 855 516 916 exire
534 879 541 924 ;
557 868 656 937 potest
671 869 700 915 et
715 877 750 914 ex
767 853 896 916 deformi
907 854 1073 935 humilique
1088 855 1284 938 corpusculo,
1300 855 1361 916 lor-

294 981 397 1023 mosus
417 961 535 1022 animus
553 981 589 1021 ac
604 980 739 1043 magnus.
751 987 765 1014 ιι
790 958 867 1042 Quis
886 960 967 1022 vele
983 959 1066 1021 vanis
1090 960 1155 1023 istis
1175 961 1362 1024 amatorculis

298 1065 428 1128 abnuat?
441 1067 491 1148 qui
506 1065 631 1146 allectus
644 1087 713 1128 suos
729 1069 842 1129 donant
850 1067 970 1150 ingenio
987 1080 1018 1128 et
1029 1067 1128 1150 lepori
1141 1067 1246 1150 saepius
1256 1112 1264 1143 ‚
1276 1088 1362 1148 quam

294 1172 411 1234 formae.
425 1171 458 1234 Si
472 1171 541 1234 huic
555 1184 670 1232 tantum
683 1195 691 1229 ι
704 1194 757 1235 cur
767 1193 830 1233 uon
840 1172 942 1234 tabula
953 1173 1096 1235 ametur?
1110 1171 1214 1254 ltaque
1226 1173 1360 1246 sciamus,

297 1303 312 1332 ιι
322 1298 384 1339 non
403 1276 594 1339 deformitate
613 1278 751 1359 corporis
771 1277 906 1338 animum
932 1277 1060 1354 foedari,
1086 1278 1129 1339 sol
1147 1278 1363 1362 pulchritudine

297 1383 394 1444 animi
407 1401 518 1464 corpus
531 1383 643 1444 ornari.
656 1410 671 1436 υ
691 1381 804 1462 (lbid.)
815 1382 911 1444 Vides
926 1382 1118 1445 mulierculas
1131 1379 1281 1446 interdum
1293 1405 1362 1466 per-

296 1509 402 1550 sonam
428 1510 569 1566 sumere,
596 1501 625 1550 et
646 1485 847 1550 Satumalitiis
870 1489 948 1552 ludis
968 1489 1099 1566 foedam,
1120 1504 1170 1551 aut
1188 1489 1361 1576 etvirilem,

295 1593 406 1657 faciem
425 1595 570 1656 induere?
590 1615 652 1655 non
667 1594 821 1670 moveris,
838 1594 889 1674 qui
909 1594 966 1656 scis
979 1593 1161 1656 interiorem
1182 1594 1275 1656 aliam
1292 1615 1363 1655 esse.

295 1695 358 1762 Hic
372 1700 469 1761 simile
482 1725 491 1771 ;
506 1715 628 1783 tegmen
642 1721 703 1761 non
717 1700 830 1784 aspicio
845 1724 852 1758 ε
867 1703 947 1781 quod
962 1701 1053 1776 latet,
1071 1701 1260 1785 splendidum
1272 1714 1302 1762 et
1312 1723 1365 1764 crc-

294 1798 370 1862 leste
384 1799 528 1882 praenovi.
544 1797 723 1868 Graecorum
737 1818 794 1859 vox
809 1813 979 1884 opportuna
990 1806 1086 1876 καλοῦ,
1101 1823 1166 1882 quae
1178 1803 1209 1862 in
1222 1801 1364 1862 utrumvis

295 1905 395 1982 valet,
417 1919 446 1967 et
464 1906 586 1968 Bonum
604 1905 823 1989 pulchrumque
847 1919 955 1982 notat5
981 1908 1051 1988 quia
1068 1921 1151 1969 recto
1172 1908 1283 1990 jndicio
1303 1906 1363 1968 haec

296 2013 405 2092 juncta.
420 2039 434 2065 ιι
447 2008 640 2073 Consuetudo
656 2010 818 2094 Scripturae
831 2024 877 2073 est
891 2012 954 2089 (ait
966 2010 1173 2096 Augustinus)
1189 2013 1281 2074 etiarn
1296 2034 1364 2094 spe-

295 2118 394 2178 ciosos
406 2137 555 2201 corpore,
570 2114 676 2178 Bonos
685 2137 803 2179 vocare.
819 2145 834 2170 ιι
850 2115 922 2196 (De
934 2113 1025 2180 Civit.
1036 2115 1110 2195 XV,
1126 2139 1191 2201 cap.
1204 2117 1272 2200 23.)
1282 2118 1364 2179 Vera

296 2223 387 2299 dicit,
408 2237 439 2284 et
453 2243 470 2284 a
485 2244 574 2284 causa
587 2224 651 2304 jam
666 2222 753 2286 dicta.
764 2221 870 2283 Altera
882 2219 1121 2306 Paradoxologia
1137 2247 1144 2282 ε

336 2331 431 2388 Solum
442 2331 603 2411 Sapientem
613 2329 742 2390 nobilem.
753 2327 784 2389 A
793 2324 915 2412 Cynicis
927 2329 1122 2400 translatum,
1139 2350 1268 2410 quorum
1283 2343 1361 2391 erat:

249 2467 257 2486 ι
297 2433 456 2496 «Eosdem
471 2435 610 2510 nobiles,
629 2435 679 2516 qui
697 2448 727 2496 et
742 2432 837 2496 Probi
851 2448 959 2496 essent.
970 2463 984 2489 ιι
1002 2433 1179 2496 Tenuerunt
1195 2433 1308 2512 Stoici,
1335 2451 1364 2496 ut

296 2539 366 2616 alia,
384 2555 414 2603 ot
427 2541 610 2602 deliniebant
625 2564 631 2600 :
650 2569 665 2594 ιι
675 2539 885 2615 Nobilitatem‚
900 2537 1036 2602 habitum
1050 2561 1207 2624 agenore,
1222 2555 1273 2601 aut
1286 2541 1365 2602 insti-

296 2649 409 2709 tutione
425 2693 433 2716 .
450 2643 557 2730 aptum
573 2648 611 2708 ad
627 2629 790 2708 Virtutem.
803 2673 818 2700 ιι
842 2643 913 2724 (De
931 2643 1052 2708 Comm.
1069 2644 1162 2728 Not.)
1182 2644 1288 2728 ltaque
1304 2647 1364 2707 sive

294 2755 414 2815 innatus
432 2755 457 2814 is
477 2753 616 2830 habitus,
639 2754 702 2815 sive
723 2753 831 2814 insitus
847 2774 864 2813 a
882 2753 1018 2814 doctrina
1029 2765 1125 2829 esset,
1146 2753 1227 2814 solos
1237 2751 1364 2816 Nobiles

297 2861 348 2939 qui
363 2858 520 2920 haberent.
531 2855 614 2938 Quid
626 2861 688 2942 jam
702 2858 827 2920 autem?
1014 2853 1017 2860 ’

272 2961 275 2966 ’
338 2966 434 3025 Solum
454 2965 566 3042 Cioem,
595 2966 811 3044 magistratum,
840 2975 1010 3046 praetorem,
1025 2963 1148 3043 juul'cem
1170 2987 1230 3027 esse
1248 2967 1365 3045 supten-

296 3083 360 3130 tem.
376 3067 554 3131 Plutarchus
575 3094 582 3128 ε
606 3065 787 3151 «Sapientes
805 3068 887 3130 solos
902 3068 1024 3153 Reges,
1040 3065 1179 3144 Diritcs,
1197 3065 1363 3142 Pulchros‚

297 3175 388 3241 Cives
409 3190 439 3237 et
457 3174 592 3237 Judices.
605 3203 620 3229 ιι
639 3172 807 3237 Laertius:
833 3172 1025 3251 «Praeterea,
1048 3176 1087 3236 ad
1099 3176 1312 3258 magistratus,
1329 3177 1364 3235 ad

292 3283 404 3365 judicia
416 3327 426 3356 ,
441 3283 480 3342 ad
495 3281 660 3342 oratoriam
672 3280 753 3342 solos
768 3293 854 3363 aptos
870 3301 944 3342 esse.
952 3309 967 3335 ιι
983 3281 1041 3360 (ln
1051 3281 1125 3342 Zen.
1135 3283 1149 3356 )
1161 3279 1222 3341 Ubi
1234 3294 1265 3341 et
1275 3279 1365 3362 expli-

295 3390 374 3454 catio
390 3389 490 3470 aliqua
501 3387 572 3449 dicti
585 3389 649 3469 ejru
667 3399 712 3448 est
735 3411 741 3445 :
767 3387 911 3448 nimirum
923 3387 1004 3450 solos
1019 3387 1086 3448 illos
1097 3386 1230 3471 perfecte
1245 3401 1277 3448 et
1290 3387 1364 3448 benc

293 3497 398 3561 munia
411 3495 474 3558 hmo
490 3515 580 3580 posse
594 3494 690 3556 obire.
701 3493 783 3556 Nam
796 3508 829 3556 ut
842 3495 927 3556 Zeno
939 3494 1038 3556 aiebat
1053 3517 1059 3551 :
1080 3521 1094 3547 ιι
1103 3493 1233 3555 Novisse
1247 3505 1365 3576 oportet

294 3607 503 3688 magistratum
512 3602 600 3665 Bona
610 3623 646 3664 ac
657 3599 757 3679 Mala,
771 3604 852 3684 quod
863 3623 954 3664 nemo
965 3600 1131 3664 Stultorum
1144 3615 1253 3684 potest.
1262 3629 1278 3654 ιι
1290 3600 1364 3682 Qoae

294 3712 402 3773 eadem
425 3710 501 3771 ratio
526 3711 565 3770 ad
587 3707 731 3770 Judicem
750 3708 916 3784 trahenda,
937 3709 1086 3790 etiamque
1106 3710 1144 3769 ad
1162 3704 1294 3778 Civem;
1315 3708 1363 3787 qui

294 3815 399 3878 Bonus
413 3828 444 3876 et
459 3815 540 3875 utilis
553 3812 665 3876 civitati
678 3815 831 3895 quomodo
843 3815 919 3889 erit,
936 3812 1051 3898 legibus
1064 3826 1094 3875 et
1106 3811 1276 3874 rectoribus
1291 3813 1364 3874 obe-

294 3921 400 3996 diens,
419 3920 482 3980 sine
496 3919 554 3980 hac
569 3919 698 3981 notitia?
714 3915 817 3980 Potest
832 3919 938 3986 etalio
953 3939 1057 3990 sensu;
1072 3920 1142 4000 quia
1155 3931 1267 4000 negant
1281 3916 1362 3978 Res-

294 4025 432 4110 publicas
453 4025 530 4086 ullas
552 4038 603 4085 aut
621 4021 788 4100 Civitates,
808 4024 866 4086 nisi
884 4045 948 4105 quac
970 4025 1027 4085 sint
1047 4022 1233 4106 Sapientum.
1254 4022 1363 4088 Cicero

293 4135 358 4196 hacc
369 4133 497 4196 irridens
506 4145 557 4193 aut
563 4153 710 4216 spernens
725 4157 731 4191 :
747 4160 761 4185 ιι
769 4131 819 4192 Au
830 4131 875 4192 illi
886 4153 1018 4212 unquam
1028 4132 1161 4194 dicerent
1171 4131 1361 4212 (Academici

293 4247 430 4314 veteres)
444 4237 601 4323 Sapientes
615 4240 696 4300 solos
713 4237 814 4320 Reges
826 4239 911 4299 esse?
927 4237 1008 4298 solos
1022 4235 1158 4300 Divites?
1172 4237 1359 4300 Formosos?
