2930 4956
335 533 580 628 EJUSQUE
602 533 867 604 SCRIPTIS.
1036 535 1141 602 xxxix

98 693 174 764 potest
184 693 340 764 ntrnmque
351 681 504 764 judicium.
515 675 613 742 Multa
629 680 711 742 enim
723 725 732 757 ,
743 693 776 742 nt
786 677 861 758 dixi,
875 677 1032 763 probanda
1044 675 1075 742 in
1090 699 1142 753 eo,

98 787 170 848 nnita
183 786 271 850 mam
284 785 464 850 admiranda
478 799 547 848 sunt
563 809 570 844 ε
587 784 701 870 eligere
714 787 807 848 modo
826 805 903 849 curae
920 784 958 847 sit
971 787 1076 867 ,qnod
1091 785 1146 846 uti-

99 911 153 952 nam
164 891 223 976 ipse
242 890 382 956 fecisset!
405 889 508 976 Digna
526 891 607 954 enim
622 891 678 954 t'uit
694 891 747 953 illa
772 893 901 970 natura,
926 913 991 976 quase
1003 891 1005 900 ’
1016 891 1145 956 meliora

98 997 184 1074 vellet,
199 1019 261 1080 quse
276 997 360 1080 qnod
373 997 492 1075 voluit,
509 995 620 1061 ell'ecit.
638 1025 652 1085 n
679 1013 682 1022 ’
702 986 705 992 ’

127 1100 177 1165 lxta
187 1101 321 1178 Fabium
339 1125 431 1187 quem
445 1103 517 1166 boni
530 1104 664 1196 rectique
677 1101 843 1188 plurimum
858 1103 960 1189 judicii
984 1123 1143 1169 censorem

96 1227 186 1290 agere,
198 1209 297 1302 libens
311 1193 410 1272 fateor
426 1231 434 1270 ε
452 1209 510 1273 nisi
524 1207 620 1274 sicubi
634 1207 914 1285 allectusabducit,
933 1211 1014 1292 quod
1025 1209 1076 1273 bie
1090 1231 1146 1272 ve-

96 1335 154 1378 reor
168 1315 286 1380 iactum
304 1315 375 1402 lpse
392 1337 454 1381 non
475 1316 657 1395 dissimulat,
678 1337 814 1402 sparsam
834 1319 872 1381 de
892 1339 925 1381 se
947 1317 1147 1402 opinionem,

97 1419 254 1504 iniquiorem
260 1421 386 1508 &nem
393 1445 459 1509 esse
468 1448 476 1484 ε
485 1437 516 1487 et
525 1443 583 1510 ego
595 1423 735 1488 hercules
749 1443 891 1509 agnosco.
907 1423 1027 1488 Tamen
1044 1423 1093 1485 rel
1108 1423 1151 1486 sie

95 1523 161 1591 bona
172 1530 207 1593 de
227 1525 365 1616 Senecas,
388 1532 524 1612 quadam
537 1531 598 1593 alia
611 1529 683 1595 dicit
700 1555 708 1591 t
727 1545 757 1594 et
773 1531 968 1615 pensitemus.
983 1529 1036 1594 Ait
1056 1530 1065 1589 ἑ
1082 1557 1097 1611 χι
1116 1528 1152 1590 ln

96 1635 165 1696 omni
182 1655 293 1721 genere
316 1631 493 1719 eloquentiae
510 1649 673 1701 versatum.
689 1661 706 1695 u
726 1633 840 1722 Magna
862 1651 893 1701 et
907 1623 979 1701 vera
998 1637 1065 1700 laus
1078 1650 1124 1698 est
1144 1659 1151 1694 :

95 1761 167 1803 versa
180 1756 208 1805 et
220 1763 315 1826 prosa
328 1742 423 1805 saluit
434 1787 444 1820 ,
457 1763 549 1806 omne
564 1744 731 1807 studiorum
745 1753 955 1828 argurnenturn
964 1741 1029 1807 iere
1043 1755 1152 1805 tracu-

98 1845 243 1933 titPergit
258 1874 266 1908 ε
286 1877 304 1904 α
314 1845 473 1933 ingenium
487 1847 575 1913 l'acile
589 1863 619 1912 et
626 1846 794 1934 copiosum.
804 1877 818 1904 r·
833 1847 1034 1934 Agnoscimus
1049 1871 1056 1907 ε
1070 1861 1100 1909 et
1115 1850 1151 1910 de

98 1951 240 2029 facilitate,
258 1955 329 2038 quis
340 1973 405 2017 ‘non
418 1955 498 2018 inter
511 1955 671 2039 legendum
686 1955 781 2034 videt,
796 1953 891 2018 liuere
909 1955 1013 2018 omnia
1031 1976 1048 2016 e
1062 1953 1155 2037 pleno

99 2069 222 2140 pectore,
241 2075 274 2124 et
287 2061 467 2125 inexhausto
484 2061 539 2123 illo
555 2061 668 2145 ingenii
685 2062 791 2126 sonte?
808 2059 878 2147 lpse
892 2063 929 2125 de
943 2083 976 2123 se
993 2085 999 2119 :
1020 2087 1034 2113 u
1048 2057 1157 2142 Qualis

98 2183 183 2227 termo
199 2186 289 2230 meus
307 2179 407 2245 esset,
431 2163 456 2230 si
479 2187 538 2229 nna
558 2169 732 2235 sederemus
753 2181 804 2229 aut
822 2163 1068 2242 ambularemus,
1089 2167 1159 2224 itta-

97 2269 195 2332 lurotue
204 2270 350 2356 etfacilis
360 2319 368 2350 ,
379 2273 455 2337 tales
466 2295 531 2356 esse
542 2269 697 2358 Epistolas
708 2295 793 2337 meas
801 2273 882 2337 volo.
897 2303 912 2328 ι»
925 2271 1037 2357 (Epist
1049 2273 1161 2349 cxxv.)

97 2371 139 2438 lle
149 2375 295 2462 Epistolis
310 2377 370 2443 boe
383 2381 508 2464 signate.
515 2380 608 2464 Atqui
622 2403 664 2444 eae
673 2395 752 2456 suut,
764 2403 828 2464 que
843 2403 949 2445 curam
964 2383 993 2444 el
1008 2381 1160 2444 tractatio-

95 2501 155 2546 nem
167 2483 309 2550 babuisse
320 2532 330 2564 ,
343 2483 422 2549 inter
439 2488 541 2550 onmia
558 2489 689 2574 scripta,
706 2489 873 2550 uideantur.
895 2485 970 2549 Jam
993 2489 1030 2549 de
1046 2486 1156 2567 Copia,

97 2591 270 2657 inventiones
285 2593 345 2655 illae
358 2607 421 2656 tarn
434 2585 524 2657 uarie
538 2609 569 2657 et
582 2596 737 2679 dispares,
752 2596 784 2657 in
798 2616 858 2657 una
873 2617 906 2659 re
919 2593 1101 2668 Moralium,
1118 2593 1162 2655 di-

95 2712 163 2758 oent.
175 2697 258 2779 Qnot
271 2699 347 2762 libri
361 2713 448 2776 sunt,
465 2713 539 2782 quot
552 2702 644 2762 etiam
661 2701 804 2763 fuerumt?
816 2697 857 2762 Et
870 2699 949 2762 inter
963 2698 1066 2760 omnia
1077 2699 1160 2761 simi-

97 2801 149 2880 lia,
163 2803 237 2867 nibil
249 2801 335 2869 idem
351 2829 364 2866 ,.
375 2805 439 2868 imo
449 2807 499 2868 vix
513 2785 694 2870 sententiam
707 2817 757 2869 aut
772 2807 937 2891 imaginem
951 2806 1091 2889 reperias
1099 2807 1161 2867 ite-

98 2921 163 2972 rata.
173 2909 351 2986 blirabitnr,
363 2912 388 2974 si
399 2911 465 2994 quis
479 2911 619 2995 inquiret,
631 2926 662 2976 et
670 2912 730 2976 tal'e
743 2911 917 2996 exemplum
931 2911 1003 2973 alibi
1019 2911 1160 2993 requiret.

97 3011 201 3080 lterum
213 3015 350 3081 Fabius:
365 3015 560 3081 «Plurimum
574 3021 700 3082 studii.»
713 3007 806 3101 Quod
817 3041 866 3081 me
881 3020 937 3080 'dat
953 3019 984 3080 in
997 3031 1162 3102 stuporem.

98 3121 130 3183 ln
142 3125 226 3204 aula,
241 3128 276 3187 in
291 3125 451 3210 conjugio,
470 3127 502 3188 in
513 3125 567 3189 illo
578 3148 690 3210 genere
700 3129 794 3208 ι,νίῑειῃ
812 3123 946 3204 familia,
964 3125 1095 3211 opibus,
1108 3146 1162 3188 oc-

97 3231 320 3314 cupationibus,
341 3233 474 3316 potuisse
494 3231 526 3294 iu
547 3231 633 3294 libris
656 3219 832 3315 scriptisque
856 3233 899 3295 sic
918 3253 995 3295 esse.
1019 3227 1081 3293 Sed
1098 3227 1163 3316 ipse

97 3336 225 3416 pertinax
238 3350 271 3400 et
291 3337 536 3421 intempestivum
558 3356 645 3400 suum
666 3339 796 3401 studium
815 3345 877 3399 'non
892 3335 986 3413 celat,
1002 3335 1163 3418 scribitque

99 3437 207 3506 Lucilio
218 3463 275 3506 suo
289 3468 299 3507 e
314 3472 329 3498 «
343 3441 455 3507 Nullus
464 3443 539 3506 mibi
552 3465 610 3529 per
623 3444 719 3507 otium
732 3444 796 3506 dies
808 3443 867 3508 exit
881 3456 1018 3527 :partem
1029 3443 1164 3505 noctium

99 3549 195 3612 mais
208 3548 341 3613 uindico.
353 3547 425 3612 Non
445 3570 521 3613 vaco
541 3569 671 3626 sonmo,
689 3552 745 3612 sed
756 3549 920 3613 succumbo
933 3574 941 3622 ;
959 3563 990 3611 et
1003 3547 1107 3611 oculos
1123 3548 1164 3608 vi-

99 3655 163 3738 gilia
174 3655 320 3740 fatigatos
333 3659 529 3738 cadentesque
543 3658 573 3718 in
588 3675 681 3740 opere
696 3655 826 3718 detineo.
840 3651 957 3718 Secessi
974 3661 1038 3715 non‘
1050 3668 1165 3715 tantum

100 3761 135 3824 ab
147 3761 338 3838 bominibus,
351 3765 404 3826 sed
414 3763 533 3826 arebus
546 3787 554 3824 ε
566 3764 761 3847 etprimurna
774 3763 861 3825 meis.
870 3759 1066 3824 Posterorum
1074 3780 1167 3844 nego-

100 3869 168 3931 tium
177 3891 237 3954 ago
253 3869 336 3932 :illis
345 3869 456 3951 aliqua,
469 3892 534 3951 quse
543 3870 659 3953 possint
668 3870 825 3953 prodesse,
838 3867 1007 3932 conscribo.
1014 3865 1167 3929 Salutares

101 3977 337 4051 admonitiones,
356 3975 439 4038 uelut
458 3975 749 4039 medicamentorum
769 3973 886 4035 utilium
910 3973 1165 4056 compositiones,

102 4081 200 4144 litteris
213 4083 340 4144 mando.
356 4109 369 4135 n
385 4077 662 4164 (Epist.,v111.)‘·En
677 4079 777 4141 virum
791 4079 964 4163 diligentem
980 4079 1165 4151 studiorum,

103 4199 129 4248 et
142 4190 239 4252 noari
254 4191 263 4248 i
279 4188 346 4270 quis
365 4207 426 4249 non
442 4201 524 4251 amet
542 4189 656 4272 pariter
669 4231 678 4262 ,
698 4187 787 4249 nohis
805 4186 850 4249 sic
865 4199 969 4248 natum
991 4198 1022 4246 et
1038 4205 1170 4266 occupe-

106 4297 190 4358 tum?
206 4295 315 4359 Verba
331 4317 367 4358 ea
391 4309 493 4380 repete
515 4310 546 4357 et
567 4296 726 4369 examina,
749 4293 882 4376 quisquis
896 4314 928 4355 es
949 4316 955 4351 :
977 4291 1100 4376 pudebit
1122 4290 1170 4351 vel

106 4421 245 4486 spargere
257 4449 266 4480 ,
276 4401 333 4464 »vel
346 4403 450 4467 audire
469 4401 672 4479 calunmiam,
688 4401 719 4464 in
736 4400 855 4482 generis
866 4397 990 4461 humani
1005 4398 1046 4462 sic
1061 4417 1169 4460 arnan·
