2930 4956
278 440 347 528 lviii
463 441 494 508 J.
521 441 683 511 LIPSII
706 443 1167 515 MANUDI'JCTIONIS

276 581 540 665 disputatitmculas
550 583 706 646 divertisse
716 584 834 648 videtur
853 607 861 645 z
880 598 911 647 et
924 605 985 648 cmo
996 587 1111 664 verbo,
1128 589 1247 652 virilem
1263 591 1351 653 illam

276 686 463 772 Sapientiam
480 709 650 754 enervasse.
671 688 740 754 Etsi
755 691 820 774 ipse
835 691 866 754 in
882 692 943 754 vite
961 705 1063 754 tamen
1078 715 1186 776 purus,
1210 709 1239 758 et
1253 697 1353 758 animi

277 796 386 874 erecti,
398 797 538 874 adeont,
551 820 645 880 quum
655 797 750 862 multa
765 799 938 882 scripserit,
952 821 1116 882 numquam
1129 799 1207 886 Regi
1222 816 1272 864 aut
1284 801 1355 888 D'y-

275 914 366 964 nastce
374 901 488 983 aliquid
497 903 682 988 inscripserit
696 929 703 964 :
715 917 797 966 extra
808 904 1024 982 ambitionem,
1039 920 1070 968 et
1080 906 1177 971 lructu
1187 908 1288 991 operis
1298 922 1355 970 ant

276 1007 358 1071 lama
367 1023 535 1073 comeums.
550 1007 657 1073 Sedet
672 1012 718 1074 sui
731 1031 841 1094 magua
856 1011 1112 1090 fiandscutdam
1124 1015 1252 1097 roganti,
1272 1041 1286 1068 s
1300 1012 1354 1078 Cn

275 1113 372 1177 filiurn
385 1117 499 1200 optime
514 1118 728 1180 instituendum
742 1118 892 1181 traderet?
901 1145 916 1172 u
926 1119 1095 1203 respoudit:
1109 1148 1124 1174 α
1133 1117 1228 1192 Mite
1239 1141 1312 1182 narn
1324 1121 1353 1183 si

277 1243 369 1303 quent
382 1243 474 1307 supra
487 1244 538 1286 me
546 1235 702 1307 putarem,
718 1224 783 1308 ipse
798 1228 848 1286 me
862 1225 890 1288 ei
903 1227 1043 1288 darem.»
1055 1223 1352 1309 (Diog.)Magu1nn

141 1367 147 1386 .
276 1328 429 1412 ingenium
445 1328 557 1406 luisse,
574 1329 691 1393 clarum
705 1344 770 1402 est;
787 1331 887 1394 virum
899 1375 908 1408 ,
920 1331 1080 1414 probabile
1093 1353 1100 1404 ;
1116 1352 1173 1394 nec
1184 1332 1222 1394 de
1235 1328 1352 1414 Logica

276 1435 368 1498 nimis
378 1436 495 1512 obstat,
508 1436 577 1518 quia
591 1436 656 1520 ipse
670 1457 789 1518 quoque
800 1437 931 1501 ostendit
945 1450 975 1500 et
989 1437 1095 1514 edixit,
1106 1437 1178 1498 talia
1192 1435 1356 1520 juvenibus

277 1544 396 1628 magis,
415 1557 446 1606 et
461 1543 492 1604 iu
506 1541 582 1606 llore
597 1554 648 1606 aut
657 1543 729 1605 luxu
739 1546 871 1627 quodam
884 1545 1092 1628 ingeniorum,
1109 1563 1200 1625 quam
1212 1542 1286 1604 viris
1297 1563 1355 1605 se-

246 1717 250 1722 ,
279 1647 427 1730 nibnsqoe
439 1649 611 1712 convenire.
622 1647 706 1712 Nam
716 1651 754 1712 ad
763 1648 967 1714 Dialecticum
977 1648 1118 1714 Cleanthi
1130 1650 1357 1720 imminentem:

279 1753 436 1832 «Desine,
456 1755 573 1837 inquit,
594 1754 675 1820 hunc
687 1758 834 1840 grandem
847 1735 920 1818 natu
933 1777 952 1818 a
966 1757 1053 1819 seriis
1067 1757 1217 1820 abducere
1233 1779 1240 1816 :
1259 1754 1354 1817 uobis

276 1861 434 1945 juvenibus
446 1861 510 1924 Mo
524 1881 699 1945 propone.»
717 1861 850 1947 (Diog.)
864 1860 1036 1940 Sentiebat,
1048 1865 1171 1946 juvenes
1184 1861 1354 1946 praeparari

277 1989 334 2052 per
347 1967 409 2032 brec
423 1968 495 2030 talia
509 1982 540 2030 et
555 1968 691 2032 exerceri
715 1991 723 2028 ε
740 1969 824 2032 viros
838 1982 868 2032 et
883 1981 1019 2031 maturos
1034 1969 1065 2030 in
1079 1968 1256 2030 melioribus
1270 1989 1352 2030 esse.

277 2072 431 2138 Caeterum
447 2075 594 2137 acuminis
612 2074 734 2137 laudern
751 2074 835 2151 tulit,
844 2086 875 2138 et
893 2072 1010 2139 Seneca
1028 2077 1066 2138 de
1087 2095 1124 2136 eo
1140 2073 1320 2158 pronunciat
1341 2099 1350 2133 :

279 2209 295 2236 u
306 2179 511 2266 Chrysippus,
524 2202 619 2266 penes
628 2203 720 2265 quem
733 2181 842 2246 subtile
856 2181 931 2246 illud
945 2202 1073 2244 acumen
1088 2194 1148 2258 est,
1163 2193 1193 2242 et
1208 2181 1239 2241 iu
1253 2179 1353 2242 imam

276 2301 439 2371 penetrans
460 2287 619 2350 veritatem
636 2310 643 2346 ι
662 2288 713 2370 qui
727 2287 773 2350 rei
790 2289 911 2372 agendae
925 2307 1014 2351 cause
1031 2287 1179 2370 loquitur,
1203 2300 1234 2348 et
1245 2285 1355 2348 verbis

278 2413 340 2457 nou
354 2395 433 2457 ultra
448 2415 539 2476 quam
552 2396 592 2457 ad
606 2395 793 2459 intellectum
806 2397 878 2458 satis
889 2408 955 2471 est,
973 2395 1075 2456 utittu.
1095 2421 1110 2448 κ
1126 2392 1161 2472 (l
1177 2391 1226 2455 De
1238 2391 1352 2456 Benef-

278 2522 306 2563 c.
324 2499 376 2582 3.)
398 2499 482 2564 Nota
505 2502 582 2564 inibi
600 2516 631 2566 et
654 2501 863 2580 Brevitatem,
885 2517 917 2565 et
942 2523 1124 2584 quamquam
1147 2501 1259 2576 multa,
1284 2520 1352 2562 non

277 2608 380 2670 multis
388 2609 547 2692 scripsisse
562 2632 569 2670 ε
586 2612 665 2691 quod
679 2611 838 2693 proprium
851 2608 916 2671 lere
929 2607 1103 2672 Stoicorum
1116 2606 1180 2668 t'uit.
1193 2606 1277 2668 Vixit
1290 2627 1354 2667 an-

279 2734 336 2777 nos
350 2731 468 2792 uxxttt,
485 2727 515 2778 et
529 2729 624 2778 statua
639 2717 667 2780 ei
682 2716 722 2778 ab
738 2715 973 2778 Atheniensibus
991 2715 1106 2800 posita,
1121 2715 1152 2776 in
1166 2711 1351 2789 Ceramico,

280 2841 383 2902 quam,
398 2822 468 2903 quia
482 2821 578 2885 senne
592 2843 609 2884 a
624 2822 724 2886 ticino
740 2823 839 2904 equite
855 2823 1054 2899 occuleretur,
1071 2819 1244 2884 Carneades
1257 2823 1353 2903 κρύψ-

279 2955 359 2991 ιππον
385 2928 565 3010 appellabat.
597 2926 707 2993 Cicero
728 2931 792 3012 ejus
811 2930 950 2992 meminit
974 2953 981 2989 :
1000 2957 1015 2984 «ι
1027 2926 1132 2992 Statua
1146 2941 1191 2991 est
1205 2924 1355 2991 inCera—

280 3034 361 3097 mico
375 3031 559 3120 Chrysippi,
575 3037 705 3116 sedentis
718 3049 973 3120 porrectatmsnu
982 3064 997 3092 u
1012 3035 1087 3118 (De
1101 3033 1199 3098 Finib.
1213 3033 1262 3112 1.)
1273 3032 1354 3096 Non

280 3161 354 3224 ergo
361 3141 474 3202 mirum
484 3183 493 3216 ,
502 3141 652 3206 occultum
665 3142 755 3206 luisse
770 3156 800 3206 et
813 3163 981 3228 oppansum
991 3144 1030 3206 ab
1041 3144 1154 3226 equite,
1163 3142 1230 3224 quia
1238 3143 1356 3203 seden-

280 3259 355 3320 tem,
366 3258 399 3307 ut
408 3245 507 3310 solent
514 3247 655 3312 docentes
667 3272 674 3308 :
686 3249 797 3312 etalias
807 3251 899 3312 etiam
905 3251 988 3313 tenui
999 3263 1088 3332 atque
1098 3249 1218 3312 intirmo
1226 3268 1357 3331 corpus-

281 3354 350 3417 culo
364 3352 427 3416 tuit
441 3350 606 3416 Pausanias
624 3381 638 3408 s
648 3352 810 3442 Chrysippi
823 3354 958 3420 Solensis
967 3371 1096 3420 statuam
1106 3356 1187 3420 locat
1200 3357 1231 3416 in
1247 3353 1356 3440 Gym-

281 3460 383 3536 nasio,
393 3457 700 3542 quodPtolomseetuu
710 3463 892 3526 sconditore
908 3463 1238 3546 dicitur,haudlongea
1248 3459 1353 3522 soron.

282 3561 365 3645 (Lib.
376 3563 416 3648 l.)
429 3563 515 3650 Ergo
528 3562 723 3630 Ceramicum
739 3567 916 3632 interiorem
936 3569 1033 3653 accipi
1049 3569 1099 3632 hic
1114 3569 1210 3652 magis
1230 3579 1283 3628 est.
1299 3565 1357 3630 Ad

282 3671 359 3734 alios
380 3693 427 3734 eo.
442 3705 484 3722 -
492 3671 652 3735 Austros.
675 3673 816 3736 Verbum
832 3675 992 3759 interpono
1013 3699 1020 3733 ι
1040 3676 1091 3757 qni
1103 3673 1271 3737 Dialectica
1295 3673 1356 3734 illa

282 3772 445 3862 Chrysippi
458 3782 552 3857 (nam
565 3779 745 3859 observavi)
756 3782 841 3844 sicin
855 3782 955 3866 pretio
968 3827 976 3856 ,
995 3802 1089 3863 quum
1101 3779 1272 3866 Aristotelis
1285 3780 1356 3862 jam

282 3883 379 3943 esset?
405 3903 464 3964 qua
489 3884 578 3948 nobis
594 3887 716 3967 quidem
741 3888 817 3950 nihil
836 3890 952 3952 videtur
975 3887 1136 3972 perfectius
1152 3900 1205 3948 aut
1224 3886 1356 3948 acutius.

281 3983 465 4050 -Ltustus
474 3987 590 4053 Nobis:
601 3992 660 4054 alia
673 3992 748 4055 olim
762 3995 872 4076 judicia
888 4019 896 4054 ι
912 4015 969 4058 nec
984 4013 1040 4056 uos
1054 3994 1085 4055 iu
1098 4006 1197 4056 morte
1212 3992 1357 4054 omnium

281 4090 445 4178 Chrysippi
459 4114 589 4178 operum
609 4102 789 4164 sententiam
803 4101 947 4166 teramus.
962 4100 1124 4183 Sequitur,
1144 4115 1173 4164 et
1186 4101 1308 4190 excipit

320 4199 410 4261 Zeno
418 4198 570 4282 Sidonius,
580 4206 688 4287 dequo
695 4205 850 4293 Diogenes
861 4211 893 4272 in
903 4211 1037 4281 Zenone,
1048 4208 1246 4292 quumplures
1257 4207 1356 4272 inisse

279 4305 338 4370 hoc
351 4308 474 4373 nomine
488 4323 576 4378 notat
591 4335 598 4370 ε
617 4309 788 4402 «Quintus,
800 4316 916 4398 inquit,
930 4314 1093 4402 Chrysippi
1107 4314 1284 4400 disciputus,
1299 4318 1358 4398 qui
