2896 4958
346 491 431 533 ccxx
521 465 552 532 J.
578 465 746 536 LlPSlI
770 465 1218 540 MANUDUCTIONIS

346 627 412 668 esse
420 604 568 684 Ebrium,
578 609 648 689 quia
658 607 689 668 in
698 623 799 670 mente
810 629 871 671 non
880 610 1093 679 destinaveram
1104 623 1134 671 et
1143 631 1179 672 ea
1188 613 1218 671 in
1227 624 1310 672 recto
1321 613 1394 673 firma

344 727 527 794 perseverat·
543 713 586 774 Ut
598 712 720 776 Senecae
734 715 834 776 rerbis
848 715 921 797 (etsi
935 717 973 778 ad
986 715 1077 798 paulo
1091 717 1182 777 aliam
1196 738 1262 778 rem
1276 720 1392 801 aptatis]

344 815 393 879 ltic
408 831 476 879 utar
491 815 535 878 :a
545 819 694 901 positione
709 822 831 901 quidem
843 821 975 896 mentis,
994 835 1025 882 et
1037 821 1140 882 habitu
1153 822 1329 902 trnnquillns
1343 837 1391 897 est,

342 938 452 985 eventu
463 940 590 986 nonest.
600 954 615 980 n
627 924 710 1010 (Ep.
723 929 851 1005 txxtv.)
864 925 925 990 Sed
934 927 1005 990 huic
1019 942 1119 990 tamen
1133 943 1253 1001 nostro,
1269 951 1328 989 non
1341 931 1392 1012 pla·

342 1043 390 1090 cet
404 1029 463 1092 ltoc
477 1031 646 1092 Zenonirnn
659 1033 769 1115 dogma
783 1035 842 1112 (eo
859 1033 941 1094 enim
956 1033 1101 1117 adspicit)
1121 1059 1129 1104 ς
1148 1049 1178 1095 et
1196 1035 1323 1117 epistola
1339 1047 1391 1094 tota

341 1136 487 1218 suggillet.
497 1135 693 1198 Posidonium
704 1138 795 1198 etiam
808 1139 920 1218 rejicit,
935 1139 1179 1222 interpretantem
1192 1139 1393 1221 Eln'osumpro

341 1241 430 1302 Ebrio
444 1240 563 1325 (Epist.
580 1245 735 1320 mun.)
752 1265 759 1300 τ
783 1245 867 1323 quasi
883 1243 942 1306 hoc
955 1245 1039 1306 Zeno
1054 1245 1212 1316 voluisset,
1229 1265 1290 1304 non
1305 1244 1392 1304 solere

339 1361 438 1422 neque
461 1363 564 1404 amare
586 1340 715 1404 Ebrinm
736 1344 811 1406 fieri.
829 1341 943 1406 lllerito
966 1345 1064 1427 rejicit
1085 1369 1093 1404 ε
1116 1343 1176 1406 alia
1188 1365 1274 1406 mens
1288 1359 1350 1419 est,
1370 1357 1394 1403 et

339 1469 429 1528 quam
446 1449 517 1512 dixi.
535 1447 596 1512 Sed
613 1471 669 1512 nec
687 1451 765 1512 hanc
777 1451 947 1532 approbet,
963 1451 1026 1512 imo
1041 1451 1215 1534 impugnat:
1234 1449 1337 1512 «Nam
1351 1450 1390 1520 si,

338 1555 450 1635 iuquit,
466 1557 723 1640 argumentaberis
734 1602 743 1635 ,
755 1555 929 1639 Sapientem
942 1557 1037 1620 multo
1052 1559 1121 1618 vino
1134 1557 1298 1633 inebriari,
1313 1571 1341 1616 et
1354 1578 1394 1615 re·

337 1661 433 1722 tinere
453 1675 569 1724 rectum
589 1675 745 1739 tenorem,
763 1664 881 1725 etiamsi
900 1663 1080 1724 temulntus
1094 1664 1132 1724 sit
1149 1687 1156 1720 ε
1174 1663 1244 1725 lieet
1256 1662 1391 1744 colligas,

336 1787 393 1828 nec
409 1787 525 1830 reneno
539 1781 613 1850 poto
629 1771 823 1842 moriturum,
835 1790 890 1830 nec
902 1769 973 1850 opio
984 1782 1103 1850 sumpto
1113 1767 1330 1839 dormiturum,
1344 1787 1394 1826 uec

335 1872 474 1936 elleboro
496 1889 640 1956 accepto,
666 1876 808 1955 quidquid
828 1875 859 1934 in
880 1874 1044 1936 visceribus
1063 1873 1206 1941 herebit.
1226 1877 1392 1954 ejecturum.

335 1977 397 2042 Sed
411 1981 435 2042 si
452 1993 604 2042 tententur
618 1982 732 2062 pedes,
756 1980 856 2062 lingua
876 1999 938 2040 non
956 1991 1072 2042 constat
1092 2003 1100 2040 ε
1120 1981 1191 2060 quid
1214 1995 1280 2056 cst,
1307 2001 1393 2061 quare

333 2084 494 2160 existimes,
521 2085 552 2145 in
570 2098 655 2166 parte
671 2086 808 2146 sobrium
825 2106 901 2160 esse,
922 2085 952 2145 in
976 2099 1061 2167 parte
1078 2085 1244 2148 chriumt·
1262 2085 1353 2158 (lbid.
1366 2085 1393 2144 in

333 2190 392 2252 line
406 2189 528 2274 Epist.)
548 2189 601 2253 Da
614 2193 755 2265 veniam,
772 2194 899 2267 doctor,
915 2191 964 2254 hic
979 2213 1087 2274 perum
1101 2193 1229 2254 firmiter
1241 2193 1394 2276 argutaris.

332 2296 415 2378 Quid
429 2299 488 2362 hoc
501 2313 563 2378 est,
579 2322 598 2360 a
610 2321 739 2382 corpore
757 2302 795 2362 ad
809 2301 945 2361 animum
962 2313 1137 2382 argumenta
1156 2301 1287 2362 ducere?
1308 2297 1397 2360 Fate-

331 2426 401 2466 mur
414 2426 524 2490 corpus
539 2407 601 2466 vim
616 2405 678 2466 vini
692 2427 831 2490 passum,
850 2421 880 2468 et
896 2407 1005 2468 mentis
1022 2406 1217 2468 instrumenta
1229 2413 1246 2482 ,'
1261 2405 1392 2468 Sensus:

330 2531 475 2592 negamus
491 2525 624 2573 mentem
639 2513 758 2594 ipsam,
780 2512 812 2572 in
826 2534 858 2574 se
873 2533 986 2574 sanam.
998 2510 1066 2595 lpse
1082 2511 1172 2595 paulo
1184 2524 1253 2574 ente
1271 2511 1370 2574 dixisti
1385 2535 1391 2569 :

331 2614 510 2678 «Virtutem
523 2638 585 2679 non
599 2616 709 2699 expelli
724 2663 733 2694 ,
751 2633 804 2680 aut
817 2617 914 2680 amitti
928 2647 943 2672 »ο
960 2641 967 2678 :
988 2617 1047 2682 hoc
1065 2619 1170 2680 retine.
1185 2617 1293 2698 Quid,
1316 2619 1393 2698 quod

328 2720 516 2786 Socraticum
533 2737 598 2800 est,
614 2725 720 2786 bibere
740 2747 796 2788 nec
816 2727 933 2808 mergi?
949 2724 1036 2788 Plato
1049 2727 1086 2787 de
1102 2745 1139 2786 eo
1157 2748 1164 2784 τ
1184 2723 1352 2788 «Socrates
1365 2725 1392 2784 in

328 2831 487 2907 conviviis,
511 2830 616 2892 bibere
629 2830 710 2891 haud
724 2845 898 2914 proruptus,
920 2831 1063 2912 siquando
1079 2831 1272 2912 adigeretur,
1289 2851 1394 2890 omnes

328 2935 505 3014 superabat;
526 2949 567 3010 et,
581 2937 662 3017 quod
678 2937 809 2997 maxime
823 2935 973 3012 mirabile,
994 2934 1150 2998 Socratem
1168 2936 1290 2998 ebrium
1305 2957 1394 2996 uerno

325 3036 419 3099 homo
433 3041 505 3102 vidit
520 3063 661 3122 unquam.
674 3069 688 3096 u
708 3041 758 3121 (ln
775 3039 916 3120 Conriv.)
932 3040 1039 3104 Videu’
1054 3039 1226 3124 Sapientem
1241 3055 1275 3102 et
1288 3041 1393 3102 bibere

324 3145 473 3221 multum,
487 3161 516 3208 et
529 3160 630 3209 mente
640 3149 796 3210 constare?
808 3147 891 3208 Auo.
901 3146 932 3208 0
943 3147 1067 3210 callide!
1082 3167 1142 3210 non
1158 3167 1193 3210 ea
1206 3169 1316 3222 meus,
1330 3169 1393 3227 qius

324 3265 395 3329 tua,
412 3250 565 3323 Platonis,
588 3255 679 3316 etium
695 3253 831 3316 sensibus
848 3254 1012 3316 constitisse
1026 3251 1200 3328 Socratem,
1216 3253 1286 3314 vult
1299 3253 1394 3314 adfir-

324 3372 448 3420 matum.
465 3357 526 3422 Sed
539 3359 633 3436 heus,
656 3381 719 3422 non
736 3373 765 3420 et
781 3360 873 3422 talem
893 3383 950 3444 ego
967 3359 1169 3423 Socratiscum
1186 3359 1281 3422 hodie
1301 3360 1393 3420 novi?

322 3461 406 3524 Ltus.
421 3462 505 3541 Sile,
532 3465 586 3527 sile
604 3489 611 3524 :
628 3466 707 3527 disee
722 3465 799 3537 hoc,
823 3480 852 3527 et
866 3467 1019 3530 Zenonem
1041 3488 1058 3528 s
1074 3466 1196 3549 potione
1214 3466 1317 3528 alium
1335 3489 1395 3528 nou

320 3568 411 3634 luisse
433 3594 441 3630 :
465 3572 540 3652 «qui
558 3573 777 3656 interrogatus,
799 3577 972 3654 quomodo,
996 3595 1088 3654 quum
1109 3587 1245 3636 austems
1270 3574 1394 3657 iugenio

321 3691 417 3747 esset,
434 3679 464 3738 in
481 3679 552 3741 vino
565 3693 594 3740 et
608 3693 681 3762 potu
697 3679 931 3742 diffunderetur?
947 3679 1027 3742 Nam
1044 3688 1074 3742 et
1088 3679 1203 3762 lupini,
1219 3680 1347 3760 inquit,
1368 3692 1395 3740 et

320 3783 345 3844 si
358 3785 466 3856 amari,
480 3787 624 3848 macerati
635 3767 666 3848 et
677 3786 789 3870 perlusi
803 3787 986 3850 dulcescunt.
995 3815 1007 3840 »ι
1018 3784 1100 3866 Quid
1111 3799 1152 3856 tu,
1169 3783 1312 3848 seneca?
1323 3807 1394 3848 sua-

319 3889 370 3948 des
385 3889 448 3972 ipse
465 3917 479 3944 ιι
496 3910 712 3972 nonuunquam
722 3911 815 3972 usque
827 3895 865 3954 sd
876 3892 1052 3954 ebrietatem
1061 3890 1176 3966 veniri,
1189 3912 1255 3952 uon
1268 3906 1305 3952 ut
1316 3914 1397 3954 mer-

317 4007 368 4076 gat
380 4015 457 4072 nos,
473 3999 526 4058 sed
540 4012 572 4058 ut
587 3997 746 4080 deprimat.
760 4025 775 4050 n
787 3996 858 4077 (De
870 3997 985 4079 Tranq.
999 4019 1066 4081 cap.
1078 3997 1149 4071 ult)
1165 3995 1248 4058 Audi
1269 4021 1278 4058 t
1292 3999 1355 4061 hoc
1365 3999 1397 4058 fit

317 4097 451 4182 Sapienti
468 4101 553 4164 ebrio
570 4127 577 4164 :
595 4104 746 4180 multum,
761 4125 822 4166 non
839 4103 919 4165 male
935 4104 1028 4175 bibit,
1045 4117 1074 4164 et
1087 4105 1267 4164 serenandas
1282 4105 1398 4168 ruentis

317 4227 426 4278 causa,
445 4229 506 4268 non
519 4209 682 4272 turbandae.
698 4208 731 4272 Si
752 4226 851 4274 autom
865 4211 941 4282 hoc;
960 4231 976 4274 o
991 4231 1062 4274 cusu
1077 4223 1141 4287 est,
1158 4229 1219 4270 non
1240 4212 1286 4274 ab
1307 4211 1395 4274 iusti-

317 4326 399 4386 tuto;
418 4315 598 4397 ideoquene
615 4317 712 4400 culpo.
