2926 4958
319 397 430 465 clxxiv
500 395 530 461 J.
557 392 722 464 LIPSlI
747 387 1212 459 MANUDUCTIONIS

319 549 392 614 nat,
411 536 464 598 ubi
474 533 631 597 Platonica
647 544 802 594 recenset:
818 557 833 584 «ι
850 528 1038 596 Uuimodam
1047 552 1112 594 esse
1125 529 1278 594 Virtutem
1294 554 1301 590 :
1315 533 1391 611 quod

318 644 442 705 Bonum
458 653 562 725 suapte
575 652 683 702 natura
697 635 880 700 adminiculo
895 657 957 704 nott
974 637 1104 722 indiget:
1117 637 1284 722 perfectum
1296 652 1391 700 autern

320 773 413 832 quum
428 751 485 826 sit,
507 749 665 812 solitudine
682 747 773 810 debet
783 767 849 808 esse
867 759 1050 808 contentum.
1069 774 1085 802 2»
1101 745 1174 826 (De
1191 745 1392 828 Philos.)Scd

320 857 380 922 hoc
402 881 481 922 nunc
495 858 626 920 omitto:
648 859 685 918 dc
702 877 735 917 re
756 867 880 925 nostra,
904 855 1007 938 plures
1024 855 1170 932 facimus,
1188 876 1297 936 easque
1317 855 1393 916 iodi-

321 964 425 1026 viduas
447 977 480 1025 ut
499 964 542 1026 ihi
560 984 638 1040 una,
662 963 721 1024 sint
738 981 857 1022 omues.
872 943 1060 1048 Chrysippus
1076 961 1118 1024 ait
1133 963 1232 1044 (apud
1250 960 1327 1024 Ptut
1346 959 1393 1022 De

322 1068 464 1134 Contrar.
476 1067 592 1145 Stoic.)
605 1091 613 1130 ι
632 1096 647 1124 n
660 1067 796 1132 Virtutes
806 1069 935 1132 invicem
946 1069 1102 1142 comitari,
1116 1089 1177 1130 uon
1187 1069 1287 1131 solum
1299 1113 1309 1145 ,
1319 1069 1394 1149 quod

323 1178 375 1260 qui
389 1198 482 1239 unam
497 1176 610 1253 habet,
626 1197 732 1238 omnes
749 1175 879 1246 haheat;
899 1178 952 1238 sed
965 1178 1047 1256 quod
1060 1175 1112 1257 qui
1131 1178 1295 1240 secuudum
1309 1196 1396 1236 unam

324 1286 596 1369 aliquidoperatur,
609 1283 860 1346 idemsecuudum
868 1281 1394 1368 omnes¹.Etuecvirumpersectum,

325 1392 377 1476 qui
386 1413 448 1454 uon
459 1411 566 1455 omnes
574 1390 698 1452 virtutes
705 1389 900 1469 habeat,uec
906 1389 1087 1467 Actionem,
1097 1413 1160 1472 quse
1169 1411 1231 1452 uon
1241 1389 1397 1452 fiatsecuu-

326 1501 398 1562 dum
407 1519 524 1560 omnes.
532 1524 548 1552 υ
560 1495 675 1558 Totum
683 1496 733 1560 hic
744 1498 874 1581 dogma,
888 1509 918 1558 et
928 1497 1107 1560 sententiam
1117 1497 1212 1559 hahes
1224 1520 1232 1556 ε
1245 1517 1337 1577 quam
1349 1498 1397 1560 du-

326 1604 439 1688 plicem
449 1603 540 1665 etiarn
550 1602 644 1666 vides.
653 1599 745 1664 Prior
754 1615 814 1676 est,
829 1629 845 1658 κ
857 1602 941 1684 sequi
952 1625 984 1693 se
996 1648 1005 1679 ,
1019 1616 1052 1664 ut
1062 1623 1121 1664 uua
1136 1603 1195 1664 sint
1205 1603 1398 1686 apud'quern-

327 1731 516 1793 queuuum.»
525 1707 641 1771 Plinius
652 1710 691 1770 ad
700 1707 886 1791 Traianum:
900 1707 1088 1772 «Didicirnus
1098 1709 1232 1790 quidem,
1243 1709 1292 1770 cui
1298 1707 1398 1773 Virtus

327 1817 428 1899 aliqua
438 1814 607 1898 contingat,
623 1835 729 1876 omnes
740 1815 847 1876 inesse.
861 1841 875 1866 u
887 1813 981 1895 Quod
995 1813 1106 1880 Cicero
1117 1815 1208 1878 variis
1217 1815 1304 1891 locis,
1316 1828 1398 1894 atque

329 1922 403 1983 alibi
418 1922 458 1982 ita
475 1921 615 1984 adfirmat
631 1945 638 1980 :
653 1933 686 1982 ut
699 1947 714 1976 «ι
728 1917 761 1982 si
773 1939 885 2000 unam,
904 1919 1019 2002 inquit,
1032 1919 1186 1988 Virtutem
1198 1922 1351 1986 consessus
1359 1921 1399 1982 sis

328 2041 359 2090 te
373 2047 434 2088 non
447 2024 578 2102 habere,
596 2025 712 2087 nullam
728 2047 851 2089 necesse
873 2026 911 2087 sit
925 2040 955 2088 te
975 2026 1158 2091 habiturum.
1178 2055 1193 2082 a
1215 2026 1272 2107 (ll
1291 2026 1398 2106 Tuso)

329 2131 421 2196 Ratio
432 2115 462 2192 in
471 2129 586 2194 Seneca
595 2153 602 2191 ε
611 2131 680 2212 quia
694 2153 810 2217 equum
822 2131 915 2193 semel
927 2132 1061 2200 animum
1068 2132 1174 2196 Virtus
1182 2133 1341 2207 induravit,
1352 2153 1401 2196 uu·

331 2238 419 2322 dique
429 2236 680 2300 inrtdnerabilem
691 2251 820 2320 praestat.
830 2235 902 2298 Nou
914 2239 997 2299 euim
1007 2237 1124 2320 singula
1134 2238 1222 2312 vitia,
1235 2237 1343 2314 Ratio,
1353 2239 1401 2300 sed

332 2344 449 2431 pariter
463 2343 564 2404 omnia
578 2344 761 2426 prosternit.
777 2344 808 2404 in
823 2345 996 2406 universum
1012 2344 1107 2406 semel
1121 2345 1221 2408 vincit.
1235 2373 1250 2400 υ
1267 2343 1401 2425 (Consul.

334 2453 373 2513 ad
384 2448 491 2526 Helu,
505 2471 570 2532 cap.
587 2467 654 2510 xttt.
669 2449 780 2530 Vide.)
796 2447 880 2512 Sicut
894 2451 940 2512 sol
953 2450 1005 2512 ille
1019 2452 1155 2534 pariter,
1170 2453 1286 2528 oritur,
1302 2466 1332 2516 et
1343 2473 1402 2513 orn-

334 2558 384 2618 nia
394 2557 532 2618 illustrat.
550 2555 624 2619 Haec
635 2556 727 2618 etiam
738 2557 833 2620 nostri
844 2555 996 2620 Doctores
1007 2579 1146 2636 sensere,
1160 2573 1193 2622 ut
1204 2559 1399 2622 Ambrosius:

337 2663 497 2725 «Virtutes
511 2663 677 2724 individuas
689 2685 772 2738 esse,
788 2666 842 2726 sed
853 2664 995 2747 opinione
1006 2665 1087 2748 vulgi
1097 2667 1254 2747 sejunctas.
1273 2693 1289 2722 a
1301 2665 1382 2728 Alibi
1394 2687 1400 2724 ε

337 2799 352 2824 «ι
370 2767 520 2832 Connexae
532 2769 589 2832 sibi
605 2783 673 2832 sunt
687 2783 944 2851 concatenataeque
962 2769 1120 2849 Virtutes,
1136 2784 1169 2833 ut
1182 2772 1233 2853 qui
1247 2793 1340 2836 uuam
1350 2771 1403 2830 ha-

336 2874 407 2948 bet,
427 2875 531 2959 plures
545 2853 660 2938 habere
678 2877 823 2939 videatur.
843 2903 857 2930 υ
870 2877 878 2950 t
891 2875 906 2938 l
917 2873 1008 2940 Offic-
1024 2898 1089 2960 cap.
1105 2900 1140 2961 ²7
1155 2923 1164 2953 ,
1185 2891 1215 2940 et
1228 2875 1276 2954 ll,
1290 2899 1356 2960 cap.
1366 2875 1403 2959 9.)

336 2979 473 3062 Itemque
498 2979 686 3066 Gregorius:
700 2981 799 3044 «Una
817 2981 923 3044 Virtus
938 2983 1002 3044 sine
1021 2982 1088 3046 aliis
1102 3028 1110 3060 ,
1127 2997 1179 3045 aut
1190 2983 1315 3046 omniuo
1328 2981 1403 3042 uuila

338 3101 404 3159 est,
419 3102 469 3149 aut
480 3088 656 3171 imperfecta
669 3103 722 3152 est.
736 3117 750 3145 υ
767 3087 825 3174 (ln
839 3086 914 3150 Luc.
926 3111 993 3171 cap.
1004 3088 1048 3167 6.)
1055 3088 1139 3154 Nota
1151 3090 1301 3173 posterius
1311 3110 1404 3151 mem-

338 3193 448 3266 brum3
465 3216 537 3256 nam
552 3196 583 3255 in
595 3216 632 3258 eo
645 3216 752 3273 error,
768 3198 850 3278 quod
860 3196 976 3278 species
991 3209 1020 3258 et
1032 3197 1132 3280 imago
1142 3195 1272 3258 Virtutis
1287 3196 1404 3277 alicujus

339 3301 480 3364 solitariae
497 3323 573 3383 saepe
589 3315 656 3363 est:
679 3305 731 3364 sed
749 3302 871 3388 imago,
888 3316 918 3364 et
938 3316 971 3364 ut
983 3302 1034 3365 ille
1055 3303 1116 3378 ait,
1135 3303 1314 3386 impeffecto.
1332 3301 1403 3364 Ille?

341 3420 410 3470 a'nte
429 3429 499 3469 eum
515 3406 602 3470 Plato
619 3407 694 3488 (lib.
710 3407 734 3470 l.
749 3407 862 3471 Moral.
874 3405 886 3492 )
900 3433 907 3469 :
921 3433 957 3472 ex
973 3411 1056 3493 cujus
1070 3409 1201 3473 sontibus
1215 3409 1317 3474 hausit
1331 3409 1406 3492 Apu-

340 3514 426 3576 leius.
444 3542 459 3567 «
475 3511 672 3598 Imperfectas
681 3515 817 3578 Virtutes
830 3520 913 3597 (quau
922 3516 999 3588 siut,
1013 3515 1055 3578 ihi
1069 3518 1157 3597 vide)
1168 3532 1264 3580 semet
1275 3515 1407 3588 comitari

342 3631 457 3702 negat:
476 3641 526 3681 eas
545 3641 617 3683 vero
638 3643 703 3702 quse
715 3619 860 3684 Persectae
878 3637 965 3699 suut,
987 3623 1153 3688 individuas
1168 3624 1224 3686 sihi
1243 3639 1274 3686 et
1289 3625 1365 3686 inter
1378 3643 1406 3684 sc

344 3745 493 3788 connexas
508 3747 583 3789 esse.
597 3755 612 3781 n
625 3726 696 3808 (De
708 3725 839 3810 Philus.)
853 3727 969 3792 Causa:
986 3730 1056 3812 quia
1066 3729 1119 3792 uhi
1128 3751 1187 3792 una
1198 3731 1300 3812 aliqua
1309 3730 1407 3790 Virtus

344 3831 477 3912 perfecta
491 3836 541 3914 (et
557 3836 593 3896 de
608 3855 644 3897 ea
659 3857 780 3920 semper
800 3835 936 3916 Stoici),
953 3837 995 3898 ibi
1012 3851 1043 3900 et
1062 3837 1154 3904 Ratio
1171 3839 1329 3923 persectat
1350 3858 1409 3918 qun

346 3958 411 3999 esse
423 3959 483 3999 uon
493 3953 607 4022 potest,
623 3941 681 4003 nisi
695 3957 727 4004 ut
740 3945 803 4006 vim
818 3958 847 4006 et
860 3944 964 4014 lumen
976 3967 1063 4011 suunt
1075 3948 1114 4009 ad
1125 3946 1200 4008 alias
1211 3947 1304 4010 etiarn
1312 3944 1408 4006 Virtu-

381 4153 388 4180 ¹
401 4149 456 4222 Ipsa
468 4169 539 4224 poene
549 4153 624 4206 verba
637 4154 690 4208 haec
702 4155 729 4207 in
740 4155 831 4208 Laertii
845 4158 904 4208 item
921 4157 1032 4210 Zenone·
1045 4155 1120 4212 Adde
1131 4157 1255 4212 Plutarch.
1273 4156 1339 4208 inira
1351 4151 1409 4204 Dis-

347 4254 406 4294 sect.
420 4258 463 4292 xt‘.
