2910 4954
781 458 844 522 DE
869 459 958 524 tna

331 578 368 643 in
392 575 543 644 letitiam
567 577 738 646 monenda
764 599 856 650 sunt.
887 586 929 650 Et
949 582 1032 674 qnia
1048 579 1128 648 aliis
1144 595 1260 646 contra
1285 579 1387 657 iram,

330 694 406 762 eliis
431 709 549 762 oontm
567 695 739 764 tristitiam
759 699 921 768 remediis
942 695 1107 766 utendum
1125 713 1197 778 est,
1219 721 1283 764 nec
1302 696 1392 764 dissi-
1449 689 1450 712 ¹

331 807 467 876 milibus
483 824 612 876 tantam
623 810 688 878 ista
702 815 727 891 ¹,
739 811 800 879 sed
810 813 991 882 contrariis
999 808 1150 880 curanda
1158 825 1255 894 sunt,
1266 833 1392 902 semper

329 925 362 992 ei
388 949 605 993 occurremus
629 925 724 1018 quod
748 929 972 998 increverit².
994 927 1206 1007 Plurimum,
1236 927 1389 1016 inquam,

291 1079 305 1109 ι
329 1040 482 1135 proderit
499 1065 623 1134 pueros
636 1045 748 1112 statim
765 1045 950 1114 salubriter
962 1044 1108 1112 institui.
1126 1041 1275 1111 Difficile
1285 1059 1391 1110 autem

329 1159 483 1252 regimen
502 1175 575 1241 est,
597 1160 679 1252 quia
704 1161 787 1230 dare
805 1160 969 1230 debemus
986 1183 1146 1253 operam,
1171 1183 1216 1228 nc
1233 1174 1294 1226 aut
1310 1161 1388 1228 iram

329 1272 450 1341 inillis
474 1275 687 1368 nutriamus,
709 1291 770 1342 aut
786 1275 934 1343 indolem
955 1266 1212 1344 retundamus³.
1233 1275 1393 1366 Diligenti
1449 1319 1450 1324 κ

329 1389 563 1458 observatione
587 1413 642 1458 res
670 1389 815 1485 indiget.
850 1395 1040 1482 Utrumque
1065 1392 1209 1458 enimet
1227 1389 1393 1480 quodex-
1449 1473 1450 1492 ,

329 1505 540 1587 tollendum,
561 1523 597 1574 et
610 1505 702 1598 quod
717 1505 977 1600 deprimendum
993 1501 1067 1575 cst‘
1088 1506 1253 1574 similibus
1265 1506 1368 1575 alitur
1384 1535 1391 1572 :
1449 1557 1450 1562 η

330 1619 428 1690 facile
440 1637 554 1692 autem
567 1624 667 1692 etiam
681 1621 912 1690 attendentem
927 1621 1051 1689 similia
1064 1620 1250 1714 decipiunt.
1268 1623 1395 1690 Crescit

329 1738 469 1806 licentia
494 1741 657 1834 spiritus,
690 1741 854 1810 servitute
884 1739 1124 1806 comminuitur
1147 1765 1154 1804 :
1176 1740 1344 1834 assurgit,
1368 1741 1394 1806 si
1449 1723 1450 1746 ¹

329 1853 508 1939 laudatur,
532 1855 622 1926 etin
642 1881 737 1952 spem
756 1857 809 1926 sui
828 1855 951 1923 bonam
969 1853 1169 1940 adducitur3
1196 1854 1258 1924 sod
1280 1855 1393 1925 eadem

288 1989 303 2040 ³
328 1970 391 2038 ista
405 1972 617 2041 insolentiam
637 1989 671 2058 et
692 1971 901 2040 iracundiam
918 1987 1095 2064 generant.
1112 1971 1167 2040 Sic
1179 1973 1295 2063 itaque
1309 1973 1395 2040 inter

330 2099 513 2177 utrumque
532 2087 704 2180 regendus
723 2103 796 2170 cst,
818 2101 857 2155 ut
869 2085 967 2154 modo
987 2085 1101 2153 fraenis
1119 2101 1276 2171 utamur,
1298 2086 1392 2155 modo

328 2198 485 2267 stimulis.
508 2201 602 2268 Nihil
616 2201 766 2284 humile,
788 2200 876 2270 nihil
894 2199 1017 2267 servile
1031 2200 1179 2292 patiatur
1195 2228 1203 2266 ε
1221 2225 1393 2294 nunquam

329 2312 378 2382 illi
398 2337 536 2382 necesse
560 2317 605 2382 sit
627 2339 750 2410 rogare
777 2314 997 2408 suppliciter,
1021 2337 1085 2382 nec
1104 2315 1214 2408 prosit
1234 2339 1390 2410 rogasse,

326 2429 438 2523 potius
456 2453 566 2498 causas
585 2455 679 2515 suae,
702 2449 737 2500 ct
750 2429 922 2525 prioribus
941 2429 1059 2510 factis,
1082 2445 1117 2496 et
1135 2427 1232 2497 bonis
1251 2432 1289 2498 in
1306 2431 1394 2498 funi-

328 2569 402 2611 rum
420 2545 592 2637 promissis
611 2545 757 2615 donetur
769 2540 794 2613 ⁵.
816 2548 856 2612 Iu
876 2545 1117 2614 certaminibus
1132 2547 1313 2637 equalium
1333 2573 1396 2616 nec

325 2660 416 2728 vinci
445 2658 540 2728 illum
566 2663 756 2755 patiamur,
784 2685 848 2730 neo
870 2661 970 2728 irasci
987 2651 1017 2724 ⁶2
1035 2658 1153 2728 demus
1176 2684 1336 2754 operam,
1359 2679 1396 2729 ut

328 2775 501 2843 familiaris
520 2777 564 2844 sit
586 2779 662 2861 his,
685 2803 762 2846 cum
786 2777 912 2870 quibus
935 2774 1140 2844 contendero
1167 2778 1273 2858 solet,
1299 2797 1336 2848 ut
1359 2781 1393 2845 in

327 2891 510 2959 certamine
524 2910 693 2962 assuescat
703 2917 771 2961 non
785 2916 907 2961 nocere
916 2891 1004 2960 velle
1018 2941 1027 2972 ,
1040 2891 1100 2960 scd
1109 2894 1247 2961 vincere
1262 2899 1286 2960 7.
1300 2895 1397 2986 Quo·

326 3057 389 3112 lieni
396 3069 421 3110 et
429 3055 544 3111 acerrimi
552 3019 768 3114 lfflltowean
778 3079 836 3113 cum
919 3061 944 3125 4.
956 3058 1181 3114 Exustam...
1191 3063 1395 3132 deprimendwn.

326 3133 394 3188 hisee
412 3153 573 3208 comparasse.
597 3135 730 3190 Brevitatis
752 3149 834 3192 summ
876 3137 943 3214 ΙΗοε
970 3139 1097 3212 perspicue
1127 3139 1303 3214 interpretatur
1332 3141 1394 3193 lu-

327 3224 417 3266 nestrae
425 3232 479 3266 non
488 3214 834 3290 esset,lraecsusiusperscqui.
880 3233 980 3286 granpr
991 3235 998 3270 τ
1011 3241 1024 3266 e
1038 3219 1084 3270 Les
1095 3231 1178 3272 sertus
1194 3221 1258 3292 qu'il
1270 3223 1323 3274 faut
1332 3219 1395 3274 cul-

363 3309 384 3341 1.
391 3291 461 3344 Ista.
470 3291 557 3366 Suppl.
566 3297 647 3360 vitiu,
657 3297 697 3348 vel
708 3296 834 3370 intellige:
885 3314 898 3338 ν
911 3293 975 3346 tiver
986 3307 1011 3346 et
1021 3293 1057 3348 les
1068 3295 1134 3350 vices
1146 3295 1210 3366 qu’il
1221 3299 1275 3350 lent
1287 3298 1395 3350 itoniser

327 3367 420 3421 Mentis
434 3371 538 3424 allectus
555 3373 585 3426 ad
601 3375 747 3448 pravitatem
760 3377 833 3430 senile
884 3393 897 3418 ¹·
910 3392 936 3425 ιο
947 3373 1102 3426 nominent
1119 3389 1228 3428 souvent
1238 3377 1283 3429 des
1298 3383 1394 3428 memes

326 3447 428 3500 uenturi
440 3447 576 3506 incautum.
884 3473 897 3496 υ
910 3451 1023 3503 elimans.
1036 3474 1048 3498 ι

347 3545 382 3613 ,²¹
394 3525 625 3618 Ei.....:incrererit.
635 3530 769 3586 illudente
780 3553 833 3586 om·
915 3535 938 3586 5.
952 3531 1082 3586 causum
1090 3535 1206 3586 amur.
1219 3533 1318 3607 Siquid
1330 3553 1393 3586 ton·

325 3603 832 3744 istesttutassent}
882 3608 1396 3759 {naamatites

325 3745 478 3802 dominatur.
881 3783 951 3816 suem
959 3763 1062 3829 hebeat,
1071 3765 1161 3835 justam
1171 3787 1263 3841 nempe
1273 3771 1283 3834 )
1294 3780 1318 3819 et
1326 3766 1396 3838 prio·

359 3823 381 3875 3.
394 3825 435 3878 Ne
445 3839 494 3880 aut
504 3832 581 3882 iram
585 3869 642 3884 .......
656 3837 832 3890 ntundumus.
881 3839 949 3892 ribus
961 3841 1047 3906 lactis,
1062 3855 1086 3894 at
1094 3843 1185 3898 intruis
1194 3864 1295 3916 qunque
1306 3842 1393 3917 potius

325 3900 610 3976 Utrumquecerendnm
619 3923 715 3978 est:ne‚
722 3913 773 3966 rim
781 3915 833 3968 eni·
881 3937 957 3988 quem
968 3920 1088 3993 precibus.

235 4047 244 4068 1
324 3999 366 4034 mo
378 3980 556 4052 infundentes,
569 3987 832 4062 irsmquoquesusci-
914 3997 938 4050 6.
951 3997 1003 4051 Nee
1016 4002 1103 4058 irasci.
1119 3999 1188 4067 Quis
1205 4001 1285 4056 victus
1298 4001 1327 4053 sb
1344 4000 1394 4052 ad·

323 4069 418 4120 temus;
430 4081 489 4126 neu,
502 4062 563 4118 dum
575 4065 637 4118 irem
645 4069 830 4142 supprimimus,
879 4075 989 4136 ,venerio
1001 4077 1083 4132 fuerit

322 4135 374 4188 vim
385 4136 478 4192 indolis
496 4154 539 4194 aut
557 4144 683 4198 minorem
695 4147 829 4212 liniemus,
915 4175 938 4225 7.
950 4155 1010 4208 Non
1021 4168 1107 4212 nudor
1121 4161 1202 4223 selle,
1222 4162 1269 4214 sed
1281 4161 1393 4210 υἰκεη.

320 4227 363 4268 sut
375 4218 481 4270 omnino
494 4220 599 4276 nullam.
883 4235 948 4284 Nam
961 4233 1009 4287 lior
1016 4237 1144 4289 emulatio
1153 4280 1160 4302 ,
1170 4237 1233 4289 illud
1241 4235 1330 4292 insidis
1340 4249 1392 4286 est.
