<?xml version="1.0" encoding="UTF-8"?>
<!DOCTYPE html PUBLIC "-//W3C//DTD XHTML 1.0 Transitional//EN"
    "http://www.w3.org/TR/xhtml1/DTD/xhtml1-transitional.dtd">
<html xmlns="http://www.w3.org/1999/xhtml" xml:lang="en" lang="en">
 <head>
  <title>
</title>
<meta http-equiv="Content-Type" content="text/html;charset=utf-8" />
  <meta name='ocr-system' content='tesseract 3.04.00' />
  <meta name='ocr-capabilities' content='ocr_page ocr_carea ocr_par ocr_line ocrx_word'/>
</head>
<body>
  <div class='ocr_page' id='page_1' title='image "./lannsenecparspr01bouigoog_0092.png"; bbox 0 0 2930 4956; ppageno 0'>
   <div class='ocr_carea' id='block_1_1' title="bbox 81 457 1142 2497">
    <p class='ocr_par' dir='ltr' id='par_1_1' title="bbox 81 457 1123 778">
     <span class='ocr_line' id='line_1_1' title="bbox 249 457 1117 553; baseline -0.008 -15"><span class='ocrx_word' id='word_1_1' title='bbox 249 469 317 538; x_wconf 81' lang='lat' dir='ltr'><strong>AD</strong></span> <span class='ocrx_word' id='word_1_2' title='bbox 342 468 512 540; x_wconf 86' lang='lat' dir='ltr'><strong>STOIC.</strong></span> <span class='ocrx_word' id='word_1_3' title='bbox 538 464 733 536; x_wconf 66' lang='lat' dir='ltr'><strong>umbos.</strong></span> <span class='ocrx_word' id='word_1_4' title='bbox 760 457 855 534; x_wconf 76' lang='lat' dir='ltr'><strong>mn.</strong></span> <span class='ocrx_word' id='word_1_5' title='bbox 881 465 911 536; x_wconf 90' lang='lat'><strong>1.</strong></span> <span class='ocrx_word' id='word_1_6' title='bbox 1022 463 1117 553; x_wconf 83' lang='lat' dir='ltr'><strong>lxxxj</strong></span> 
     </span>
     <span class='ocr_line' id='line_1_2' title="bbox 81 581 1123 670; baseline -0.004 -21"><span class='ocrx_word' id='word_1_7' title='bbox 81 585 201 650; x_wconf 85' lang='lat' dir='ltr'><strong>etoollnn</strong></span> <span class='ocrx_word' id='word_1_8' title='bbox 210 587 338 652; x_wconf 83' lang='lat' dir='ltr'><strong>inuadit?</strong></span> <span class='ocrx_word' id='word_1_9' title='bbox 350 586 419 650; x_wconf 90' lang='lat' dir='ltr'><strong>lmo</strong></span> <span class='ocrx_word' id='word_1_10' title='bbox 430 585 483 650; x_wconf 93' lang='lat' dir='ltr'><strong>ille</strong></span> <span class='ocrx_word' id='word_1_11' title='bbox 493 584 636 670; x_wconf 75' lang='lat' dir='ltr'><strong>gaudium</strong></span> <span class='ocrx_word' id='word_1_12' title='bbox 644 597 675 647; x_wconf 89' lang='lat' dir='ltr'><strong>et</strong></span> <span class='ocrx_word' id='word_1_13' title='bbox 684 583 865 647; x_wconf 89' lang='lat' dir='ltr'><strong>indomitum</strong></span> <span class='ocrx_word' id='word_1_14' title='bbox 874 581 975 668; x_wconf 82' lang='lat' dir='ltr'><strong>ipsum</strong></span> <span class='ocrx_word' id='word_1_15' title='bbox 983 601 1123 646; x_wconf 84' lang='lat' dir='ltr'><strong>umorem</strong></span> 
     </span>
     <span class='ocr_line' id='line_1_3' title="bbox 83 693 429 778; baseline 0.006 -24"><span class='ocrx_word' id='word_1_16' title='bbox 83 695 151 754; x_wconf 85' lang='lat' dir='ltr'><strong>dunat</strong></span> <span class='ocrx_word' id='word_1_17' title='bbox 165 717 172 753; x_wconf 92' lang='lat'><strong>:</strong></span> <span class='ocrx_word' id='word_1_18' title='bbox 186 694 288 778; x_wconf 81' lang='lat' dir='ltr'>aspicit</span> <span class='ocrx_word' id='word_1_19' title='bbox 300 693 429 768; x_wconf 82' lang='lat' dir='ltr'><strong>tacitus,</strong></span> 
     </span>
    </p>

    <p class='ocr_par' dir='ltr' id='par_1_2' title="bbox 241 813 808 899">
     <span class='ocr_line' id='line_1_4' title="bbox 241 813 808 899; baseline -0.009 -16"><span class='ocrx_word' id='word_1_20' title='bbox 241 813 363 898; x_wconf 53' lang='lat' dir='ltr'><strong>&amp;nupt</strong></span> <span class='ocrx_word' id='word_1_21' title='bbox 376 829 454 884; x_wconf 61' lang='lat' dir='ltr'><strong>runt</strong></span> <span class='ocrx_word' id='word_1_22' title='bbox 467 827 630 899; x_wconf 57' lang='lat' dir='ltr'><strong>upum„</strong></span> <span class='ocrx_word' id='word_1_23' title='bbox 641 863 650 894; x_wconf 86' lang='lat'><strong>,</strong></span> <span class='ocrx_word' id='word_1_24' title='bbox 662 829 689 885; x_wconf 80' lang='lat' dir='ltr'><strong>u</strong></span> <span class='ocrx_word' id='word_1_25' title='bbox 702 825 808 897; x_wconf 58' lang='lat' dir='ltr'><strong>sapt,</strong></span> 
     </span>
    </p>

    <p class='ocr_par' dir='ltr' id='par_1_3' title="bbox 83 917 1142 2497">
     <span class='ocr_line' id='line_1_5' title="bbox 244 917 928 991; baseline -0.003 -19"><span class='ocrx_word' id='word_1_26' title='bbox 244 921 328 991; x_wconf 80' lang='lat' dir='ltr'><strong>Atque</strong></span> <span class='ocrx_word' id='word_1_27' title='bbox 338 917 407 972; x_wconf 85' lang='lat' dir='ltr'><strong>oculi</strong></span> <span class='ocrx_word' id='word_1_28' title='bbox 416 919 513 972; x_wconf 83' lang='lat' dir='ltr'><strong>stabant</strong></span> <span class='ocrx_word' id='word_1_29' title='bbox 523 955 532 986; x_wconf 84' lang='lat'><strong>,</strong></span> <span class='ocrx_word' id='word_1_30' title='bbox 543 931 572 972; x_wconf 83' lang='lat' dir='ltr'><strong>ut</strong></span> <span class='ocrx_word' id='word_1_31' title='bbox 581 937 676 982; x_wconf 85' lang='lat' dir='ltr'><strong>cornu,</strong></span> <span class='ocrx_word' id='word_1_32' title='bbox 688 917 731 970; x_wconf 83' lang='lat' dir='ltr'><strong>vel</strong></span> <span class='ocrx_word' id='word_1_33' title='bbox 741 917 814 990; x_wconf 79' lang='lat' dir='ltr'><strong>qnasi</strong></span> <span class='ocrx_word' id='word_1_34' title='bbox 824 918 928 971; x_wconf 82' lang='lat' dir='ltr'><strong>lerrnm.</strong></span> 
     </span>
     <span class='ocr_line' id='line_1_6' title="bbox 84 1041 1132 1134; baseline 0.004 -28"><span class='ocrx_word' id='word_1_35' title='bbox 84 1041 216 1128; x_wconf 78' lang='lat' dir='ltr'><strong>qunam</strong></span> <span class='ocrx_word' id='word_1_36' title='bbox 232 1071 304 1112; x_wconf 87' lang='lat' dir='ltr'><strong>eum</strong></span> <span class='ocrx_word' id='word_1_37' title='bbox 318 1055 441 1112; x_wconf 80' lang='lat' dir='ltr'><strong>versum</strong></span> <span class='ocrx_word' id='word_1_38' title='bbox 454 1050 533 1134; x_wconf 78' lang='lat' dir='ltr'><strong>legi,</strong></span> <span class='ocrx_word' id='word_1_39' title='bbox 546 1049 619 1132; x_wconf 90' lang='lat' dir='ltr'><strong>quin</strong></span> <span class='ocrx_word' id='word_1_40' title='bbox 630 1047 725 1113; x_wconf 80' lang='lat' dir='ltr'>Stoici</span> <span class='ocrx_word' id='word_1_41' title='bbox 739 1047 820 1112; x_wconf 87' lang='lat' dir='ltr'><strong>illins</strong></span> <span class='ocrx_word' id='word_1_42' title='bbox 834 1049 899 1112; x_wconf 85' lang='lat' dir='ltr'><strong>veri</strong></span> <span class='ocrx_word' id='word_1_43' title='bbox 910 1093 919 1126; x_wconf 94' lang='lat'><strong>,</strong></span> <span class='ocrx_word' id='word_1_44' title='bbox 932 1047 1052 1110; x_wconf 89' lang='lat' dir='ltr'><strong>immoti</strong></span> <span class='ocrx_word' id='word_1_45' title='bbox 1063 1051 1132 1110; x_wconf 67' lang='lat' dir='ltr'><strong>tne-</strong></span> 
     </span>
     <span class='ocr_line' id='line_1_7' title="bbox 83 1153 1129 1242; baseline 0.002 -28"><span class='ocrx_word' id='word_1_46' title='bbox 83 1159 126 1222; x_wconf 71' lang='lat' dir='ltr'><strong>lris</strong></span> <span class='ocrx_word' id='word_1_47' title='bbox 135 1154 224 1239; x_wconf 76' lang='lat' dir='ltr'><strong>imago</strong></span> <span class='ocrx_word' id='word_1_48' title='bbox 237 1154 315 1218; x_wconf 88' lang='lat' dir='ltr'><strong>mibi</strong></span> <span class='ocrx_word' id='word_1_49' title='bbox 333 1155 516 1218; x_wconf 83' lang='lat' dir='ltr'><strong>subveniret.</strong></span> <span class='ocrx_word' id='word_1_50' title='bbox 532 1153 609 1218; x_wconf 86' lang='lat' dir='ltr'><strong>Jam</strong></span> <span class='ocrx_word' id='word_1_51' title='bbox 621 1155 738 1238; x_wconf 79' lang='lat' dir='ltr'><strong>reliqua</strong></span> <span class='ocrx_word' id='word_1_52' title='bbox 748 1155 886 1242; x_wconf 85' lang='lat' dir='ltr'><strong>Ulysseis</strong></span> <span class='ocrx_word' id='word_1_53' title='bbox 898 1167 977 1232; x_wconf 90' lang='lat' dir='ltr'><strong>tota,</strong></span> <span class='ocrx_word' id='word_1_54' title='bbox 989 1155 1060 1237; x_wconf 81' lang='lat' dir='ltr'><strong>quid</strong></span> <span class='ocrx_word' id='word_1_55' title='bbox 1071 1153 1129 1216; x_wconf 89' lang='lat' dir='ltr'><strong>uisi</strong></span> 
     </span>
     <span class='ocr_line' id='line_1_8' title="bbox 84 1257 1132 1346; baseline -0.001 -22"><span class='ocrx_word' id='word_1_56' title='bbox 84 1257 203 1338; x_wconf 76' lang='lat' dir='ltr'><strong>Virtutis,</strong></span> <span class='ocrx_word' id='word_1_57' title='bbox 216 1260 416 1340; x_wconf 75' lang='lat' dir='ltr'><strong>Constantior,</strong></span> <span class='ocrx_word' id='word_1_58' title='bbox 434 1259 523 1325; x_wconf 80' lang='lat' dir='ltr'><strong>Fidei</strong></span> <span class='ocrx_word' id='word_1_59' title='bbox 537 1261 642 1326; x_wconf 81' lang='lat' dir='ltr'><strong>schola</strong></span> <span class='ocrx_word' id='word_1_60' title='bbox 653 1275 699 1326; x_wconf 86' lang='lat' dir='ltr'><strong>est</strong></span> <span class='ocrx_word' id='word_1_61' title='bbox 710 1263 722 1326; x_wconf 74' lang='grc' dir='ltr'>Ρ</span> <span class='ocrx_word' id='word_1_62' title='bbox 734 1259 798 1324; x_wconf 89' lang='lat' dir='ltr'><strong>Ubi</strong></span> <span class='ocrx_word' id='word_1_63' title='bbox 808 1277 932 1325; x_wconf 83' lang='lat' dir='ltr'><strong>externa</strong></span> <span class='ocrx_word' id='word_1_64' title='bbox 941 1260 1004 1324; x_wconf 88' lang='lat' dir='ltr'><strong>ulla</strong></span> <span class='ocrx_word' id='word_1_65' title='bbox 1015 1281 1132 1346; x_wconf 78' lang='lat' dir='ltr'><strong>oppro-</strong></span> 
     </span>
     <span class='ocr_line' id='line_1_9' title="bbox 84 1365 1130 1453; baseline 0.005 -26"><span class='ocrx_word' id='word_1_66' title='bbox 84 1365 147 1440; x_wconf 82' lang='lat' dir='ltr'><strong>brta,</strong></span> <span class='ocrx_word' id='word_1_67' title='bbox 157 1383 203 1432; x_wconf 87' lang='lat' dir='ltr'><strong>ant</strong></span> <span class='ocrx_word' id='word_1_68' title='bbox 212 1368 355 1451; x_wconf 68' lang='lat' dir='ltr'><strong>quaesita?</strong></span> <span class='ocrx_word' id='word_1_69' title='bbox 367 1368 434 1450; x_wconf 83' lang='lat' dir='ltr'><strong>quis</strong></span> <span class='ocrx_word' id='word_1_70' title='bbox 444 1387 505 1430; x_wconf 92' lang='lat' dir='ltr'><strong>non</strong></span> <span class='ocrx_word' id='word_1_71' title='bbox 516 1367 606 1431; x_wconf 91' lang='lat' dir='ltr'><strong>labor</strong></span> <span class='ocrx_word' id='word_1_72' title='bbox 615 1387 672 1452; x_wconf 93' lang='lat' dir='ltr'><strong>pro</strong></span> <span class='ocrx_word' id='word_1_73' title='bbox 684 1365 823 1431; x_wconf 82' lang='lat' dir='ltr'><strong>Honesto</strong></span> <span class='ocrx_word' id='word_1_74' title='bbox 834 1367 954 1430; x_wconf 79' lang='lat' dir='ltr'><strong>sortiter</strong></span> <span class='ocrx_word' id='word_1_75' title='bbox 964 1382 1130 1453; x_wconf 85' lang='lat' dir='ltr'><strong>susceptus,</strong></span> 
     </span>
     <span class='ocr_line' id='line_1_10' title="bbox 85 1472 1133 1554; baseline 0.004 -22"><span class='ocrx_word' id='word_1_76' title='bbox 85 1472 261 1538; x_wconf 85' lang='lat' dir='ltr'><strong>ettuleratns?</strong></span> <span class='ocrx_word' id='word_1_77' title='bbox 283 1473 357 1538; x_wconf 78' lang='lat' dir='ltr'><strong>Alia</strong></span> <span class='ocrx_word' id='word_1_78' title='bbox 367 1475 400 1536; x_wconf 87' lang='lat' dir='ltr'><strong>in</strong></span> <span class='ocrx_word' id='word_1_79' title='bbox 414 1493 452 1536; x_wconf 87' lang='lat' dir='ltr'><strong>eo</strong></span> <span class='ocrx_word' id='word_1_80' title='bbox 461 1475 558 1536; x_wconf 85' lang='lat' dir='ltr'><strong>multa</strong></span> <span class='ocrx_word' id='word_1_81' title='bbox 572 1475 612 1536; x_wconf 92' lang='lat' dir='ltr'><strong>ad</strong></span> <span class='ocrx_word' id='word_1_82' title='bbox 626 1473 706 1538; x_wconf 86' lang='lat' dir='ltr'><strong>banc</strong></span> <span class='ocrx_word' id='word_1_83' title='bbox 722 1486 837 1538; x_wconf 82' lang='lat' dir='ltr'><strong>sectam</strong></span> <span class='ocrx_word' id='word_1_84' title='bbox 847 1472 941 1554; x_wconf 81' lang='lat' dir='ltr'><strong>(alibi</strong></span> <span class='ocrx_word' id='word_1_85' title='bbox 950 1473 1090 1537; x_wconf 80' lang='lat' dir='ltr'><strong>dabimus</strong></span> <span class='ocrx_word' id='word_1_86' title='bbox 1104 1483 1133 1552; x_wconf 75' lang='lat' dir='ltr'><strong>a)</strong></span> 
     </span>
     <span class='ocr_line' id='line_1_11' title="bbox 85 1578 1134 1658; baseline 0.002 -18"><span class='ocrx_word' id='word_1_87' title='bbox 85 1580 251 1644; x_wconf 69' lang='lat' dir='ltr'><strong>sumta</strong></span> <span class='ocrx_word' id='word_1_88' title='bbox 261 1595 348 1654; x_wconf 87' lang='lat' dir='ltr'><strong>snnt;</strong></span> <span class='ocrx_word' id='word_1_89' title='bbox 364 1594 395 1644; x_wconf 91' lang='lat' dir='ltr'><strong>et</strong></span> <span class='ocrx_word' id='word_1_90' title='bbox 405 1579 537 1644; x_wconf 82' lang='lat' dir='ltr'><strong>rubente</strong></span> <span class='ocrx_word' id='word_1_91' title='bbox 547 1579 619 1658; x_wconf 85' lang='lat' dir='ltr'><strong>illa,</strong></span> <span class='ocrx_word' id='word_1_92' title='bbox 640 1593 675 1643; x_wconf 87' lang='lat' dir='ltr'><strong>ut</strong></span> <span class='ocrx_word' id='word_1_93' title='bbox 690 1579 734 1643; x_wconf 88' lang='lat' dir='ltr'><strong>sic</strong></span> <span class='ocrx_word' id='word_1_94' title='bbox 747 1579 867 1656; x_wconf 88' lang='lat' dir='ltr'><strong>dicam,</strong></span> <span class='ocrx_word' id='word_1_95' title='bbox 883 1578 1068 1657; x_wconf 80' lang='lat' dir='ltr'><strong>verborum,</strong></span> <span class='ocrx_word' id='word_1_96' title='bbox 1085 1579 1134 1642; x_wconf 92' lang='lat' dir='ltr'><strong>la·</strong></span> 
     </span>
     <span class='ocr_line' id='line_1_12' title="bbox 85 1681 1136 1770; baseline 0 -22"><span class='ocrx_word' id='word_1_97' title='bbox 85 1695 133 1748; x_wconf 86' lang='lat' dir='ltr'><strong>tent</strong></span> <span class='ocrx_word' id='word_1_98' title='bbox 144 1687 202 1750; x_wconf 78' lang='lat' dir='ltr'><strong>arni</strong></span> <span class='ocrx_word' id='word_1_99' title='bbox 216 1687 281 1752; x_wconf 59' lang='lat' dir='ltr'><strong>Me</strong></span> <span class='ocrx_word' id='word_1_100' title='bbox 295 1687 429 1750; x_wconf 64' lang='lat' dir='ltr'><strong>maalle.</strong></span> <span class='ocrx_word' id='word_1_101' title='bbox 440 1686 515 1749; x_wconf 88' lang='lat' dir='ltr'><strong>Jam</strong></span> <span class='ocrx_word' id='word_1_102' title='bbox 532 1681 690 1749; x_wconf 86' lang='lat' dir='ltr'><strong>Socratem</strong></span> <span class='ocrx_word' id='word_1_103' title='bbox 708 1685 775 1768; x_wconf 89' lang='lat' dir='ltr'><strong>quis</strong></span> <span class='ocrx_word' id='word_1_104' title='bbox 786 1705 854 1748; x_wconf 73' lang='lat' dir='ltr'><strong>,non</strong></span> <span class='ocrx_word' id='word_1_105' title='bbox 868 1685 985 1749; x_wconf 82' lang='lat' dir='ltr'><strong>sontem</strong></span> <span class='ocrx_word' id='word_1_106' title='bbox 1001 1699 1031 1747; x_wconf 90' lang='lat' dir='ltr'><strong>et</strong></span> <span class='ocrx_word' id='word_1_107' title='bbox 1044 1698 1136 1770; x_wconf 85' lang='lat' dir='ltr'><strong>caput</strong></span> 
     </span>
     <span class='ocr_line' id='line_1_13' title="bbox 85 1787 1136 1878; baseline 0.004 -26"><span class='ocrx_word' id='word_1_108' title='bbox 85 1787 236 1874; x_wconf 80' lang='lat' dir='ltr'><strong>Sapimtum</strong></span> <span class='ocrx_word' id='word_1_109' title='bbox 254 1793 439 1878; x_wconf 80' lang='lat' dir='ltr'><strong>profitetur?</strong></span> <span class='ocrx_word' id='word_1_110' title='bbox 454 1793 535 1875; x_wconf 85' lang='lat' dir='ltr'><strong>atqui</strong></span> <span class='ocrx_word' id='word_1_111' title='bbox 552 1793 605 1856; x_wconf 89' lang='lat' dir='ltr'><strong>ille</strong></span> <span class='ocrx_word' id='word_1_112' title='bbox 624 1805 705 1856; x_wconf 85' lang='lat' dir='ltr'><strong>totus</strong></span> <span class='ocrx_word' id='word_1_113' title='bbox 724 1805 771 1856; x_wconf 86' lang='lat' dir='ltr'><strong>est</strong></span> <span class='ocrx_word' id='word_1_114' title='bbox 782 1805 896 1854; x_wconf 90' lang='lat' dir='ltr'><strong>noster.</strong></span> <span class='ocrx_word' id='word_1_115' title='bbox 911 1791 993 1855; x_wconf 77' lang='lat' dir='ltr'><strong>Audi</strong></span> <span class='ocrx_word' id='word_1_116' title='bbox 1006 1792 1055 1855; x_wconf 85' lang='lat' dir='ltr'><strong>vel</strong></span> <span class='ocrx_word' id='word_1_117' title='bbox 1072 1793 1136 1856; x_wconf 78' lang='lat' dir='ltr'><strong>banc</strong></span> 
     </span>
     <span class='ocr_line' id='line_1_14' title="bbox 86 1895 1139 1984; baseline 0.001 -25"><span class='ocrx_word' id='word_1_118' title='bbox 86 1897 151 1978; x_wconf 85' lang='lat' dir='ltr'><strong>ejus,</strong></span> <span class='ocrx_word' id='word_1_119' title='bbox 164 1902 239 1984; x_wconf 89' lang='lat' dir='ltr'><strong>apud</strong></span> <span class='ocrx_word' id='word_1_120' title='bbox 249 1899 413 1963; x_wconf 73' lang='lat' dir='ltr'><strong>Platonem</strong></span> <span class='ocrx_word' id='word_1_121' title='bbox 427 1921 435 1960; x_wconf 79' lang='lat' dir='ltr'><strong>r</strong></span> <span class='ocrx_word' id='word_1_122' title='bbox 453 1895 507 1961; x_wconf 78' lang='lat'><strong>-0</strong></span> <span class='ocrx_word' id='word_1_123' title='bbox 519 1899 618 1963; x_wconf 84' lang='lat' dir='ltr'><strong>amice</strong></span> <span class='ocrx_word' id='word_1_124' title='bbox 630 1895 714 1974; x_wconf 85' lang='lat' dir='ltr'><strong>Pan,</strong></span> <span class='ocrx_word' id='word_1_125' title='bbox 731 1911 762 1960; x_wconf 92' lang='lat' dir='ltr'><strong>et</strong></span> <span class='ocrx_word' id='word_1_126' title='bbox 777 1917 832 1960; x_wconf 81' lang='lat' dir='ltr'><strong>uos</strong></span> <span class='ocrx_word' id='word_1_127' title='bbox 846 1896 899 1960; x_wconf 88' lang='lat' dir='ltr'><strong>alii</strong></span> <span class='ocrx_word' id='word_1_128' title='bbox 910 1895 965 1960; x_wconf 89' lang='lat' dir='ltr'><strong>Dii</strong></span> <span class='ocrx_word' id='word_1_129' title='bbox 976 1897 1026 1962; x_wconf 89' lang='lat' dir='ltr'><strong>bic</strong></span> <span class='ocrx_word' id='word_1_130' title='bbox 1037 1899 1139 1982; x_wconf 74' lang='lat' dir='ltr'><strong>presi-</strong></span> 
     </span>
     <span class='ocr_line' id='line_1_15' title="bbox 86 2001 1136 2089; baseline 0.008 -27"><span class='ocrx_word' id='word_1_131' title='bbox 86 2001 208 2080; x_wconf 82' lang='lat' dir='ltr'><strong>des,date</strong></span> <span class='ocrx_word' id='word_1_132' title='bbox 220 2005 298 2067; x_wconf 83' lang='lat' dir='ltr'><strong>milri</strong></span> <span class='ocrx_word' id='word_1_133' title='bbox 315 2003 443 2089; x_wconf 86' lang='lat' dir='ltr'><strong>pulchro</strong></span> <span class='ocrx_word' id='word_1_134' title='bbox 453 2003 594 2086; x_wconf 61' lang='lat' dir='ltr'><strong>boumne</strong></span> <span class='ocrx_word' id='word_1_135' title='bbox 614 2003 762 2066; x_wconf 72' lang='lat' dir='ltr'><strong>introrsus</strong></span> <span class='ocrx_word' id='word_1_136' title='bbox 778 2023 865 2066; x_wconf 85' lang='lat' dir='ltr'><strong>esse:</strong></span> <span class='ocrx_word' id='word_1_137' title='bbox 883 2015 1006 2066; x_wconf 85' lang='lat' dir='ltr'><strong>externa</strong></span> <span class='ocrx_word' id='word_1_138' title='bbox 1023 2018 1136 2082; x_wconf 85' lang='lat' dir='ltr'><strong>autem,</strong></span> 
     </span>
     <span class='ocr_line' id='line_1_16' title="bbox 86 2109 1138 2194; baseline -0.002 -20"><span class='ocrx_word' id='word_1_139' title='bbox 86 2129 251 2194; x_wconf 66' lang='lat' dir='ltr'><strong>timeumque</strong></span> <span class='ocrx_word' id='word_1_140' title='bbox 265 2111 391 2188; x_wconf 89' lang='lat' dir='ltr'><strong>babeo,</strong></span> <span class='ocrx_word' id='word_1_141' title='bbox 408 2110 552 2175; x_wconf 86' lang='lat' dir='ltr'><strong>cumillis</strong></span> <span class='ocrx_word' id='word_1_142' title='bbox 573 2109 700 2172; x_wconf 88' lang='lat' dir='ltr'><strong>internis</strong></span> <span class='ocrx_word' id='word_1_143' title='bbox 714 2109 884 2174; x_wconf 85' lang='lat' dir='ltr'><strong>consentire</strong></span> <span class='ocrx_word' id='word_1_144' title='bbox 897 2123 929 2173; x_wconf 87' lang='lat' dir='ltr'><strong>et</strong></span> <span class='ocrx_word' id='word_1_145' title='bbox 940 2109 1117 2194; x_wconf 80' lang='lat' dir='ltr'><strong>conspirare</strong></span> <span class='ocrx_word' id='word_1_146' title='bbox 1130 2133 1138 2172; x_wconf 87' lang='lat'><em>=</em></span> 
     </span>
     <span class='ocr_line' id='line_1_17' title="bbox 88 2213 1141 2301; baseline 0.004 -26"><span class='ocrx_word' id='word_1_147' title='bbox 88 2213 187 2278; x_wconf 79' lang='lat' dir='ltr'><strong>divitem</strong></span> <span class='ocrx_word' id='word_1_148' title='bbox 197 2236 292 2301; x_wconf 89' lang='lat' dir='ltr'><strong>porro</strong></span> <span class='ocrx_word' id='word_1_149' title='bbox 309 2217 478 2278; x_wconf 76' lang='lat' dir='ltr'><strong>existimem</strong></span> <span class='ocrx_word' id='word_1_150' title='bbox 493 2214 592 2278; x_wconf 89' lang='lat' dir='ltr'><strong>solum</strong></span> <span class='ocrx_word' id='word_1_151' title='bbox 603 2215 783 2300; x_wconf 82' lang='lat' dir='ltr'><strong>sapientem.</strong></span> <span class='ocrx_word' id='word_1_152' title='bbox 796 2213 881 2290; x_wconf 67' lang='lat' dir='ltr'><strong>ullu</strong></span> <span class='ocrx_word' id='word_1_153' title='bbox 896 2213 1076 2295; x_wconf 85' lang='lat' dir='ltr'><strong>Pbredoue.)</strong></span> <span class='ocrx_word' id='word_1_154' title='bbox 1090 2214 1141 2279; x_wconf 84' lang='lat' dir='ltr'><strong>Ex</strong></span> 
     </span>
     <span class='ocr_line' id='line_1_18' title="bbox 88 2319 1141 2408; baseline 0.004 -26"><span class='ocrx_word' id='word_1_155' title='bbox 88 2319 149 2398; x_wconf 81' lang='lat' dir='ltr'><strong>lule,</strong></span> <span class='ocrx_word' id='word_1_156' title='bbox 166 2337 194 2386; x_wconf 84' lang='lat' dir='ltr'><strong>et</strong></span> <span class='ocrx_word' id='word_1_157' title='bbox 219 2345 283 2386; x_wconf 90' lang='lat' dir='ltr'><strong>non</strong></span> <span class='ocrx_word' id='word_1_158' title='bbox 306 2344 366 2408; x_wconf 90' lang='lat' dir='ltr'><strong>pro</strong></span> <span class='ocrx_word' id='word_1_159' title='bbox 389 2343 480 2386; x_wconf 86' lang='lat' dir='ltr'><strong>eausa</strong></span> <span class='ocrx_word' id='word_1_160' title='bbox 503 2322 665 2405; x_wconf 84' lang='lat' dir='ltr'><strong>loquamur</strong></span> <span class='ocrx_word' id='word_1_161' title='bbox 692 2344 700 2382; x_wconf 78' lang='lat' dir='ltr'><strong>s</strong></span> <span class='ocrx_word' id='word_1_162' title='bbox 730 2341 832 2386; x_wconf 88' lang='lat' dir='ltr'><strong>nonne</strong></span> <span class='ocrx_word' id='word_1_163' title='bbox 860 2323 893 2385; x_wconf 89' lang='lat' dir='ltr'><strong>in</strong></span> <span class='ocrx_word' id='word_1_164' title='bbox 916 2323 981 2386; x_wconf 88' lang='lat' dir='ltr'><strong>istis</strong></span> <span class='ocrx_word' id='word_1_165' title='bbox 1004 2323 1141 2408; x_wconf 86' lang='lat' dir='ltr'><strong>pauculis</strong></span> 
     </span>
     <span class='ocr_line' id='line_1_19' title="bbox 88 2427 1142 2497; baseline 0.001 -5"><span class='ocrx_word' id='word_1_166' title='bbox 88 2427 248 2496; x_wconf 69' lang='lat' dir='ltr'><strong>breviarium</strong></span> <span class='ocrx_word' id='word_1_167' title='bbox 263 2434 315 2497; x_wconf 80' lang='lat' dir='ltr'><strong>vel</strong></span> <span class='ocrx_word' id='word_1_168' title='bbox 336 2431 536 2496; x_wconf 75' lang='lat' dir='ltr'><strong>nummarium</strong></span> <span class='ocrx_word' id='word_1_169' title='bbox 551 2429 659 2496; x_wconf 77' lang='lat' dir='ltr'><strong>Stoiu&#39;e</strong></span> <span class='ocrx_word' id='word_1_170' title='bbox 674 2432 817 2495; x_wconf 79' lang='lat' dir='ltr'><strong>doctrinae</strong></span> <span class='ocrx_word' id='word_1_171' title='bbox 831 2432 845 2496; x_wconf 85' lang='lat' dir='ltr'><strong>l.</strong></span> <span class='ocrx_word' id='word_1_172' title='bbox 861 2431 939 2495; x_wconf 89' lang='lat' dir='ltr'><strong>mibi</strong></span> <span class='ocrx_word' id='word_1_173' title='bbox 953 2433 997 2497; x_wconf 90' lang='lat' dir='ltr'><strong>sic</strong></span> <span class='ocrx_word' id='word_1_174' title='bbox 1011 2431 1142 2496; x_wconf 81' lang='lat' dir='ltr'><strong>videtur.</strong></span> 
     </span>
    </p>
   </div>
   <div class='ocr_carea' id='block_1_2' title="bbox 86 2534 1257 2626">
    <p class='ocr_par' dir='ltr' id='par_1_4' title="bbox 86 2534 1257 2626">
     <span class='ocr_line' id='line_1_20' title="bbox 86 2534 1257 2626; baseline 0.003 -30"><span class='ocrx_word' id='word_1_175' title='bbox 86 2534 153 2600; x_wconf 84' lang='lat' dir='ltr'><strong>Pana</strong></span> <span class='ocrx_word' id='word_1_176' title='bbox 166 2541 280 2606; x_wconf 75' lang='lat' dir='ltr'><strong>intonat</strong></span> <span class='ocrx_word' id='word_1_177' title='bbox 304 2564 313 2602; x_wconf 71' lang='grc' dir='ltr'><strong><em>ι</em></strong></span> <span class='ocrx_word' id='word_1_178' title='bbox 334 2539 406 2622; x_wconf 90' lang='lat' dir='ltr'><strong>qnid</strong></span> <span class='ocrx_word' id='word_1_179' title='bbox 418 2540 477 2603; x_wconf 87' lang='lat' dir='ltr'><strong>nisi</strong></span> <span class='ocrx_word' id='word_1_180' title='bbox 490 2539 697 2618; x_wconf 78' lang='lat' dir='ltr'><strong>Universum,</strong></span> <span class='ocrx_word' id='word_1_181' title='bbox 714 2540 746 2602; x_wconf 93' lang='lat' dir='ltr'><strong>id</strong></span> <span class='ocrx_word' id='word_1_182' title='bbox 759 2553 805 2602; x_wconf 88' lang='lat' dir='ltr'><strong>est</strong></span> <span class='ocrx_word' id='word_1_183' title='bbox 816 2537 987 2613; x_wconf 84' lang='lat' dir='ltr'><strong>Mrmdum,</strong></span> <span class='ocrx_word' id='word_1_184' title='bbox 1003 2551 1034 2601; x_wconf 92' lang='lat' dir='ltr'><strong>et</strong></span> <span class='ocrx_word' id='word_1_185' title='bbox 1048 2557 1140 2620; x_wconf 86' lang='lat' dir='ltr'><strong>quem</strong></span> <span class='ocrx_word' id='word_1_186' title='bbox 1254 2619 1257 2626; x_wconf 67' lang='lat'><strong>,</strong></span> 
     </span>
    </p>
   </div>
   <div class='ocr_carea' id='block_1_3' title="bbox 85 2639 1148 4326">
    <p class='ocr_par' dir='ltr' id='par_1_5' title="bbox 85 2639 1148 4220">
     <span class='ocr_line' id='line_1_21' title="bbox 85 2639 1140 2736; baseline 0.004 -32"><span class='ocrx_word' id='word_1_187' title='bbox 85 2639 162 2708; x_wconf 82' lang='lat' dir='ltr'><strong>Stoici</strong></span> <span class='ocrx_word' id='word_1_188' title='bbox 173 2647 220 2726; x_wconf 84' lang='lat' dir='ltr'><strong>(in</strong></span> <span class='ocrx_word' id='word_1_189' title='bbox 230 2645 370 2736; x_wconf 81' lang='lat' dir='ltr'><strong>Pbysieis</strong></span> <span class='ocrx_word' id='word_1_190' title='bbox 382 2646 615 2730; x_wconf 85' lang='lat' dir='ltr'><strong>explicandum)</strong></span> <span class='ocrx_word' id='word_1_191' title='bbox 628 2667 686 2730; x_wconf 87' lang='lat' dir='ltr'><strong>pru</strong></span> <span class='ocrx_word' id='word_1_192' title='bbox 695 2645 808 2710; x_wconf 79' lang='lat' dir='ltr'><strong>risibili</strong></span> <span class='ocrx_word' id='word_1_193' title='bbox 820 2644 891 2710; x_wconf 91' lang='lat' dir='ltr'><strong>Deo</strong></span> <span class='ocrx_word' id='word_1_194' title='bbox 902 2645 1037 2708; x_wconf 78' lang='lat' dir='ltr'><strong>babenti</strong></span> <span class='ocrx_word' id='word_1_195' title='bbox 1049 2643 1140 2708; x_wconf 84' lang='lat' dir='ltr'><strong>luvo-</strong></span> 
     </span>
     <span class='ocr_line' id='line_1_22' title="bbox 87 2750 1140 2837; baseline 0.009 -28"><span class='ocrx_word' id='word_1_196' title='bbox 87 2764 124 2810; x_wconf 83' lang='lat' dir='ltr'><strong>cat</strong></span> <span class='ocrx_word' id='word_1_197' title='bbox 137 2766 163 2813; x_wconf 86' lang='lat' dir='ltr'><strong>et</strong></span> <span class='ocrx_word' id='word_1_198' title='bbox 173 2750 256 2816; x_wconf 86' lang='lat' dir='ltr'><strong>Deos</strong></span> <span class='ocrx_word' id='word_1_199' title='bbox 269 2753 416 2837; x_wconf 71' lang='lat' dir='ltr'><strong>praesides</strong></span> <span class='ocrx_word' id='word_1_200' title='bbox 426 2773 486 2815; x_wconf 75' lang='lat' dir='ltr'><strong>snae</strong></span> <span class='ocrx_word' id='word_1_201' title='bbox 500 2765 589 2816; x_wconf 73' lang='lat' dir='ltr'><strong>terrie</strong></span> <span class='ocrx_word' id='word_1_202' title='bbox 607 2775 616 2812; x_wconf 79' lang='lat' dir='ltr'><strong>r</strong></span> <span class='ocrx_word' id='word_1_203' title='bbox 631 2753 830 2836; x_wconf 77' lang='lat' dir='ltr'><strong>particulares</strong></span> <span class='ocrx_word' id='word_1_204' title='bbox 846 2750 978 2831; x_wconf 84' lang='lat' dir='ltr'><strong>Genios,</strong></span> <span class='ocrx_word' id='word_1_205' title='bbox 996 2753 1045 2816; x_wconf 88' lang='lat' dir='ltr'><strong>bis</strong></span> <span class='ocrx_word' id='word_1_206' title='bbox 1060 2751 1140 2818; x_wconf 83' lang='lat' dir='ltr'><strong>illis-</strong></span> 
     </span>
     <span class='ocr_line' id='line_1_23' title="bbox 87 2855 1141 2944; baseline 0.002 -23"><span class='ocrx_word' id='word_1_207' title='bbox 87 2877 133 2936; x_wconf 86' lang='lat' dir='ltr'><strong>que</strong></span> <span class='ocrx_word' id='word_1_208' title='bbox 144 2857 212 2923; x_wconf 82' lang='lat' dir='ltr'><strong>locis</strong></span> <span class='ocrx_word' id='word_1_209' title='bbox 225 2855 402 2924; x_wconf 84' lang='lat' dir='ltr'><strong>Stoicorum</strong></span> <span class='ocrx_word' id='word_1_210' title='bbox 417 2859 491 2922; x_wconf 87' lang='lat' dir='ltr'><strong>scito</strong></span> <span class='ocrx_word' id='word_1_211' title='bbox 505 2859 687 2943; x_wconf 78' lang='lat' dir='ltr'><strong>adsignatos.</strong></span> <span class='ocrx_word' id='word_1_212' title='bbox 704 2857 826 2922; x_wconf 81' lang='lat' dir='ltr'><strong>Deinde</strong></span> <span class='ocrx_word' id='word_1_213' title='bbox 841 2861 1001 2944; x_wconf 81' lang='lat' dir='ltr'><strong>dogmata,</strong></span> <span class='ocrx_word' id='word_1_214' title='bbox 1018 2859 1141 2923; x_wconf 87' lang='lat' dir='ltr'><strong>lntorna</strong></span> 
     </span>
     <span class='ocr_line' id='line_1_24' title="bbox 88 2962 1142 3049; baseline 0.008 -27"><span class='ocrx_word' id='word_1_215' title='bbox 88 2962 140 3023; x_wconf 84' lang='lat' dir='ltr'><strong>sola</strong></span> <span class='ocrx_word' id='word_1_216' title='bbox 152 2965 228 3028; x_wconf 88' lang='lat' dir='ltr'><strong>bona</strong></span> <span class='ocrx_word' id='word_1_217' title='bbox 241 2988 331 3042; x_wconf 87' lang='lat' dir='ltr'><strong>esse,</strong></span> <span class='ocrx_word' id='word_1_218' title='bbox 346 2979 377 3027; x_wconf 93' lang='lat' dir='ltr'><strong>et</strong></span> <span class='ocrx_word' id='word_1_219' title='bbox 387 2965 453 3028; x_wconf 88' lang='lat' dir='ltr'><strong>sola</strong></span> <span class='ocrx_word' id='word_1_220' title='bbox 467 2965 598 3049; x_wconf 87' lang='lat' dir='ltr'><strong>optanda</strong></span> <span class='ocrx_word' id='word_1_221' title='bbox 612 2989 620 3026; x_wconf 78' lang='lat' dir='ltr'><strong>r</strong></span> <span class='ocrx_word' id='word_1_222' title='bbox 632 2963 767 3028; x_wconf 80' lang='lat' dir='ltr'><strong>Externa</strong></span> <span class='ocrx_word' id='word_1_223' title='bbox 778 2965 923 3029; x_wconf 85' lang='lat' dir='ltr'><strong>haetenus</strong></span> <span class='ocrx_word' id='word_1_224' title='bbox 933 3011 942 3044; x_wconf 97' lang='lat'><strong>,</strong></span> <span class='ocrx_word' id='word_1_225' title='bbox 953 2979 987 3028; x_wconf 90' lang='lat' dir='ltr'><strong>nt</strong></span> <span class='ocrx_word' id='word_1_226' title='bbox 996 2967 1057 3030; x_wconf 92' lang='lat' dir='ltr'><strong>illis</strong></span> <span class='ocrx_word' id='word_1_227' title='bbox 1069 2989 1142 3030; x_wconf 87' lang='lat' dir='ltr'><strong>cou-</strong></span> 
     </span>
     <span class='ocr_line' id='line_1_25' title="bbox 87 3069 1142 3154; baseline 0.005 -24"><span class='ocrx_word' id='word_1_228' title='bbox 87 3073 213 3150; x_wconf 82' lang='lat' dir='ltr'><strong>sentiant,</strong></span> <span class='ocrx_word' id='word_1_229' title='bbox 234 3074 332 3136; x_wconf 85' lang='lat' dir='ltr'><strong>idest</strong></span> <span class='ocrx_word' id='word_1_230' title='bbox 347 3071 479 3154; x_wconf 67' lang='lat' dir='ltr'><strong>ueniant</strong></span> <span class='ocrx_word' id='word_1_231' title='bbox 497 3084 527 3134; x_wconf 90' lang='lat' dir='ltr'><strong>et</strong></span> <span class='ocrx_word' id='word_1_232' title='bbox 545 3069 735 3134; x_wconf 86' lang='lat' dir='ltr'><strong>ancilleutnr.</strong></span> <span class='ocrx_word' id='word_1_233' title='bbox 749 3069 786 3133; x_wconf 94' lang='lat' dir='ltr'><strong>ln</strong></span> <span class='ocrx_word' id='word_1_234' title='bbox 803 3085 939 3134; x_wconf 83' lang='lat' dir='ltr'><strong>extremo</strong></span> <span class='ocrx_word' id='word_1_235' title='bbox 950 3071 1142 3135; x_wconf 84' lang='lat' dir='ltr'><strong>Paradoxum</strong></span> 
     </span>
     <span class='ocr_line' id='line_1_26' title="bbox 88 3173 1141 3262; baseline 0.004 -24"><span class='ocrx_word' id='word_1_236' title='bbox 88 3173 149 3238; x_wconf 87' lang='lat' dir='ltr'><strong>illud</strong></span> <span class='ocrx_word' id='word_1_237' title='bbox 162 3178 259 3242; x_wconf 87' lang='lat' dir='ltr'><strong>nobile</strong></span> <span class='ocrx_word' id='word_1_238' title='bbox 277 3178 413 3240; x_wconf 85' lang='lat' dir='ltr'><strong>borum:</strong></span> <span class='ocrx_word' id='word_1_239' title='bbox 430 3203 446 3232; x_wconf 80' lang='lat' dir='ltr'><strong>u</strong></span> <span class='ocrx_word' id='word_1_240' title='bbox 457 3173 565 3240; x_wconf 90' lang='lat' dir='ltr'><strong>Solum</strong></span> <span class='ocrx_word' id='word_1_241' title='bbox 580 3177 704 3240; x_wconf 81' lang='lat' dir='ltr'><strong>divitem</strong></span> <span class='ocrx_word' id='word_1_242' title='bbox 718 3175 929 3261; x_wconf 76' lang='lat' dir='ltr'><strong>Sapientem.»</strong></span> <span class='ocrx_word' id='word_1_243' title='bbox 940 3177 995 3241; x_wconf 81' lang='lat' dir='ltr'><strong>¹lto</strong></span> <span class='ocrx_word' id='word_1_244' title='bbox 1012 3179 1141 3262; x_wconf 81' lang='lat' dir='ltr'><strong>aliquis,</strong></span> 
     </span>
     <span class='ocr_line' id='line_1_27' title="bbox 87 3280 1141 3369; baseline 0.003 -25"><span class='ocrx_word' id='word_1_245' title='bbox 87 3297 111 3344; x_wconf 87' lang='lat' dir='ltr'><strong>et</strong></span> <span class='ocrx_word' id='word_1_246' title='bbox 120 3297 201 3368; x_wconf 71' lang='lat' dir='ltr'><strong>neget</strong></span> <span class='ocrx_word' id='word_1_247' title='bbox 212 3286 244 3348; x_wconf 90' lang='lat' dir='ltr'><strong>in</strong></span> <span class='ocrx_word' id='word_1_248' title='bbox 257 3285 321 3348; x_wconf 85' lang='lat' dir='ltr'><strong>bac</strong></span> <span class='ocrx_word' id='word_1_249' title='bbox 334 3284 455 3369; x_wconf 80' lang='lat' dir='ltr'><strong>porticu</strong></span> <span class='ocrx_word' id='word_1_250' title='bbox 467 3281 627 3347; x_wconf 80' lang='lat' dir='ltr'><strong>Socratem</strong></span> <span class='ocrx_word' id='word_1_251' title='bbox 643 3283 764 3347; x_wconf 88' lang='lat' dir='ltr'><strong>includi.</strong></span> <span class='ocrx_word' id='word_1_252' title='bbox 780 3280 899 3346; x_wconf 88' lang='lat' dir='ltr'><strong>Omitto</strong></span> <span class='ocrx_word' id='word_1_253' title='bbox 913 3283 974 3346; x_wconf 91' lang='lat' dir='ltr'><strong>alia</strong></span> <span class='ocrx_word' id='word_1_254' title='bbox 985 3284 1093 3369; x_wconf 84' lang='lat' dir='ltr'><strong>plura,</strong></span> <span class='ocrx_word' id='word_1_255' title='bbox 1110 3285 1141 3347; x_wconf 91' lang='lat' dir='ltr'><strong>in</strong></span> 
     </span>
     <span class='ocr_line' id='line_1_28' title="bbox 87 3387 1141 3475; baseline 0.003 -25"><span class='ocrx_word' id='word_1_256' title='bbox 87 3388 136 3450; x_wconf 80' lang='lat' dir='ltr'><strong>nn</strong></span> <span class='ocrx_word' id='word_1_257' title='bbox 144 3389 232 3468; x_wconf 82' lang='lat' dir='ltr'><strong>locis,</strong></span> <span class='ocrx_word' id='word_1_258' title='bbox 247 3405 339 3474; x_wconf 82' lang='lat' dir='ltr'><strong>atque</strong></span> <span class='ocrx_word' id='word_1_259' title='bbox 353 3391 420 3475; x_wconf 87' lang='lat' dir='ltr'><strong>ipsa</strong></span> <span class='ocrx_word' id='word_1_260' title='bbox 429 3387 658 3452; x_wconf 72' lang='lat' dir='ltr'><strong>Paradoxon-um</strong></span> <span class='ocrx_word' id='word_1_261' title='bbox 668 3389 764 3452; x_wconf 89' lang='lat' dir='ltr'><strong>classe</strong></span> <span class='ocrx_word' id='word_1_262' title='bbox 775 3392 971 3454; x_wconf 88' lang='lat' dir='ltr'><strong>recensenda.</strong></span> <span class='ocrx_word' id='word_1_263' title='bbox 984 3387 1069 3473; x_wconf 82' lang='lat' dir='ltr'><strong>Ergo</strong></span> <span class='ocrx_word' id='word_1_264' title='bbox 1081 3391 1141 3453; x_wconf 91' lang='lat' dir='ltr'><strong>duo</strong></span> 
     </span>
     <span class='ocr_line' id='line_1_29' title="bbox 87 3493 1141 3579; baseline 0.006 -25"><span class='ocrx_word' id='word_1_265' title='bbox 87 3493 121 3554; x_wconf 88' lang='lat' dir='ltr'><strong>illi</strong></span> <span class='ocrx_word' id='word_1_266' title='bbox 132 3499 254 3578; x_wconf 77' lang='lat' dir='ltr'><strong>summi,</strong></span> <span class='ocrx_word' id='word_1_267' title='bbox 271 3510 343 3561; x_wconf 90' lang='lat' dir='ltr'><strong>snnt</strong></span> <span class='ocrx_word' id='word_1_268' title='bbox 353 3496 449 3559; x_wconf 87' lang='lat' dir='ltr'><strong>nostri</strong></span> <span class='ocrx_word' id='word_1_269' title='bbox 463 3519 471 3554; x_wconf 79' lang='lat' dir='ltr'><strong>r</strong></span> <span class='ocrx_word' id='word_1_270' title='bbox 487 3514 633 3558; x_wconf 84' lang='lat' dir='ltr'><strong>accenseo</strong></span> <span class='ocrx_word' id='word_1_271' title='bbox 647 3493 832 3579; x_wconf 87' lang='lat' dir='ltr'><strong>Sophoclem</strong></span> <span class='ocrx_word' id='word_1_272' title='bbox 843 3510 874 3558; x_wconf 89' lang='lat' dir='ltr'><strong>et</strong></span> <span class='ocrx_word' id='word_1_273' title='bbox 882 3494 1141 3578; x_wconf 87' lang='lat' dir='ltr'><strong>Demosthenem,</strong></span> 
     </span>
     <span class='ocr_line' id='line_1_30' title="bbox 88 3600 1144 3686; baseline 0.004 -24"><span class='ocrx_word' id='word_1_274' title='bbox 88 3619 135 3662; x_wconf 93' lang='lat' dir='ltr'><strong>uon</strong></span> <span class='ocrx_word' id='word_1_275' title='bbox 149 3604 229 3667; x_wconf 84' lang='lat' dir='ltr'><strong>vanis</strong></span> <span class='ocrx_word' id='word_1_276' title='bbox 241 3616 297 3666; x_wconf 87' lang='lat' dir='ltr'><strong>ant</strong></span> <span class='ocrx_word' id='word_1_277' title='bbox 315 3602 432 3666; x_wconf 74' lang='lat' dir='ltr'><strong>levibus</strong></span> <span class='ocrx_word' id='word_1_278' title='bbox 446 3601 540 3664; x_wconf 87' lang='lat' dir='ltr'><strong>etiam</strong></span> <span class='ocrx_word' id='word_1_279' title='bbox 552 3601 757 3686; x_wconf 83' lang='lat' dir='ltr'><strong>argumentis,</strong></span> <span class='ocrx_word' id='word_1_280' title='bbox 775 3623 841 3683; x_wconf 74' lang='lat' dir='ltr'><strong>que</strong></span> <span class='ocrx_word' id='word_1_281' title='bbox 852 3600 884 3662; x_wconf 88' lang='lat' dir='ltr'><strong>in</strong></span> <span class='ocrx_word' id='word_1_282' title='bbox 898 3622 1061 3686; x_wconf 83' lang='lat' dir='ltr'><strong>progressu</strong></span> <span class='ocrx_word' id='word_1_283' title='bbox 1074 3625 1144 3666; x_wconf 87' lang='lat' dir='ltr'><strong>ser-</strong></span> 
     </span>
     <span class='ocr_line' id='line_1_31' title="bbox 89 3703 1145 3793; baseline 0.004 -25"><span class='ocrx_word' id='word_1_284' title='bbox 89 3709 170 3770; x_wconf 75' lang='lat' dir='ltr'><strong>nonis</strong></span> <span class='ocrx_word' id='word_1_285' title='bbox 185 3730 216 3772; x_wconf 85' lang='lat' dir='ltr'><strong>se</strong></span> <span class='ocrx_word' id='word_1_286' title='bbox 235 3709 381 3793; x_wconf 82' lang='lat' dir='ltr'><strong>pandent.</strong></span> <span class='ocrx_word' id='word_1_287' title='bbox 395 3705 485 3771; x_wconf 79' lang='lat' dir='ltr'><strong>Addo</strong></span> <span class='ocrx_word' id='word_1_288' title='bbox 503 3704 687 3770; x_wconf 88' lang='lat' dir='ltr'><strong>Strabonem</strong></span> <span class='ocrx_word' id='word_1_289' title='bbox 703 3703 944 3791; x_wconf 79' lang='lat' dir='ltr'><strong>Geograpburn,</strong></span> <span class='ocrx_word' id='word_1_290' title='bbox 959 3707 1084 3793; x_wconf 81' lang='lat' dir='ltr'><strong>insignis</strong></span> <span class='ocrx_word' id='word_1_291' title='bbox 1094 3712 1145 3792; x_wconf 83' lang='lat' dir='ltr'><strong>ju-</strong></span> 
     </span>
     <span class='ocr_line' id='line_1_32' title="bbox 90 3808 1144 3898; baseline 0.008 -30"><span class='ocrx_word' id='word_1_292' title='bbox 90 3808 143 3872; x_wconf 84' lang='lat' dir='ltr'><strong>ditii</strong></span> <span class='ocrx_word' id='word_1_293' title='bbox 155 3825 184 3876; x_wconf 90' lang='lat' dir='ltr'><strong>et</strong></span> <span class='ocrx_word' id='word_1_294' title='bbox 196 3812 368 3898; x_wconf 70' lang='lat' dir='ltr'><strong>prudentie</strong></span> <span class='ocrx_word' id='word_1_295' title='bbox 381 3811 483 3874; x_wconf 79' lang='lat' dir='ltr'><strong>virum</strong></span> <span class='ocrx_word' id='word_1_296' title='bbox 500 3833 508 3870; x_wconf 75' lang='grc' dir='ltr'><em>τ</em></span> <span class='ocrx_word' id='word_1_297' title='bbox 526 3812 623 3890; x_wconf 86' lang='lat' dir='ltr'><strong>addo,</strong></span> <span class='ocrx_word' id='word_1_298' title='bbox 640 3811 708 3894; x_wconf 89' lang='lat' dir='ltr'><strong>ipso</strong></span> <span class='ocrx_word' id='word_1_299' title='bbox 722 3811 883 3894; x_wconf 84' lang='lat' dir='ltr'><strong>profitente</strong></span> <span class='ocrx_word' id='word_1_300' title='bbox 900 3824 931 3873; x_wconf 93' lang='lat' dir='ltr'><strong>et</strong></span> <span class='ocrx_word' id='word_1_301' title='bbox 940 3832 1052 3875; x_wconf 91' lang='lat' dir='ltr'><strong>nomeu</strong></span> <span class='ocrx_word' id='word_1_302' title='bbox 1063 3814 1144 3876; x_wconf 90' lang='lat' dir='ltr'><strong>ultro</strong></span> 
     </span>
     <span class='ocr_line' id='line_1_33' title="bbox 91 3917 1145 4003; baseline 0.007 -26"><span class='ocrx_word' id='word_1_303' title='bbox 91 3917 170 3982; x_wconf 68' lang='lat' dir='ltr'><strong>bun.</strong></span> <span class='ocrx_word' id='word_1_304' title='bbox 183 3919 350 3984; x_wconf 80' lang='lat' dir='ltr'><strong>Philonem</strong></span> <span class='ocrx_word' id='word_1_305' title='bbox 369 3942 387 3983; x_wconf 89' lang='lat' dir='ltr'><strong>e</strong></span> <span class='ocrx_word' id='word_1_306' title='bbox 404 3917 429 3980; x_wconf 86' lang='lat' dir='ltr'><strong>J</strong></span> <span class='ocrx_word' id='word_1_307' title='bbox 430 3919 522 3982; x_wconf 74' lang='lat' dir='ltr'><strong>ndaeis</strong></span> <span class='ocrx_word' id='word_1_308' title='bbox 542 3931 684 4003; x_wconf 84' lang='lat' dir='ltr'><strong>poteram</strong></span> <span class='ocrx_word' id='word_1_309' title='bbox 701 3940 709 3979; x_wconf 75' lang='grc' dir='ltr'><strong><em>ε</em></strong></span> <span class='ocrx_word' id='word_1_310' title='bbox 729 3932 760 3980; x_wconf 92' lang='lat' dir='ltr'><strong>et</strong></span> <span class='ocrx_word' id='word_1_311' title='bbox 773 3919 844 4000; x_wconf 88' lang='lat' dir='ltr'><strong>quid</strong></span> <span class='ocrx_word' id='word_1_312' title='bbox 860 3918 942 3982; x_wconf 91' lang='lat' dir='ltr'><strong>alind</strong></span> <span class='ocrx_word' id='word_1_313' title='bbox 956 3919 1027 3982; x_wconf 86' lang='lat' dir='ltr'><strong>libri</strong></span> <span class='ocrx_word' id='word_1_314' title='bbox 1040 3921 1145 3985; x_wconf 87' lang='lat' dir='ltr'><strong>titulus</strong></span> 
     </span>
     <span class='ocr_line' id='line_1_34' title="bbox 91 4021 1145 4109; baseline 0.002 -19"><span class='ocrx_word' id='word_1_315' title='bbox 91 4021 203 4090; x_wconf 68' lang='lat' dir='ltr'><strong>demat:</strong></span> <span class='ocrx_word' id='word_1_316' title='bbox 220 4057 236 4083; x_wconf 76' lang='grc' dir='ltr'>ι</span> <span class='ocrx_word' id='word_1_317' title='bbox 248 4025 390 4092; x_wconf 86' lang='lat' dir='ltr'><strong>Omnem</strong></span> <span class='ocrx_word' id='word_1_318' title='bbox 403 4025 572 4109; x_wconf 87' lang='lat' dir='ltr'><strong>sapientem</strong></span> <span class='ocrx_word' id='word_1_319' title='bbox 585 4023 716 4086; x_wconf 89' lang='lat' dir='ltr'><strong>liberum</strong></span> <span class='ocrx_word' id='word_1_320' title='bbox 731 4025 817 4088; x_wconf 84' lang='lat' dir='ltr'><strong>esse?</strong></span> <span class='ocrx_word' id='word_1_321' title='bbox 828 4051 844 4080; x_wconf 71' lang='lat' dir='ltr'><strong>u</strong></span> <span class='ocrx_word' id='word_1_322' title='bbox 863 4039 978 4088; x_wconf 85' lang='lat' dir='ltr'><strong>namet</strong></span> <span class='ocrx_word' id='word_1_323' title='bbox 992 4025 1052 4091; x_wconf 86' lang='lat' dir='ltr'><strong>boe</strong></span> <span class='ocrx_word' id='word_1_324' title='bbox 1065 4028 1145 4092; x_wconf 90' lang='lat' dir='ltr'><strong>inter</strong></span> 
     </span>
     <span class='ocr_line' id='line_1_35' title="bbox 92 4129 1148 4220; baseline 0.005 -28"><span class='ocrx_word' id='word_1_325' title='bbox 92 4129 148 4192; x_wconf 84' lang='lat' dir='ltr'><strong>ttita</strong></span> <span class='ocrx_word' id='word_1_326' title='bbox 161 4133 315 4220; x_wconf 85' lang='lat' dir='ltr'><strong>inopinata</strong></span> <span class='ocrx_word' id='word_1_327' title='bbox 327 4145 503 4195; x_wconf 86' lang='lat' dir='ltr'><strong>nostrormn</strong></span> <span class='ocrx_word' id='word_1_328' title='bbox 521 4130 711 4196; x_wconf 77' lang='lat' dir='ltr'><strong>circumferri</strong></span> <span class='ocrx_word' id='word_1_329' title='bbox 728 4150 791 4192; x_wconf 89' lang='lat' dir='ltr'><strong>uon</strong></span> <span class='ocrx_word' id='word_1_330' title='bbox 807 4130 938 4216; x_wconf 73' lang='lat' dir='ltr'><strong>ignoras.</strong></span> <span class='ocrx_word' id='word_1_331' title='bbox 962 4129 1005 4195; x_wconf 89' lang='lat' dir='ltr'><strong>Et</strong></span> <span class='ocrx_word' id='word_1_332' title='bbox 1016 4133 1103 4217; x_wconf 90' lang='lat' dir='ltr'><strong>plura</strong></span> <span class='ocrx_word' id='word_1_333' title='bbox 1115 4134 1148 4197; x_wconf 88' lang='lat' dir='ltr'><strong>in</strong></span> 
     </span>
    </p>

    <p class='ocr_par' dir='ltr' id='par_1_6' title="bbox 92 4235 1147 4326">
     <span class='ocr_line' id='line_1_36' title="bbox 92 4235 1147 4326; baseline 0.007 -30"><span class='ocrx_word' id='word_1_334' title='bbox 92 4255 121 4296; x_wconf 84' lang='lat' dir='ltr'><strong>oo</strong></span> <span class='ocrx_word' id='word_1_335' title='bbox 129 4243 200 4304; x_wconf 82' lang='lat' dir='ltr'><strong>aerio</strong></span> <span class='ocrx_word' id='word_1_336' title='bbox 211 4256 242 4306; x_wconf 88' lang='lat' dir='ltr'><strong>et</strong></span> <span class='ocrx_word' id='word_1_337' title='bbox 253 4240 370 4326; x_wconf 82' lang='lat' dir='ltr'><strong>jndicio</strong></span> <span class='ocrx_word' id='word_1_338' title='bbox 382 4238 506 4314; x_wconf 67' lang='lat' dir='ltr'><strong>notati,</strong></span> <span class='ocrx_word' id='word_1_339' title='bbox 519 4238 551 4303; x_wconf 94' lang='lat' dir='ltr'><strong>in</strong></span> <span class='ocrx_word' id='word_1_340' title='bbox 564 4237 673 4320; x_wconf 82' lang='lat' dir='ltr'><strong>quibus</strong></span> <span class='ocrx_word' id='word_1_341' title='bbox 686 4235 844 4302; x_wconf 86' lang='lat' dir='ltr'><strong>Stoicissat</strong></span> <span class='ocrx_word' id='word_1_342' title='bbox 856 4262 864 4300; x_wconf 78' lang='lat' dir='ltr'><strong>r</strong></span> <span class='ocrx_word' id='word_1_343' title='bbox 879 4239 936 4303; x_wconf 88' lang='lat' dir='ltr'><strong>etsi</strong></span> <span class='ocrx_word' id='word_1_344' title='bbox 945 4237 1147 4306; x_wconf 84' lang='lat' dir='ltr'><strong>Platonissare</strong></span> 
     </span>
    </p>
   </div>
   <div class='ocr_carea' id='block_1_4' title="bbox 202 4345 1022 4417">
    <p class='ocr_par' dir='ltr' id='par_1_7' title="bbox 202 4345 1022 4417">
     <span class='ocr_line' id='line_1_37' title="bbox 202 4345 1022 4417; baseline -0.001 1"><span class='ocrx_word' id='word_1_345' title='bbox 202 4347 223 4400; x_wconf 89' lang='lat'><strong>¹·</strong></span> <span class='ocrx_word' id='word_1_346' title='bbox 994 4345 1022 4417; x_wconf 89' lang='lat' dir='ltr'><strong><em>s</em></strong></span> 
     </span>
    </p>
   </div>
   <div class='ocr_carea' id='block_1_5' title="bbox 0 0 1482 4956">
    <p class='ocr_par' dir='ltr' id='par_1_8' title="bbox 0 0 1482 4956">
     <span class='ocr_line' id='line_1_38' title="bbox 0 0 1482 4956; baseline 0 0"><span class='ocrx_word' id='word_1_347' title='bbox 0 0 1482 4956; x_wconf 95' lang='lat' dir='ltr'><strong> </strong></span> 
     </span>
    </p>
   </div>
  </div>
 </body>
</html>
