<?xml version="1.0" encoding="UTF-8"?>
<!DOCTYPE html PUBLIC "-//W3C//DTD XHTML 1.0 Transitional//EN"
    "http://www.w3.org/TR/xhtml1/DTD/xhtml1-transitional.dtd">
<html xmlns="http://www.w3.org/1999/xhtml" xml:lang="en" lang="en">
 <head>
  <title>
</title>
<meta http-equiv="Content-Type" content="text/html;charset=utf-8" />
  <meta name='ocr-system' content='tesseract 3.04.00' />
  <meta name='ocr-capabilities' content='ocr_page ocr_carea ocr_par ocr_line ocrx_word'/>
</head>
<body>
  <div class='ocr_page' id='page_1' title='image "./lannsenecparspr01bouigoog_0071.png"; bbox 0 0 2930 4956; ppageno 0'>
   <div class='ocr_carea' id='block_1_1' title="bbox 299 435 1184 508">
    <p class='ocr_par' dir='ltr' id='par_1_1' title="bbox 299 435 1184 508">
     <span class='ocr_line' id='line_1_1' title="bbox 299 435 1184 508; baseline 0.007 -6"><span class='ocrx_word' id='word_1_1' title='bbox 299 435 333 503; x_wconf 87' lang='lat' dir='ltr'><strong>lx</strong></span> <span class='ocrx_word' id='word_1_2' title='bbox 478 435 511 503; x_wconf 86' lang='lat' dir='ltr'><strong>J.</strong></span> <span class='ocrx_word' id='word_1_3' title='bbox 537 435 696 505; x_wconf 82' lang='lat' dir='ltr'><strong>LlPSIl</strong></span> <span class='ocrx_word' id='word_1_4' title='bbox 721 435 1184 508; x_wconf 86' lang='lat' dir='ltr'><strong>MANUDUCTIONIS</strong></span> 
     </span>
    </p>
   </div>
   <div class='ocr_carea' id='block_1_2' title="bbox 297 575 1379 2466">
    <p class='ocr_par' dir='ltr' id='par_1_2' title="bbox 297 575 1379 2466">
     <span class='ocr_line' id='line_1_2' title="bbox 299 575 1366 664; baseline 0.007 -28"><span class='ocrx_word' id='word_1_5' title='bbox 299 589 436 638; x_wconf 80' lang='lat' dir='ltr'>recenset</span> <span class='ocrx_word' id='word_1_6' title='bbox 453 599 460 636; x_wconf 76' lang='grc' dir='ltr'><strong>ε</strong></span> <span class='ocrx_word' id='word_1_7' title='bbox 481 605 496 632; x_wconf 80' lang='grc' dir='ltr'><strong>ιι</strong></span> <span class='ocrx_word' id='word_1_8' title='bbox 506 575 579 638; x_wconf 87' lang='lat' dir='ltr'><strong>Duo</strong></span> <span class='ocrx_word' id='word_1_9' title='bbox 593 578 642 642; x_wconf 89' lang='lat' dir='ltr'><strong>vel</strong></span> <span class='ocrx_word' id='word_1_10' title='bbox 654 577 807 662; x_wconf 78' lang='lat' dir='ltr'>principes</span> <span class='ocrx_word' id='word_1_11' title='bbox 819 576 1079 655; x_wconf 87' lang='lat' dir='ltr'><strong>Dialecticornm,</strong></span> <span class='ocrx_word' id='word_1_12' title='bbox 1095 579 1255 664; x_wconf 80' lang='lat' dir='ltr'><strong>Antipater</strong></span> <span class='ocrx_word' id='word_1_13' title='bbox 1268 594 1299 643; x_wconf 88' lang='lat' dir='ltr'><strong>ct</strong></span> <span class='ocrx_word' id='word_1_14' title='bbox 1311 581 1366 644; x_wconf 87' lang='lat' dir='ltr'><strong>Ar-</strong></span> 
     </span>
     <span class='ocr_line' id='line_1_3' title="bbox 297 679 1363 770; baseline 0.008 -28"><span class='ocrx_word' id='word_1_15' title='bbox 297 679 685 766; x_wconf 86' lang='lat' dir='ltr'><strong>chidemus,opiniosissimi</strong></span> <span class='ocrx_word' id='word_1_16' title='bbox 694 682 844 746; x_wconf 86' lang='lat' dir='ltr'><strong>homines.</strong></span> <span class='ocrx_word' id='word_1_17' title='bbox 855 712 869 740; x_wconf 95' lang='grc' dir='ltr'><strong>ιι</strong></span> <span class='ocrx_word' id='word_1_18' title='bbox 878 681 1182 770; x_wconf 81' lang='lat' dir='ltr'><strong>(lVAcad.)Attollit</strong></span> <span class='ocrx_word' id='word_1_19' title='bbox 1191 700 1222 750; x_wconf 92' lang='lat' dir='ltr'><strong>et</strong></span> <span class='ocrx_word' id='word_1_20' title='bbox 1232 685 1363 751; x_wconf 83' lang='lat' dir='ltr'><strong>Seneca:</strong></span> 
     </span>
     <span class='ocr_line' id='line_1_4' title="bbox 300 789 1365 875; baseline 0.009 -28"><span class='ocrx_word' id='word_1_21' title='bbox 300 819 316 846; x_wconf 72' lang='lat' dir='ltr'><strong>a</strong></span> <span class='ocrx_word' id='word_1_22' title='bbox 331 789 506 873; x_wconf 85' lang='lat' dir='ltr'><strong>Antipater,</strong></span> <span class='ocrx_word' id='word_1_23' title='bbox 529 791 608 852; x_wconf 87' lang='lat' dir='ltr'><strong>inter</strong></span> <span class='ocrx_word' id='word_1_24' title='bbox 631 811 758 874; x_wconf 80' lang='lat' dir='ltr'><strong>magnos</strong></span> <span class='ocrx_word' id='word_1_25' title='bbox 780 805 866 854; x_wconf 80' lang='lat' dir='ltr'><strong>sectae</strong></span> <span class='ocrx_word' id='word_1_26' title='bbox 888 790 977 875; x_wconf 88' lang='lat' dir='ltr'><strong>hujus</strong></span> <span class='ocrx_word' id='word_1_27' title='bbox 1001 789 1164 872; x_wconf 80' lang='lat' dir='ltr'><strong>(Stoice)</strong></span> <span class='ocrx_word' id='word_1_28' title='bbox 1185 808 1336 858; x_wconf 82' lang='lat' dir='ltr'><strong>auctores.</strong></span> <span class='ocrx_word' id='word_1_29' title='bbox 1352 821 1365 848; x_wconf 83' lang='grc' dir='ltr'><strong>ιι</strong></span> 
     </span>
     <span class='ocr_line' id='line_1_5' title="bbox 300 887 1368 974; baseline 0.002 -22"><span class='ocrx_word' id='word_1_30' title='bbox 300 887 375 974; x_wconf 86' lang='lat' dir='ltr'><strong>(Ep.</strong></span> <span class='ocrx_word' id='word_1_31' title='bbox 385 889 473 971; x_wconf 71' lang='lat' dir='ltr'><strong>xctt.)</strong></span> <span class='ocrx_word' id='word_1_32' title='bbox 485 889 633 953; x_wconf 79' lang='lat' dir='ltr'><strong>Nominat</strong></span> <span class='ocrx_word' id='word_1_33' title='bbox 646 904 677 953; x_wconf 90' lang='lat' dir='ltr'><strong>et</strong></span> <span class='ocrx_word' id='word_1_34' title='bbox 684 888 841 974; x_wconf 85' lang='lat' dir='ltr'><strong>Epictetus</strong></span> <span class='ocrx_word' id='word_1_35' title='bbox 847 891 916 973; x_wconf 88' lang='lat' dir='ltr'><strong>(lib.</strong></span> <span class='ocrx_word' id='word_1_36' title='bbox 931 890 1185 972; x_wconf 82' lang='lat' dir='ltr'><strong>111,Diss.xxt),</strong></span> <span class='ocrx_word' id='word_1_37' title='bbox 1201 893 1284 959; x_wconf 86' lang='lat' dir='ltr'><strong>velut</strong></span> <span class='ocrx_word' id='word_1_38' title='bbox 1294 895 1368 958; x_wconf 92' lang='lat' dir='ltr'><strong>inter</strong></span> 
     </span>
     <span class='ocr_line' id='line_1_6' title="bbox 300 995 1366 1085; baseline 0 -25"><span class='ocrx_word' id='word_1_39' title='bbox 300 996 511 1062; x_wconf 76' lang='lat' dir='ltr'>Triumviros:</span> <span class='ocrx_word' id='word_1_40' title='bbox 528 1011 559 1060; x_wconf 91' lang='lat' dir='ltr'><strong>et</strong></span> <span class='ocrx_word' id='word_1_41' title='bbox 568 995 746 1070; x_wconf 68' lang='lat' dir='ltr'>Plutarchus</span> <span class='ocrx_word' id='word_1_42' title='bbox 760 998 821 1063; x_wconf 87' lang='lat' dir='ltr'><strong>hoo</strong></span> <span class='ocrx_word' id='word_1_43' title='bbox 834 1021 955 1082; x_wconf 88' lang='lat' dir='ltr'><strong>quoque</strong></span> <span class='ocrx_word' id='word_1_44' title='bbox 969 1003 1009 1064; x_wconf 87' lang='lat' dir='ltr'><strong>ad</strong></span> <span class='ocrx_word' id='word_1_45' title='bbox 1020 999 1160 1064; x_wconf 77' lang='lat' dir='ltr'><strong>notitiam</strong></span> <span class='ocrx_word' id='word_1_46' title='bbox 1174 1002 1232 1064; x_wconf 84' lang='lat' dir='ltr'><strong>viri</strong></span> <span class='ocrx_word' id='word_1_47' title='bbox 1244 1001 1344 1085; x_wconf 79' lang='lat' dir='ltr'><strong>prodit</strong></span> <span class='ocrx_word' id='word_1_48' title='bbox 1359 1023 1366 1060; x_wconf 77' lang='grc' dir='ltr'><strong>ε</strong></span> 
     </span>
     <span class='ocr_line' id='line_1_7' title="bbox 303 1100 1369 1192; baseline 0.008 -34"><span class='ocrx_word' id='word_1_49' title='bbox 303 1131 318 1158; x_wconf 72' lang='grc' dir='ltr'><strong>ιι</strong></span> <span class='ocrx_word' id='word_1_50' title='bbox 327 1100 446 1166; x_wconf 89' lang='lat' dir='ltr'><strong>Stoicus</strong></span> <span class='ocrx_word' id='word_1_51' title='bbox 459 1102 633 1188; x_wconf 78' lang='lat' dir='ltr'><strong>Antipater,</strong></span> <span class='ocrx_word' id='word_1_52' title='bbox 647 1103 718 1186; x_wconf 82' lang='lat' dir='ltr'><strong>qnia</strong></span> <span class='ocrx_word' id='word_1_53' title='bbox 733 1124 795 1166; x_wconf 94' lang='lat' dir='ltr'><strong>non</strong></span> <span class='ocrx_word' id='word_1_54' title='bbox 806 1104 927 1168; x_wconf 82' lang='lat' dir='ltr'><strong>valebat</strong></span> <span class='ocrx_word' id='word_1_55' title='bbox 939 1127 1037 1189; x_wconf 85' lang='lat' dir='ltr'><strong>neque</strong></span> <span class='ocrx_word' id='word_1_56' title='bbox 1051 1106 1173 1170; x_wconf 82' lang='lat' dir='ltr'><strong>volebat</strong></span> <span class='ocrx_word' id='word_1_57' title='bbox 1181 1109 1293 1192; x_wconf 87' lang='lat' dir='ltr'><strong>pedem</strong></span> <span class='ocrx_word' id='word_1_58' title='bbox 1303 1127 1369 1170; x_wconf 88' lang='lat' dir='ltr'><strong>con-</strong></span> 
     </span>
     <span class='ocr_line' id='line_1_8' title="bbox 303 1198 1370 1298; baseline 0.004 -30"><span class='ocrx_word' id='word_1_59' title='bbox 303 1207 469 1282; x_wconf 72' lang='lat' dir='ltr'><strong>terrerum</strong></span> <span class='ocrx_word' id='word_1_60' title='bbox 483 1203 658 1286; x_wconf 82' lang='lat' dir='ltr'><strong>Carneade,</strong></span> <span class='ocrx_word' id='word_1_61' title='bbox 675 1209 828 1272; x_wconf 85' lang='lat' dir='ltr'><strong>scribebat</strong></span> <span class='ocrx_word' id='word_1_62' title='bbox 840 1198 942 1275; x_wconf 71' lang='lat' dir='ltr'><strong>lucem</strong></span> <span class='ocrx_word' id='word_1_63' title='bbox 955 1226 986 1275; x_wconf 87' lang='lat' dir='ltr'><strong>et</strong></span> <span class='ocrx_word' id='word_1_64' title='bbox 999 1212 1095 1276; x_wconf 87' lang='lat' dir='ltr'><strong>libros</strong></span> <span class='ocrx_word' id='word_1_65' title='bbox 1108 1212 1255 1298; x_wconf 68' lang='lat' dir='ltr'><strong>implebat</strong></span> <span class='ocrx_word' id='word_1_66' title='bbox 1269 1213 1330 1276; x_wconf 89' lang='lat' dir='ltr'><strong>suis</strong></span> <span class='ocrx_word' id='word_1_67' title='bbox 1342 1213 1370 1272; x_wconf 94' lang='lat' dir='ltr'><strong>in</strong></span> 
     </span>
     <span class='ocr_line' id='line_1_9' title="bbox 303 1314 1371 1400; baseline 0.004 -23"><span class='ocrx_word' id='word_1_68' title='bbox 303 1336 374 1377; x_wconf 88' lang='lat' dir='ltr'><strong>cum</strong></span> <span class='ocrx_word' id='word_1_69' title='bbox 401 1314 649 1388; x_wconf 74' lang='lat' dir='ltr'><strong>refutationibus,</strong></span> <span class='ocrx_word' id='word_1_70' title='bbox 674 1321 855 1400; x_wconf 64' lang='lat' dir='ltr'><strong>calepodius,</strong></span> <span class='ocrx_word' id='word_1_71' title='bbox 881 1319 968 1399; x_wconf 88' lang='lat' dir='ltr'><strong>qnasi</strong></span> <span class='ocrx_word' id='word_1_72' title='bbox 992 1323 1255 1382; x_wconf 81' lang='lat' dir='ltr'><strong>calamo-clamator</strong></span> <span class='ocrx_word' id='word_1_73' title='bbox 1281 1321 1371 1382; x_wconf 89' lang='lat' dir='ltr'><strong>dictus</strong></span> 
     </span>
     <span class='ocr_line' id='line_1_10' title="bbox 305 1420 1372 1508; baseline 0.005 -25"><span class='ocrx_word' id='word_1_74' title='bbox 305 1434 351 1483; x_wconf 88' lang='lat' dir='ltr'><strong>est</strong></span> <span class='ocrx_word' id='word_1_75' title='bbox 365 1435 576 1505; x_wconf 75' lang='lat' dir='ltr'><strong>cognomento.</strong></span> <span class='ocrx_word' id='word_1_76' title='bbox 586 1449 601 1476; x_wconf 88' lang='grc' dir='ltr'><strong>ιι</strong></span> <span class='ocrx_word' id='word_1_77' title='bbox 616 1420 681 1500; x_wconf 89' lang='lat' dir='ltr'><strong>(De</strong></span> <span class='ocrx_word' id='word_1_78' title='bbox 691 1423 900 1508; x_wconf 87' lang='lat' dir='ltr'><strong>Garrulitate.)</strong></span> <span class='ocrx_word' id='word_1_79' title='bbox 912 1422 1005 1507; x_wconf 88' lang='lat' dir='ltr'><strong>Quod</strong></span> <span class='ocrx_word' id='word_1_80' title='bbox 1018 1425 1137 1489; x_wconf 83' lang='lat' dir='ltr'><strong>calamo</strong></span> <span class='ocrx_word' id='word_1_81' title='bbox 1150 1425 1267 1490; x_wconf 87' lang='lat' dir='ltr'><strong>seilicet</strong></span> <span class='ocrx_word' id='word_1_82' title='bbox 1278 1425 1372 1488; x_wconf 87' lang='lat' dir='ltr'><strong>incla-</strong></span> 
     </span>
     <span class='ocr_line' id='line_1_11' title="bbox 305 1529 1373 1619; baseline 0.004 -31"><span class='ocrx_word' id='word_1_83' title='bbox 305 1541 404 1590; x_wconf 88' lang='lat' dir='ltr'><strong>maret</strong></span> <span class='ocrx_word' id='word_1_84' title='bbox 417 1573 426 1604; x_wconf 94' lang='lat'><strong>,</strong></span> <span class='ocrx_word' id='word_1_85' title='bbox 440 1549 515 1592; x_wconf 85' lang='lat' dir='ltr'><strong>voce</strong></span> <span class='ocrx_word' id='word_1_86' title='bbox 529 1541 629 1598; x_wconf 82' lang='lat' dir='ltr'><strong>mutus</strong></span> <span class='ocrx_word' id='word_1_87' title='bbox 640 1543 729 1598; x_wconf 87' lang='lat' dir='ltr'><strong>esset.</strong></span> <span class='ocrx_word' id='word_1_88' title='bbox 742 1529 879 1619; x_wconf 84' lang='lat' dir='ltr'><strong>Reperio</strong></span> <span class='ocrx_word' id='word_1_89' title='bbox 893 1544 925 1594; x_wconf 89' lang='lat' dir='ltr'><strong>ct</strong></span> <span class='ocrx_word' id='word_1_90' title='bbox 935 1529 1130 1617; x_wconf 72' lang='lat' dir='ltr'><strong>Antipatream</strong></span> <span class='ocrx_word' id='word_1_91' title='bbox 1139 1531 1289 1617; x_wconf 86' lang='lat' dir='ltr'><strong>Tyrium,</strong></span> <span class='ocrx_word' id='word_1_92' title='bbox 1304 1531 1373 1594; x_wconf 81' lang='lat' dir='ltr'><strong>item</strong></span> 
     </span>
     <span class='ocr_line' id='line_1_12' title="bbox 305 1632 1375 1720; baseline 0.003 -23"><span class='ocrx_word' id='word_1_93' title='bbox 305 1632 461 1699; x_wconf 89' lang='lat' dir='ltr'><strong>Stoicum:</strong></span> <span class='ocrx_word' id='word_1_94' title='bbox 474 1637 526 1718; x_wconf 84' lang='lat' dir='ltr'><strong>qui</strong></span> <span class='ocrx_word' id='word_1_95' title='bbox 539 1634 649 1706; x_wconf 87' lang='lat' dir='ltr'><strong>Catoni</strong></span> <span class='ocrx_word' id='word_1_96' title='bbox 659 1634 797 1701; x_wconf 79' lang='lat' dir='ltr'><strong>Uticensi</strong></span> <span class='ocrx_word' id='word_1_97' title='bbox 810 1639 843 1700; x_wconf 88' lang='lat' dir='ltr'><strong>in</strong></span> <span class='ocrx_word' id='word_1_98' title='bbox 854 1638 1057 1702; x_wconf 88' lang='lat' dir='ltr'><strong>adolescentia</strong></span> <span class='ocrx_word' id='word_1_99' title='bbox 1067 1641 1191 1716; x_wconf 91' lang='lat' dir='ltr'><strong>doctor,</strong></span> <span class='ocrx_word' id='word_1_100' title='bbox 1201 1651 1292 1720; x_wconf 87' lang='lat' dir='ltr'><strong>atque</strong></span> <span class='ocrx_word' id='word_1_101' title='bbox 1304 1641 1375 1702; x_wconf 88' lang='lat' dir='ltr'><strong>adeo</strong></span> 
     </span>
     <span class='ocr_line' id='line_1_13' title="bbox 307 1737 1369 1828; baseline 0.002 -26"><span class='ocrx_word' id='word_1_102' title='bbox 307 1742 339 1804; x_wconf 88' lang='lat' dir='ltr'><strong>in</strong></span> <span class='ocrx_word' id='word_1_103' title='bbox 353 1737 551 1806; x_wconf 82' lang='lat' dir='ltr'><strong>c&#39;ontubernio</strong></span> <span class='ocrx_word' id='word_1_104' title='bbox 565 1741 673 1806; x_wconf 69' lang='lat' dir='ltr'><strong>Romo</strong></span> <span class='ocrx_word' id='word_1_105' title='bbox 685 1743 750 1806; x_wconf 85' lang='lat' dir='ltr'><strong>suit.</strong></span> <span class='ocrx_word' id='word_1_106' title='bbox 773 1742 951 1808; x_wconf 84' lang='lat' dir='ltr'><strong>Plutarchus</strong></span> <span class='ocrx_word' id='word_1_107' title='bbox 966 1745 999 1806; x_wconf 91' lang='lat' dir='ltr'><strong>in</strong></span> <span class='ocrx_word' id='word_1_108' title='bbox 1012 1745 1074 1808; x_wconf 83' lang='lat' dir='ltr'><strong>vita</strong></span> <span class='ocrx_word' id='word_1_109' title='bbox 1089 1741 1216 1809; x_wconf 84' lang='lat' dir='ltr'><strong>Catonis</strong></span> <span class='ocrx_word' id='word_1_110' title='bbox 1231 1743 1293 1808; x_wconf 82' lang='lat' dir='ltr'><strong>hoe</strong></span> <span class='ocrx_word' id='word_1_111' title='bbox 1307 1763 1369 1828; x_wconf 86' lang='lat' dir='ltr'><strong>pro</strong></span> 
     </span>
     <span class='ocr_line' id='line_1_14' title="bbox 310 1849 1377 1937; baseline 0.002 -25"><span class='ocrx_word' id='word_1_112' title='bbox 310 1849 384 1912; x_wconf 87' lang='lat' dir='ltr'><strong>didit</strong></span> <span class='ocrx_word' id='word_1_113' title='bbox 404 1863 531 1932; x_wconf 82' lang='lat' dir='ltr'><strong>:estque</strong></span> <span class='ocrx_word' id='word_1_114' title='bbox 551 1851 603 1913; x_wconf 86' lang='lat' dir='ltr'><strong>ille</strong></span> <span class='ocrx_word' id='word_1_115' title='bbox 622 1853 659 1914; x_wconf 88' lang='lat' dir='ltr'><strong>dc</strong></span> <span class='ocrx_word' id='word_1_116' title='bbox 680 1872 741 1933; x_wconf 81' lang='lat' dir='ltr'><strong>qno</strong></span> <span class='ocrx_word' id='word_1_117' title='bbox 755 1849 891 1916; x_wconf 86' lang='lat' dir='ltr'><strong>Cicero:</strong></span> <span class='ocrx_word' id='word_1_118' title='bbox 916 1850 1098 1936; x_wconf 75' lang='lat' dir='ltr'><strong>«Antipater</strong></span> <span class='ocrx_word' id='word_1_119' title='bbox 1113 1850 1224 1937; x_wconf 85' lang='lat' dir='ltr'><strong>Tyrius</strong></span> <span class='ocrx_word' id='word_1_120' title='bbox 1240 1849 1377 1925; x_wconf 86' lang='lat' dir='ltr'><strong>Stoicus,</strong></span> 
     </span>
     <span class='ocr_line' id='line_1_15' title="bbox 310 1955 1378 2043; baseline 0 -25"><span class='ocrx_word' id='word_1_121' title='bbox 310 1957 362 2038; x_wconf 88' lang='lat' dir='ltr'><strong>qui</strong></span> <span class='ocrx_word' id='word_1_122' title='bbox 371 1956 500 2020; x_wconf 89' lang='lat' dir='ltr'><strong>Athenis</strong></span> <span class='ocrx_word' id='word_1_123' title='bbox 515 1979 613 2043; x_wconf 90' lang='lat' dir='ltr'><strong>nuper</strong></span> <span class='ocrx_word' id='word_1_124' title='bbox 626 1972 672 2022; x_wconf 92' lang='lat' dir='ltr'><strong>est</strong></span> <span class='ocrx_word' id='word_1_125' title='bbox 681 1973 828 2022; x_wconf 90' lang='lat' dir='ltr'><strong>mortuns.</strong></span> <span class='ocrx_word' id='word_1_126' title='bbox 844 1987 860 2014; x_wconf 90' lang='grc' dir='ltr'><strong>ιι</strong></span> <span class='ocrx_word' id='word_1_127' title='bbox 875 1958 927 2040; x_wconf 91' lang='lat' dir='ltr'><strong>(ll</strong></span> <span class='ocrx_word' id='word_1_128' title='bbox 941 1958 993 2022; x_wconf 89' lang='lat' dir='ltr'><strong>De</strong></span> <span class='ocrx_word' id='word_1_129' title='bbox 1006 1956 1097 2023; x_wconf 77' lang='lat' dir='ltr'><strong>offic.</strong></span> <span class='ocrx_word' id='word_1_130' title='bbox 1107 1957 1119 2041; x_wconf 91' lang='grc'>)</span> <span class='ocrx_word' id='word_1_131' title='bbox 1130 1955 1245 2022; x_wconf 83' lang='lat' dir='ltr'><strong>Verius</strong></span> <span class='ocrx_word' id='word_1_132' title='bbox 1258 1971 1378 2031; x_wconf 91' lang='lat' dir='ltr'><strong>antem,</strong></span> 
     </span>
     <span class='ocr_line' id='line_1_16' title="bbox 310 2064 1379 2151; baseline 0.003 -26"><span class='ocrx_word' id='word_1_133' title='bbox 310 2064 390 2126; x_wconf 88' lang='lat' dir='ltr'><strong>hunc</strong></span> <span class='ocrx_word' id='word_1_134' title='bbox 400 2065 554 2128; x_wconf 82' lang='lat' dir='ltr'><strong>diversum</strong></span> <span class='ocrx_word' id='word_1_135' title='bbox 568 2086 587 2127; x_wconf 91' lang='lat' dir='ltr'><strong>a</strong></span> <span class='ocrx_word' id='word_1_136' title='bbox 602 2067 706 2150; x_wconf 87' lang='lat' dir='ltr'><strong>priore</strong></span> <span class='ocrx_word' id='word_1_137' title='bbox 723 2087 789 2130; x_wconf 88' lang='lat' dir='ltr'><strong>esse</strong></span> <span class='ocrx_word' id='word_1_138' title='bbox 806 2091 814 2126; x_wconf 77' lang='lat' dir='ltr'><strong>t</strong></span> <span class='ocrx_word' id='word_1_139' title='bbox 831 2067 908 2131; x_wconf 89' lang='lat' dir='ltr'><strong>sicut</strong></span> <span class='ocrx_word' id='word_1_140' title='bbox 922 2080 954 2130; x_wconf 88' lang='lat' dir='ltr'><strong>et</strong></span> <span class='ocrx_word' id='word_1_141' title='bbox 964 2065 1161 2151; x_wconf 87' lang='lat' dir='ltr'><strong>Antipatrum</strong></span> <span class='ocrx_word' id='word_1_142' title='bbox 1176 2065 1379 2138; x_wconf 80' lang='lat' dir='ltr'><strong>Tarsensem,</strong></span> 
     </span>
     <span class='ocr_line' id='line_1_17' title="bbox 312 2169 1379 2252; baseline 0 -20"><span class='ocrx_word' id='word_1_143' title='bbox 312 2193 404 2252; x_wconf 90' lang='lat' dir='ltr'><strong>quem</strong></span> <span class='ocrx_word' id='word_1_144' title='bbox 417 2171 496 2234; x_wconf 91' lang='lat' dir='ltr'><strong>inter</strong></span> <span class='ocrx_word' id='word_1_145' title='bbox 513 2171 644 2234; x_wconf 84' lang='lat' dir='ltr'><strong>illustres</strong></span> <span class='ocrx_word' id='word_1_146' title='bbox 657 2169 777 2236; x_wconf 88' lang='lat' dir='ltr'><strong>Stoicos</strong></span> <span class='ocrx_word' id='word_1_147' title='bbox 792 2171 904 2236; x_wconf 87' lang='lat' dir='ltr'><strong>Strabo</strong></span> <span class='ocrx_word' id='word_1_148' title='bbox 920 2173 1097 2237; x_wconf 86' lang='lat' dir='ltr'><strong>nominarit.</strong></span> <span class='ocrx_word' id='word_1_149' title='bbox 1110 2171 1161 2235; x_wconf 95' lang='lat' dir='ltr'><strong>An</strong></span> <span class='ocrx_word' id='word_1_150' title='bbox 1176 2194 1239 2236; x_wconf 92' lang='lat' dir='ltr'><strong>non</strong></span> <span class='ocrx_word' id='word_1_151' title='bbox 1256 2173 1313 2236; x_wconf 87' lang='lat' dir='ltr'><strong>iste</strong></span> <span class='ocrx_word' id='word_1_152' title='bbox 1325 2172 1379 2244; x_wconf 89' lang='lat' dir='ltr'><strong>sit,</strong></span> 
     </span>
     <span class='ocr_line' id='line_1_18' title="bbox 312 2275 1379 2365; baseline -0.002 -25"><span class='ocrx_word' id='word_1_153' title='bbox 312 2299 404 2360; x_wconf 85' lang='lat' dir='ltr'><strong>quern</strong></span> <span class='ocrx_word' id='word_1_154' title='bbox 418 2275 575 2342; x_wconf 83' lang='lat' dir='ltr'><strong>Cleanthis</strong></span> <span class='ocrx_word' id='word_1_155' title='bbox 588 2287 735 2364; x_wconf 71' lang='grc' dir='ltr'><strong>γιὼριμον,</strong></span> <span class='ocrx_word' id='word_1_156' title='bbox 753 2279 785 2342; x_wconf 90' lang='lat' dir='ltr'><strong>id</strong></span> <span class='ocrx_word' id='word_1_157' title='bbox 800 2293 846 2342; x_wconf 87' lang='lat' dir='ltr'><strong>est</strong></span> <span class='ocrx_word' id='word_1_158' title='bbox 857 2279 1039 2365; x_wconf 88' lang='lat' dir='ltr'><strong>discipulum</strong></span> <span class='ocrx_word' id='word_1_159' title='bbox 1052 2324 1060 2357; x_wconf 86' lang='lat'><strong>,</strong></span> <span class='ocrx_word' id='word_1_160' title='bbox 1083 2276 1229 2344; x_wconf 88' lang='lat' dir='ltr'><strong>Clemens</strong></span> <span class='ocrx_word' id='word_1_161' title='bbox 1245 2277 1379 2340; x_wconf 83' lang='lat' dir='ltr'><strong>Alexan-</strong></span> 
     </span>
     <span class='ocr_line' id='line_1_19' title="bbox 312 2383 1084 2466; baseline -0.001 -17"><span class='ocrx_word' id='word_1_162' title='bbox 312 2385 416 2450; x_wconf 89' lang='lat' dir='ltr'><strong>drinus</strong></span> <span class='ocrx_word' id='word_1_163' title='bbox 427 2385 524 2449; x_wconf 77' lang='lat' dir='ltr'><strong>lecit?</strong></span> <span class='ocrx_word' id='word_1_164' title='bbox 537 2384 627 2466; x_wconf 86' lang='lat' dir='ltr'><strong>(Lib.</strong></span> <span class='ocrx_word' id='word_1_165' title='bbox 637 2384 749 2466; x_wconf 77' lang='lat' dir='ltr'><strong>XIV.)</strong></span> <span class='ocrx_word' id='word_1_166' title='bbox 762 2383 868 2449; x_wconf 88' lang='lat' dir='ltr'><strong>Primo</strong></span> <span class='ocrx_word' id='word_1_167' title='bbox 883 2386 928 2448; x_wconf 89' lang='lat' dir='ltr'><strong>illi</strong></span> <span class='ocrx_word' id='word_1_168' title='bbox 941 2386 1084 2450; x_wconf 87' lang='lat' dir='ltr'><strong>successit</strong></span> 
     </span>
    </p>
   </div>
   <div class='ocr_carea' id='block_1_3' title="bbox 204 2490 1379 2581">
    <p class='ocr_par' dir='ltr' id='par_1_3' title="bbox 204 2490 1379 2581">
     <span class='ocr_line' id='line_1_20' title="bbox 204 2490 1379 2581; baseline -0.005 -27"><span class='ocrx_word' id='word_1_169' title='bbox 204 2517 207 2524; x_wconf 95' lang='lat'><em>·</em></span> <span class='ocrx_word' id='word_1_170' title='bbox 341 2491 544 2571; x_wconf 65' lang='lat' dir='ltr'><strong>Pilumno,</strong></span> <span class='ocrx_word' id='word_1_171' title='bbox 567 2493 619 2556; x_wconf 90' lang='lat' dir='ltr'><strong>ille</strong></span> <span class='ocrx_word' id='word_1_172' title='bbox 637 2493 781 2581; x_wconf 82' lang='lat' dir='ltr'><strong>inclytus,</strong></span> <span class='ocrx_word' id='word_1_173' title='bbox 800 2506 831 2555; x_wconf 89' lang='lat' dir='ltr'><strong>et</strong></span> <span class='ocrx_word' id='word_1_174' title='bbox 850 2493 929 2556; x_wconf 89' lang='lat' dir='ltr'><strong>inter</strong></span> <span class='ocrx_word' id='word_1_175' title='bbox 945 2493 1093 2570; x_wconf 80' lang='lat' dir='ltr'><strong>vertices,</strong></span> <span class='ocrx_word' id='word_1_176' title='bbox 1113 2495 1151 2556; x_wconf 89' lang='lat' dir='ltr'><strong>de</strong></span> <span class='ocrx_word' id='word_1_177' title='bbox 1171 2513 1231 2574; x_wconf 83' lang='lat' dir='ltr'><strong>quo</strong></span> <span class='ocrx_word' id='word_1_178' title='bbox 1247 2490 1379 2556; x_wconf 87' lang='lat' dir='ltr'><strong>Cicero:</strong></span> 
     </span>
    </p>
   </div>
   <div class='ocr_carea' id='block_1_4' title="bbox 313 2595 1387 3643">
    <p class='ocr_par' dir='ltr' id='par_1_4' title="bbox 313 2595 1387 3643">
     <span class='ocr_line' id='line_1_21' title="bbox 315 2595 1384 2684; baseline -0.003 -22"><span class='ocrx_word' id='word_1_179' title='bbox 315 2595 495 2664; x_wconf 85' lang='lat' dir='ltr'><strong>«Posidonii</strong></span> <span class='ocrx_word' id='word_1_180' title='bbox 508 2604 633 2679; x_wconf 83' lang='lat' dir='ltr'><strong>doctor,</strong></span> <span class='ocrx_word' id='word_1_181' title='bbox 650 2601 812 2684; x_wconf 85' lang='lat' dir='ltr'><strong>discipulus</strong></span> <span class='ocrx_word' id='word_1_182' title='bbox 824 2598 994 2684; x_wconf 83' lang='lat' dir='ltr'><strong>Antipatri,</strong></span> <span class='ocrx_word' id='word_1_183' title='bbox 1011 2599 1198 2662; x_wconf 73' lang='lat' dir='ltr'><strong>Panaetius.»</strong></span> <span class='ocrx_word' id='word_1_184' title='bbox 1213 2599 1248 2680; x_wconf 91' lang='grc' dir='ltr'><strong>(Ι</strong></span> <span class='ocrx_word' id='word_1_185' title='bbox 1262 2599 1315 2662; x_wconf 87' lang='lat' dir='ltr'><strong>De</strong></span> <span class='ocrx_word' id='word_1_186' title='bbox 1327 2597 1384 2660; x_wconf 88' lang='lat' dir='ltr'><strong>Di-</strong></span> 
     </span>
     <span class='ocr_line' id='line_1_22' title="bbox 313 2705 1385 2792; baseline -0.002 -24"><span class='ocrx_word' id='word_1_187' title='bbox 313 2705 532 2786; x_wconf 81' lang='lat' dir='ltr'><strong>vin.)llhodius</strong></span> <span class='ocrx_word' id='word_1_188' title='bbox 539 2707 636 2792; x_wconf 73' lang='lat' dir='ltr'><strong>patria</strong></span> <span class='ocrx_word' id='word_1_189' title='bbox 646 2708 702 2770; x_wconf 86' lang='lat' dir='ltr'><strong>suit</strong></span> <span class='ocrx_word' id='word_1_190' title='bbox 714 2732 722 2768; x_wconf 76' lang='grc' dir='ltr'><strong><em>ι</em></strong></span> <span class='ocrx_word' id='word_1_191' title='bbox 735 2710 816 2790; x_wconf 90' lang='lat' dir='ltr'><strong>quod</strong></span> <span class='ocrx_word' id='word_1_192' title='bbox 821 2705 932 2770; x_wconf 86' lang='lat' dir='ltr'><strong>Strabo</strong></span> <span class='ocrx_word' id='word_1_193' title='bbox 938 2707 1124 2786; x_wconf 71' lang='lat' dir='ltr'><strong>notarit(lila</strong></span> <span class='ocrx_word' id='word_1_194' title='bbox 1135 2705 1257 2786; x_wconf 58' lang='lat' dir='ltr'><strong>xlm),</strong></span> <span class='ocrx_word' id='word_1_195' title='bbox 1267 2709 1385 2791; x_wconf 83' lang='lat' dir='ltr'><strong>ejusque</strong></span> 
     </span>
     <span class='ocr_line' id='line_1_23' title="bbox 314 2813 1387 2899; baseline -0.003 -22"><span class='ocrx_word' id='word_1_196' title='bbox 314 2817 447 2896; x_wconf 87' lang='lat' dir='ltr'><strong>majores</strong></span> <span class='ocrx_word' id='word_1_197' title='bbox 469 2816 547 2878; x_wconf 91' lang='lat' dir='ltr'><strong>inter</strong></span> <span class='ocrx_word' id='word_1_198' title='bbox 563 2816 638 2878; x_wconf 86' lang='lat' dir='ltr'><strong>belli</strong></span> <span class='ocrx_word' id='word_1_199' title='bbox 652 2817 764 2890; x_wconf 90' lang='lat' dir='ltr'><strong>duces,</strong></span> <span class='ocrx_word' id='word_1_200' title='bbox 788 2828 840 2877; x_wconf 86' lang='lat' dir='ltr'><strong>aut</strong></span> <span class='ocrx_word' id='word_1_201' title='bbox 859 2815 995 2878; x_wconf 85' lang='lat' dir='ltr'><strong>athletas.</strong></span> <span class='ocrx_word' id='word_1_202' title='bbox 1010 2813 1116 2899; x_wconf 84' lang='lat' dir='ltr'><strong>Magni</strong></span> <span class='ocrx_word' id='word_1_203' title='bbox 1133 2837 1203 2878; x_wconf 87' lang='lat' dir='ltr'><strong>eum</strong></span> <span class='ocrx_word' id='word_1_204' title='bbox 1222 2814 1296 2876; x_wconf 77' lang='lat' dir='ltr'><strong>t&#39;ccit</strong></span> <span class='ocrx_word' id='word_1_205' title='bbox 1310 2815 1387 2875; x_wconf 88' lang='lat' dir='ltr'><strong>idern</strong></span> 
     </span>
     <span class='ocr_line' id='line_1_24' title="bbox 316 2899 1387 3005; baseline -0.007 -20"><span class='ocrx_word' id='word_1_206' title='bbox 316 2920 451 2993; x_wconf 84' lang='lat' dir='ltr'><strong>Cicero,</strong></span> <span class='ocrx_word' id='word_1_207' title='bbox 467 2922 643 3004; x_wconf 84' lang='lat' dir='ltr'><strong>ornaritque</strong></span> <span class='ocrx_word' id='word_1_208' title='bbox 661 2921 762 3005; x_wconf 80' lang='lat' dir='ltr'><strong>elogio</strong></span> <span class='ocrx_word' id='word_1_209' title='bbox 780 2945 788 2980; x_wconf 76' lang='lat' dir='ltr'><strong>t</strong></span> <span class='ocrx_word' id='word_1_210' title='bbox 809 2950 824 2976; x_wconf 77' lang='grc' dir='ltr'>α</span> <span class='ocrx_word' id='word_1_211' title='bbox 843 2919 992 2983; x_wconf 78' lang='lat' dir='ltr'><strong>Panaetius</strong></span> <span class='ocrx_word' id='word_1_212' title='bbox 1004 2899 1168 3005; x_wconf 80' lang='lat' dir='ltr'><strong>princeps,</strong></span> <span class='ocrx_word' id='word_1_213' title='bbox 1183 2941 1256 2982; x_wconf 88' lang='lat' dir='ltr'><strong>meo</strong></span> <span class='ocrx_word' id='word_1_214' title='bbox 1269 2920 1387 3001; x_wconf 85' lang='lat' dir='ltr'><strong>quidem</strong></span> 
     </span>
     <span class='ocr_line' id='line_1_25' title="bbox 314 3019 1386 3114; baseline -0.007 -24"><span class='ocrx_word' id='word_1_215' title='bbox 314 3029 446 3114; x_wconf 87' lang='lat' dir='ltr'><strong>judicio,</strong></span> <span class='ocrx_word' id='word_1_216' title='bbox 466 3049 562 3112; x_wconf 86' lang='lat' dir='ltr'><strong>prope</strong></span> <span class='ocrx_word' id='word_1_217' title='bbox 577 3025 758 3092; x_wconf 83' lang='lat' dir='ltr'><strong>stoicorum.</strong></span> <span class='ocrx_word' id='word_1_218' title='bbox 777 3025 1011 3107; x_wconf 73' lang='lat' dir='ltr'><strong>1¹(lVAcad.)</strong></span> <span class='ocrx_word' id='word_1_219' title='bbox 1031 3025 1146 3090; x_wconf 87' lang='lat' dir='ltr'><strong>lterum</strong></span> <span class='ocrx_word' id='word_1_220' title='bbox 1165 3051 1172 3086; x_wconf 92' lang='lat'>:</span> <span class='ocrx_word' id='word_1_221' title='bbox 1195 3055 1210 3080; x_wconf 76' lang='grc' dir='ltr'><strong>«ι</strong></span> <span class='ocrx_word' id='word_1_222' title='bbox 1229 3019 1338 3087; x_wconf 83' lang='lat' dir='ltr'><strong>Homo</strong></span> <span class='ocrx_word' id='word_1_223' title='bbox 1358 3024 1386 3084; x_wconf 92' lang='lat' dir='ltr'><strong>in</strong></span> 
     </span>
     <span class='ocr_line' id='line_1_26' title="bbox 315 3109 1386 3220; baseline -0.007 -23"><span class='ocrx_word' id='word_1_224' title='bbox 315 3134 424 3220; x_wconf 87' lang='lat' dir='ltr'><strong>primis</strong></span> <span class='ocrx_word' id='word_1_225' title='bbox 437 3135 582 3220; x_wconf 82' lang='lat' dir='ltr'><strong>ingenuus</strong></span> <span class='ocrx_word' id='word_1_226' title='bbox 595 3148 625 3196; x_wconf 91' lang='lat' dir='ltr'><strong>et</strong></span> <span class='ocrx_word' id='word_1_227' title='bbox 639 3134 759 3218; x_wconf 83' lang='lat' dir='ltr'><strong>gravis,</strong></span> <span class='ocrx_word' id='word_1_228' title='bbox 783 3133 889 3216; x_wconf 78' lang='lat' dir='ltr'><strong>dignus</strong></span> <span class='ocrx_word' id='word_1_229' title='bbox 904 3133 957 3194; x_wconf 89' lang='lat' dir='ltr'><strong>illa</strong></span> <span class='ocrx_word' id='word_1_230' title='bbox 972 3133 1176 3196; x_wconf 76' lang='lat' dir='ltr'><strong>familiaritate</strong></span> <span class='ocrx_word' id='word_1_231' title='bbox 1189 3109 1343 3216; x_wconf 81' lang='lat' dir='ltr'><strong>Scipionis</strong></span> <span class='ocrx_word' id='word_1_232' title='bbox 1358 3143 1386 3190; x_wconf 87' lang='lat' dir='ltr'><strong>ct</strong></span> 
     </span>
     <span class='ocr_line' id='line_1_27' title="bbox 316 3237 1386 3323; baseline -0.007 -17"><span class='ocrx_word' id='word_1_233' title='bbox 316 3239 410 3306; x_wconf 73' lang='lat' dir='ltr'><strong>laelii.</strong></span> <span class='ocrx_word' id='word_1_234' title='bbox 422 3269 438 3296; x_wconf 90' lang='grc' dir='ltr'><strong><em>ι</em></strong></span> <span class='ocrx_word' id='word_1_235' title='bbox 459 3239 527 3320; x_wconf 85' lang='lat' dir='ltr'><strong>(lv</strong></span> <span class='ocrx_word' id='word_1_236' title='bbox 540 3238 590 3302; x_wconf 93' lang='lat' dir='ltr'><strong>De</strong></span> <span class='ocrx_word' id='word_1_237' title='bbox 612 3237 735 3319; x_wconf 83' lang='lat' dir='ltr'><strong>Finib.)</strong></span> <span class='ocrx_word' id='word_1_238' title='bbox 750 3237 918 3302; x_wconf 84' lang='lat' dir='ltr'><strong>Enimvero</strong></span> <span class='ocrx_word' id='word_1_239' title='bbox 934 3237 1037 3323; x_wconf 87' lang='lat' dir='ltr'><strong>Scipio</strong></span> <span class='ocrx_word' id='word_1_240' title='bbox 1048 3238 1101 3302; x_wconf 90' lang='lat' dir='ltr'><strong>ille</strong></span> <span class='ocrx_word' id='word_1_241' title='bbox 1113 3237 1276 3302; x_wconf 78' lang='lat' dir='ltr'><strong>Africanus</strong></span> <span class='ocrx_word' id='word_1_242' title='bbox 1289 3249 1386 3322; x_wconf 90' lang='lat' dir='ltr'><strong>poste-</strong></span> 
     </span>
     <span class='ocr_line' id='line_1_28' title="bbox 315 3345 1383 3426; baseline -0.005 -17"><span class='ocrx_word' id='word_1_243' title='bbox 315 3348 402 3426; x_wconf 88' lang='lat' dir='ltr'><strong>rior,</strong></span> <span class='ocrx_word' id='word_1_244' title='bbox 417 3348 459 3408; x_wconf 90' lang='lat' dir='ltr'><strong>ita</strong></span> <span class='ocrx_word' id='word_1_245' title='bbox 471 3347 571 3410; x_wconf 84' lang='lat' dir='ltr'><strong>virum</strong></span> <span class='ocrx_word' id='word_1_246' title='bbox 580 3346 738 3410; x_wconf 78' lang='lat' dir='ltr'><strong>aestimarit</strong></span> <span class='ocrx_word' id='word_1_247' title='bbox 750 3360 780 3409; x_wconf 88' lang='lat' dir='ltr'><strong>ct</strong></span> <span class='ocrx_word' id='word_1_248' title='bbox 794 3347 909 3409; x_wconf 83' lang='lat' dir='ltr'><strong>amarit</strong></span> <span class='ocrx_word' id='word_1_249' title='bbox 919 3391 928 3422; x_wconf 90' lang='lat'><strong>,</strong></span> <span class='ocrx_word' id='word_1_250' title='bbox 937 3359 971 3408; x_wconf 89' lang='lat' dir='ltr'><strong>ut</strong></span> <span class='ocrx_word' id='word_1_251' title='bbox 982 3346 1065 3410; x_wconf 89' lang='lat' dir='ltr'><strong>domi</strong></span> <span class='ocrx_word' id='word_1_252' title='bbox 1075 3345 1217 3409; x_wconf 88' lang='lat' dir='ltr'><strong>habuerit</strong></span> <span class='ocrx_word' id='word_1_253' title='bbox 1228 3391 1237 3426; x_wconf 89' lang='lat'><strong>,</strong></span> <span class='ocrx_word' id='word_1_254' title='bbox 1249 3365 1308 3408; x_wconf 88' lang='lat' dir='ltr'><strong>nec</strong></span> <span class='ocrx_word' id='word_1_255' title='bbox 1322 3365 1339 3406; x_wconf 92' lang='lat' dir='ltr'><strong>a</strong></span> <span class='ocrx_word' id='word_1_256' title='bbox 1354 3363 1383 3404; x_wconf 90' lang='lat' dir='ltr'><strong>se</strong></span> 
     </span>
     <span class='ocr_line' id='line_1_29' title="bbox 317 3449 1387 3536; baseline -0.004 -18"><span class='ocrx_word' id='word_1_257' title='bbox 317 3455 480 3534; x_wconf 87' lang='lat' dir='ltr'><strong>dimiserit,</strong></span> <span class='ocrx_word' id='word_1_258' title='bbox 494 3455 586 3517; x_wconf 83' lang='lat' dir='ltr'><strong>etiam</strong></span> <span class='ocrx_word' id='word_1_259' title='bbox 596 3475 689 3536; x_wconf 84' lang='lat' dir='ltr'><strong>qnnm</strong></span> <span class='ocrx_word' id='word_1_260' title='bbox 704 3454 742 3514; x_wconf 92' lang='lat' dir='ltr'><strong>ad</strong></span> <span class='ocrx_word' id='word_1_261' title='bbox 755 3474 805 3516; x_wconf 90' lang='lat' dir='ltr'><strong>res</strong></span> <span class='ocrx_word' id='word_1_262' title='bbox 821 3465 872 3515; x_wconf 89' lang='lat' dir='ltr'><strong>aut</strong></span> <span class='ocrx_word' id='word_1_263' title='bbox 884 3452 967 3514; x_wconf 87' lang='lat' dir='ltr'><strong>bella</strong></span> <span class='ocrx_word' id='word_1_264' title='bbox 978 3453 1046 3515; x_wconf 79' lang='lat' dir='ltr'><strong>iret.</strong></span> <span class='ocrx_word' id='word_1_265' title='bbox 1058 3449 1170 3516; x_wconf 83' lang='lat' dir='ltr'><strong>Cicero</strong></span> <span class='ocrx_word' id='word_1_266' title='bbox 1189 3475 1197 3514; x_wconf 75' lang='grc' dir='ltr'><strong><em>ι</em></strong></span> <span class='ocrx_word' id='word_1_267' title='bbox 1216 3481 1231 3508; x_wconf 82' lang='grc' dir='ltr'><strong>ιι</strong></span> <span class='ocrx_word' id='word_1_268' title='bbox 1245 3449 1387 3516; x_wconf 73' lang='lat' dir='ltr'><strong>Historia</strong></span> 
     </span>
     <span class='ocr_line' id='line_1_30' title="bbox 318 3557 1387 3643; baseline -0.003 -20"><span class='ocrx_word' id='word_1_269' title='bbox 318 3561 496 3643; x_wconf 90' lang='lat' dir='ltr'><strong>loquuntur,</strong></span> <span class='ocrx_word' id='word_1_270' title='bbox 519 3559 554 3622; x_wconf 89' lang='lat' dir='ltr'><strong>P.</strong></span> <span class='ocrx_word' id='word_1_271' title='bbox 577 3558 734 3637; x_wconf 79' lang='lat' dir='ltr'><strong>Africani,</strong></span> <span class='ocrx_word' id='word_1_272' title='bbox 758 3559 789 3620; x_wconf 93' lang='lat' dir='ltr'><strong>in</strong></span> <span class='ocrx_word' id='word_1_273' title='bbox 812 3558 909 3622; x_wconf 86' lang='lat' dir='ltr'><strong>nobili</strong></span> <span class='ocrx_word' id='word_1_274' title='bbox 930 3557 984 3620; x_wconf 84' lang='lat' dir='ltr'><strong>illa</strong></span> <span class='ocrx_word' id='word_1_275' title='bbox 1005 3557 1177 3642; x_wconf 83' lang='lat' dir='ltr'><strong>legatione,</strong></span> <span class='ocrx_word' id='word_1_276' title='bbox 1200 3579 1294 3640; x_wconf 87' lang='lat' dir='ltr'><strong>quam</strong></span> <span class='ocrx_word' id='word_1_277' title='bbox 1320 3571 1387 3620; x_wconf 87' lang='lat' dir='ltr'><strong>ante</strong></span> 
     </span>
    </p>
   </div>
   <div class='ocr_carea' id='block_1_5' title="bbox 196 3643 1384 3760">
    <p class='ocr_par' dir='ltr' id='par_1_5' title="bbox 196 3643 1384 3760">
     <span class='ocr_line' id='line_1_31' title="bbox 196 3643 1384 3760; baseline -0.004 -27"><span class='ocrx_word' id='word_1_278' title='bbox 196 3753 199 3760; x_wconf 24' lang='grc' dir='ltr'>Ι</span> <span class='ocrx_word' id='word_1_279' title='bbox 312 3689 478 3732; x_wconf 86' lang='lat' dir='ltr'><strong>censuram</strong></span> <span class='ocrx_word' id='word_1_280' title='bbox 496 3668 595 3746; x_wconf 88' lang='lat' dir='ltr'><strong>obiit,</strong></span> <span class='ocrx_word' id='word_1_281' title='bbox 625 3665 789 3730; x_wconf 68' lang='lat' dir='ltr'><strong>Panaetium</strong></span> <span class='ocrx_word' id='word_1_282' title='bbox 813 3687 908 3728; x_wconf 91' lang='lat' dir='ltr'><strong>unum</strong></span> <span class='ocrx_word' id='word_1_283' title='bbox 934 3665 1058 3728; x_wconf 90' lang='lat' dir='ltr'><strong>omnino</strong></span> <span class='ocrx_word' id='word_1_284' title='bbox 1084 3643 1228 3729; x_wconf 70' lang='lat' dir='ltr'><strong>comitem</strong></span> <span class='ocrx_word' id='word_1_285' title='bbox 1253 3665 1358 3728; x_wconf 78' lang='lat' dir='ltr'><strong>luisse.</strong></span> <span class='ocrx_word' id='word_1_286' title='bbox 1371 3693 1384 3718; x_wconf 92' lang='grc' dir='ltr'><strong>ιι</strong></span> 
     </span>
    </p>
   </div>
   <div class='ocr_carea' id='block_1_6' title="bbox 317 3769 1394 4393">
    <p class='ocr_par' dir='ltr' id='par_1_6' title="bbox 317 3769 1394 4393">
     <span class='ocr_line' id='line_1_32' title="bbox 321 3769 1389 3857; baseline -0.003 -20"><span class='ocrx_word' id='word_1_287' title='bbox 321 3775 390 3857; x_wconf 85' lang='lat' dir='ltr'><strong>(lv</strong></span> <span class='ocrx_word' id='word_1_288' title='bbox 400 3773 518 3854; x_wconf 85' lang='lat' dir='ltr'><strong>Acad.)</strong></span> <span class='ocrx_word' id='word_1_289' title='bbox 532 3773 582 3837; x_wconf 89' lang='lat' dir='ltr'><strong>Dc</strong></span> <span class='ocrx_word' id='word_1_290' title='bbox 596 3795 654 3857; x_wconf 80' lang='lat' dir='ltr'><strong>qua</strong></span> <span class='ocrx_word' id='word_1_291' title='bbox 668 3773 733 3857; x_wconf 90' lang='lat' dir='ltr'><strong>ipsa</strong></span> <span class='ocrx_word' id='word_1_292' title='bbox 747 3795 781 3837; x_wconf 90' lang='lat' dir='ltr'><strong>re</strong></span> <span class='ocrx_word' id='word_1_293' title='bbox 794 3771 972 3836; x_wconf 82' lang='lat' dir='ltr'><strong>Plutarchus</strong></span> <span class='ocrx_word' id='word_1_294' title='bbox 990 3797 998 3832; x_wconf 74' lang='grc' dir='ltr'><strong><em>ε</em></strong></span> <span class='ocrx_word' id='word_1_295' title='bbox 1017 3799 1032 3828; x_wconf 78' lang='grc' dir='ltr'><strong>ιι</strong></span> <span class='ocrx_word' id='word_1_296' title='bbox 1049 3769 1339 3836; x_wconf 76' lang='lat' dir='ltr'><strong>MissnsAfricanus</strong></span> <span class='ocrx_word' id='word_1_297' title='bbox 1353 3773 1389 3834; x_wconf 93' lang='lat' dir='ltr'><strong>ad</strong></span> 
     </span>
     <span class='ocr_line' id='line_1_33' title="bbox 319 3873 1388 3967; baseline -0.003 -22"><span class='ocrx_word' id='word_1_298' title='bbox 319 3905 369 3945; x_wconf 89' lang='lat' dir='ltr'><strong>res</strong></span> <span class='ocrx_word' id='word_1_299' title='bbox 381 3901 486 3967; x_wconf 84' lang='lat' dir='ltr'><strong>regum</strong></span> <span class='ocrx_word' id='word_1_300' title='bbox 500 3881 717 3965; x_wconf 86' lang='lat' dir='ltr'><strong>inspiciendas,</strong></span> <span class='ocrx_word' id='word_1_301' title='bbox 734 3879 952 3943; x_wconf 82' lang='lat' dir='ltr'><strong>Alexandriam</strong></span> <span class='ocrx_word' id='word_1_302' title='bbox 965 3879 1055 3944; x_wconf 85' lang='lat' dir='ltr'><strong>venit.</strong></span> <span class='ocrx_word' id='word_1_303' title='bbox 1071 3873 1306 3943; x_wconf 80' lang='lat' dir='ltr'><strong>comitabantur</strong></span> <span class='ocrx_word' id='word_1_304' title='bbox 1320 3901 1388 3942; x_wconf 88' lang='lat' dir='ltr'><strong>eum</strong></span> 
     </span>
     <span class='ocr_line' id='line_1_34' title="bbox 322 3985 1389 4074; baseline -0.006 -21"><span class='ocrx_word' id='word_1_305' title='bbox 322 3989 437 4054; x_wconf 87' lang='lat' dir='ltr'><strong>amicus</strong></span> <span class='ocrx_word' id='word_1_306' title='bbox 464 4009 561 4060; x_wconf 86' lang='lat' dir='ltr'><strong>unus,</strong></span> <span class='ocrx_word' id='word_1_307' title='bbox 595 3985 793 4074; x_wconf 86' lang='lat' dir='ltr'><strong>philosophus</strong></span> <span class='ocrx_word' id='word_1_308' title='bbox 819 3986 987 4066; x_wconf 84' lang='lat' dir='ltr'><strong>Panaetius,</strong></span> <span class='ocrx_word' id='word_1_309' title='bbox 1020 3988 1101 4051; x_wconf 79' lang='lat' dir='ltr'><strong>servi</strong></span> <span class='ocrx_word' id='word_1_310' title='bbox 1127 3988 1303 4070; x_wconf 71' lang='lat' dir='ltr'><strong>quinque.»</strong></span> <span class='ocrx_word' id='word_1_311' title='bbox 1331 3985 1389 4065; x_wconf 91' lang='lat' dir='ltr'><strong>(ln</strong></span> 
     </span>
     <span class='ocr_line' id='line_1_35' title="bbox 322 4091 1389 4180; baseline -0.004 -23"><span class='ocrx_word' id='word_1_312' title='bbox 322 4095 442 4180; x_wconf 87' lang='lat' dir='ltr'><strong>Apoph&#39;.</strong></span> <span class='ocrx_word' id='word_1_313' title='bbox 456 4096 471 4172; x_wconf 92' lang='lat'>)</span> <span class='ocrx_word' id='word_1_314' title='bbox 486 4093 550 4156; x_wconf 89' lang='lat' dir='ltr'><strong>Diu</strong></span> <span class='ocrx_word' id='word_1_315' title='bbox 566 4093 673 4157; x_wconf 85' lang='lat' dir='ltr'><strong>vixisse</strong></span> <span class='ocrx_word' id='word_1_316' title='bbox 688 4107 832 4178; x_wconf 88' lang='lat' dir='ltr'><strong>apparet;</strong></span> <span class='ocrx_word' id='word_1_317' title='bbox 845 4115 918 4156; x_wconf 88' lang='lat' dir='ltr'><strong>nam</strong></span> <span class='ocrx_word' id='word_1_318' title='bbox 932 4091 1043 4158; x_wconf 90' lang='lat' dir='ltr'><strong>Cicero</strong></span> <span class='ocrx_word' id='word_1_319' title='bbox 1058 4115 1094 4156; x_wconf 83' lang='lat' dir='ltr'><strong>ex</strong></span> <span class='ocrx_word' id='word_1_320' title='bbox 1108 4091 1272 4156; x_wconf 89' lang='lat' dir='ltr'><strong>Posidonio</strong></span> <span class='ocrx_word' id='word_1_321' title='bbox 1284 4094 1389 4166; x_wconf 83' lang='lat' dir='ltr'><strong>tradit,</strong></span> 
     </span>
     <span class='ocr_line' id='line_1_36' title="bbox 323 4197 1391 4288; baseline 0 -28"><span class='ocrx_word' id='word_1_322' title='bbox 323 4235 341 4284; x_wconf 64' lang='lat' dir='ltr'><strong>r.</strong></span> <span class='ocrx_word' id='word_1_323' title='bbox 361 4204 481 4288; x_wconf 79' lang='lat' dir='ltr'><strong>triginta</strong></span> <span class='ocrx_word' id='word_1_324' title='bbox 502 4215 582 4265; x_wconf 89' lang='lat' dir='ltr'><strong>totos</strong></span> <span class='ocrx_word' id='word_1_325' title='bbox 600 4220 696 4263; x_wconf 85' lang='lat' dir='ltr'><strong>annos</strong></span> <span class='ocrx_word' id='word_1_326' title='bbox 716 4199 916 4286; x_wconf 84' lang='lat' dir='ltr'><strong>superfuisse,</strong></span> <span class='ocrx_word' id='word_1_327' title='bbox 928 4215 1090 4286; x_wconf 85' lang='lat' dir='ltr'><strong>postquam</strong></span> <span class='ocrx_word' id='word_1_328' title='bbox 1104 4201 1200 4264; x_wconf 89' lang='lat' dir='ltr'><strong>libros</strong></span> <span class='ocrx_word' id='word_1_329' title='bbox 1212 4199 1262 4262; x_wconf 91' lang='lat' dir='ltr'><strong>De</strong></span> <span class='ocrx_word' id='word_1_330' title='bbox 1271 4197 1391 4263; x_wconf 87' lang='lat' dir='ltr'><strong>Officiis</strong></span> 
     </span>
     <span class='ocr_line' id='line_1_37' title="bbox 317 4305 1394 4393; baseline -0.008 -18"><span class='ocrx_word' id='word_1_331' title='bbox 317 4311 465 4375; x_wconf 86' lang='lat' dir='ltr'><strong>edidisset.</strong></span> <span class='ocrx_word' id='word_1_332' title='bbox 476 4337 490 4363; x_wconf 90' lang='grc' dir='ltr'><strong>ιι</strong></span> <span class='ocrx_word' id='word_1_333' title='bbox 500 4307 565 4389; x_wconf 91' lang='lat' dir='ltr'><strong>(lll</strong></span> <span class='ocrx_word' id='word_1_334' title='bbox 574 4305 736 4392; x_wconf 78' lang='lat' dir='ltr'><strong>Deoffie.)</strong></span> <span class='ocrx_word' id='word_1_335' title='bbox 748 4305 865 4374; x_wconf 86' lang='lat' dir='ltr'><strong>Seneca</strong></span> <span class='ocrx_word' id='word_1_336' title='bbox 874 4308 1012 4372; x_wconf 91' lang='lat' dir='ltr'><strong>nominat</strong></span> <span class='ocrx_word' id='word_1_337' title='bbox 1023 4309 1192 4393; x_wconf 87' lang='lat' dir='ltr'><strong>aliquoties,</strong></span> <span class='ocrx_word' id='word_1_338' title='bbox 1204 4310 1256 4372; x_wconf 91' lang='lat' dir='ltr'><strong>scd</strong></span> <span class='ocrx_word' id='word_1_339' title='bbox 1265 4321 1394 4372; x_wconf 90' lang='lat' dir='ltr'><strong>tanturn.</strong></span> 
     </span>
    </p>
   </div>
   <div class='ocr_carea' id='block_1_7' title="bbox 0 0 1496 4956">
    <p class='ocr_par' dir='ltr' id='par_1_7' title="bbox 0 0 1496 4956">
     <span class='ocr_line' id='line_1_38' title="bbox 0 0 1496 4956; baseline 0 0"><span class='ocrx_word' id='word_1_340' title='bbox 0 0 1496 4956; x_wconf 95' lang='lat' dir='ltr'><strong> </strong></span> 
     </span>
    </p>
   </div>
  </div>
 </body>
</html>
