2910 4954
323 442 383 526 148
766 443 831 510 DE
859 442 949 510 IRA

229 641 230 646 .
314 569 483 637 et'berbae
508 568 720 651 defecerant,
744 571 969 663 apparuitque
995 571 1110 662 inops¹
1133 572 1234 638 etiam
1251 576 1378 642 anima-

314 685 395 754 lium
414 685 581 768 solitudo,
598 684 766 754 decimum
777 707 947 778 quemque
961 683 1096 768 sor'titi,
1114 685 1311 758 alimentum
1323 691 1381 760 ba-

271 803 286 854 ³
311 802 461 870 buerunt
476 802 561 870 fame
576 804 696 870 saevius
706 807 733 869 ².
756 801 889 894 Agebat
902 800 1016 869 adhue
1032 803 1083 869 ira
1103 799 1239 896 regem³
1256 808 1376 897 praci-

310 919 433 1009 pitem,
451 941 556 1009 quum
576 932 706 1009 partem
724 918 892 985 exereitus
911 917 1094 1000 amisisset,
1115 934 1245 1011 partem
1264 945 1375 1018 eome-

310 1036 435 1118 disset,
459 1033 567 1102 donec
584 1035 720 1114 timuit,
742 1057 785 1101 ne
806 1051 841 1102 et
864 1035 936 1126 ipse
957 1049 1135 1102 vocaretur
1153 1035 1198 1103 ad
1219 1053 1340 1107 sortem
1366 1068 1372 1106 :

309 1167 379 1219 tum
398 1151 534 1218 demum
553 1151 687 1243 signum
702 1150 855 1242 receptui
870 1147 976 1217 dedit.
995 1151 1225 1218 Servabantur
1238 1154 1375 1222 interim

308 1263 357 1330 illi
377 1286 549 1358 generose
563 1285 642 1332 aves
653 1257 680 1344 ⁴,
697 1278 732 1330 et
746 1263 970 1330 instrumenta
984 1262 1160 1355 epularum
1174 1266 1312 1334 camelis
1323 1291 1377 1336 ve-

306 1381 476 1450 hebantur
493 1409 501 1447 :
519 1404 624 1472 quum
640 1380 844 1449 sortirentur
862 1379 986 1448 milites
1004 1379 1078 1472 ejus
1092 1431 1101 1462 ,
1122 1382 1199 1472 quis
1213 1383 1301 1450 male
1318 1409 1377 1476 pe-

306 1497 412 1577 riret,
434 1496 511 1587 quis
529 1494 628 1587 pejus
644 1496 786 1563 viveret.

267 1637 276 1672 ι
353 1609 452 1677 XXI.
476 1609 540 1677 Hic
555 1609 661 1676 iratus
680 1607 745 1674 fuit
763 1609 878 1701 genti,
901 1623 936 1674 et
951 1610 1099 1701 ignotae,
1123 1625 1157 1676 et
1175 1611 1372 1695 immerite,

304 1747 452 1791 sensurae
480 1739 590 1792 tamen
609 1751 618 1808 ς
637 1725 747 1814 Cyrus
773 1721 917 1790 flumini.
940 1725 1024 1790 Nam
1043 1748 1147 1815 quum
1168 1727 1374 1818 Babylonem

303 1855 562 1933 oppugnaturus
580 1839 755 1907 festinaret
777 1837 821 1905 ad
843 1836 992 1920 bellum,
1020 1839 1117 1931 eujus
1133 1842 1279 1910 maxima
1299 1867 1373 1910 mo-

301 1970 414 2022 menta
427 1956 464 2022 in
478 1955 710 2023 occasionibus
725 1969 825 2034 aunt,
840 1951 990 2059 §puden
1006 1947 1017 1988 ⁵
1033 1953 1099 2022 late
1113 1953 1224 2023 fusum
1236 1980 1372 2024 amnem

300 2067 386 2137 vado
408 2071 551 2138 transire
570 2071 713 2140 tentavit
734 2098 742 2152 3
765 2067 858 2160 quod
875 2069 930 2136 vix
950 2083 1058 2136 tutum
1077 2085 1128 2136 est
1145 2072 1245 2138 etiam
1265 2096 1370 2163 quum

262 2218 275 2248 2
301 2183 431 2256 aeneit⁶
446 2203 613 2269 aeatatem,
633 2185 729 2254 etad
746 2186 921 2254 minimum
940 2182 1105 2252 deductus
1124 2201 1186 2254 est.
1209 2187 1261 2254 lbi
1283 2212 1373 2256 unus

301 2327 339 2370 ex
360 2304 414 2370 his
432 2304 550 2394 equis,
572 2303 633 2393 qui
653 2301 789 2369 trahere
803 2301 935 2392 regium
951 2323 1087 2367 currum
1105 2299 1174 2368 albi
1192 2301 1369 2384 solebant,

301 2418 462 2514 abreptus
474 2469 484 2498 ,
506 2418 725 2521 veliementer
739 2415 915 2482 commovit
931 2435 1044 2506 regem
1058 2415 1211 2507 ,juravit
1228 2418 1368 2509 itaque,

339 2679 357 2712 ι.
372 2661 552 2729 Apponu'tque
564 2662 647 2724 inops.
659 2655 688 2708 ld
700 2669 753 2719 est,
766 2655 810 2725 ju·
859 2653 898 2706 eui
909 2674 951 2705 rex
961 2653 1054 2706 ultioni
1064 2653 1186 2720 instabat,
1199 2655 1375 2710 necloeorum

302 2736 512 2808 mentequoque‚
526 2736 618 2807 quibus
627 2733 747 2788 exereitus
758 2744 808 2784 ute·
858 2732 995 2786 solitudine
1018 2733 1167 2797 deterritus,
1185 2755 1232 2788 nee
1253 2737 1375 2790 morien-

301 2816 391 2880 tatus,
409 2825 557 2886 consumpta
572 2825 663 2866 enat:
679 2809 808 2862 Herodoto
858 2810 921 2862 tium
933 2811 1045 2864 militum
1056 2811 1159 2884 gemitu.

302 2890 318 2943 l.
331 2891 347 2944 l.
359 2892 460 2963 precise
472 2895 501 2944 eir
515 2887 633 2954 ὑποζύγια
646 2898 807 2940 memorante.
890 2891 913 2954 4.
932 2889 1070 2941 Generosoe
1083 2908 1151 2942 noes.
1163 2889 1197 2940 Η.
1210 2909 1233 2943 e.
1244 2890 1374 2944 rarissimi

304 2967 430 3021 Convenit
452 2969 507 3022 hue
532 2967 618 3020 Nostri
639 2965 749 3018 namatio
776 2964 807 3016 de
856 2968 1085 3040 etproestantiasimi
1098 2967 1283 3040 genuissem
1298 2991 1374 3040 qne·

303 3045 435 3119 Cambysae
459 3046 617 3120 expeditione
641 3044 669 3097 in
689 3043 807 3097 omnibus
856 3043 1206 3119 lesapudromanosilpieios
1220 3049 1374 3104 ferebantur

301 3127 351 3178 lere
374 3144 433 3176 eum
455 3123 620 3186 Herodotee,
644 3133 807 3194 preterquam
857 3123 1376 3190 avisNumidica,Phasianaavie,l'boe-

301 3203 370 3274 quod
382 3201 506 3255 nonnulla
515 3199 651 3252 variaverit
661 3219 668 3252 ι
678 3219 714 3251 ex.
722 3209 806 3264 eausa,
856 3202 998 3275 nieopterus
1009 3201 1116 3273 aliaeque
1125 3201 1251 3274 plurimae.

300 3282 389 3353 quinta
406 3281 503 3333 itineris
520 3289 587 3352 parte
608 3279 720 3330 coniecta
739 3277 808 3332 eibos
888 3281 956 3333 xxl.
966 3283 1036 3332 Atto.
1049 3280 1111 3352 Cyri
1125 3280 1258 3334 iracundia
1272 3283 1299 3332 in
1314 3283 1377 3334 llu-

302 3360 438 3422 delecisse,
457 3377 535 3427 quum
557 3357 653 3408 Seneca
670 3355 735 3408 intra
749 3355 807 3428 pri-
856 3357 928 3409 vium
941 3357 1062 3428 Gynden.

301 3457 371 3490 muru
383 3436 446 3502 iter,
460 3435 495 3486 ait
505 3433 658 3506 ,fldeleeisam
673 3451 719 3485 nee
736 3453 807 3484 eom·
889 3437 911 3488 5.
934 3436 1052 3506 Gynden.
1075 3435 1196 3488 Fluvium
1217 3437 1381 3510 Babylouioe

300 3527 397 3566 meat-m
408 3513 528 3585 provisor.
542 3511 661 3576 Accedit,
674 3511 743 3582 quod
756 3513 808 3564 No-
856 3532 899 3585 per
915 3513 965 3567 360
982 3514 1052 3566 rivos
1073 3513 1165 3587 passim
1185 3513 1332 3568 derivatum
1366 3541 1384 3571 a

299 3606 348 3646 ster
356 3590 577 3665 amplificationem
586 3589 713 3644 addiderit
718 3611 806 3664 pamm
858 3591 933 3664 Cyro.
942 3593 1085 3646 Herodotus
1095 3603 1182 3646 narrat
1190 3593 1220 3657 1,
1236 3595 1295 3665 189,
1305 3615 1382 3660 aua,

299 3671 395 3724 scitam.
858 3671 1162 3745 uestimentisque
1178 3672 1249 3725 ineo
1266 3676 1386 3747 conspi—

334 3770 357 3801 2·
368 3749 574 3802 Alemonam...
583 3748 684 3802 toevt'ttt·
695 3746 751 3800 Hoc
761 3761 806 3814 etl,
857 3751 983 3817 elebatur,
997 3751 1067 3824 quod
1080 3771 1138 3804 eum
1154 3752 1226 3804 omui
1236 3751 1384 3824 copiarum

299 3827 484 3880 commilitones
503 3845 562 3879 suos
579 3843 718 3887 vorarere3
738 3827 807 3896 quod
857 3829 1385 3903 vitamlongumtempuesineullotom-

298 3907 391 3962 tristius
407 3921 444 3960 est
455 3926 532 3978 quarn
549 3909 615 3958 lame
632 3905 701 3958 lenta
714 3906 807 3958 exstin-
856 3908 934 3962 modo
944 3907 1027 3962 inboe
1035 3909 1112 3960 fluvio
1122 3921 1225 3971 tereret,
1237 3909 1271 3961 ob
1284 3929 1382 3964 unam

298 3985 343 4056 gui
353 4003 359 4036 :
369 4006 413 4058 per
425 3983 533 4058 liguram
546 4003 601 4036 eam
612 4001 688 4054 qnam
702 3981 805 4057 Eupbe—
854 4003 971 4046 cauum,
983 3995 1011 4035 ut
1021 4003 1079 4034 eum
1091 4002 1165 4056 prena
1176 3981 1297 4037 alliceret.

297 4063 416 4114 missuum
428 4063 550 4115 libatores
563 4075 663 4114 vocant.
885 4061 909 4112 6.
933 4060 1027 4113 Sensit.
1052 4061 1092 4111 De
1115 4061 1189 4113 rebus
1215 4061 1382 4120 inanimatis

328 4139 351 4193 3.
372 4141 474 4209 Agebat
487 4141 572 4192 adhuc
587 4143 630 4191 im
644 4155 734 4210 regum.
747 4141 802 4192 Hor
851 4157 908 4208 que
927 4157 1015 4191 revera
1037 4137 1101 4191 nihil
1127 4140 1241 4192 sentiunt
1265 4139 1382 4198 locutio

294 4230 345 4281 est,
358 4217 471 4290 pertinen
481 4218 525 4270 irte
534 4229 557 4267 et
566 4215 647 4284 impos
655 4227 801 4288 perpetuum
850 4217 942 4268 Nostro
952 4216 1098 4281 familiaris,
1111 4237 1191 4286 eaque
1204 4219 1315 4288 poetica.
