2930 4956
220 537 221 540 Ὺ
331 462 405 530 nn
523 434 1224 534 Junrc'runsurnnsnnncn.

334 605 438 667 omnia
452 604 569 666 fortiter
586 615 616 667 et
634 604 730 670 calide
742 607 857 690 agenda
871 621 954 686 sunt,
974 621 1004 670 et
1018 607 1114 670 oratio
1136 605 1204 668 talis
1226 605 1399 670 adhibenda.

333 709 384 772 An
403 731 469 773 non
479 710 572 773 iecit?
590 707 773 774 Ciceronem
789 711 820 774 in
837 733 876 774 eo
889 733 1000 796 genere
1014 712 1134 785 confer,
1148 725 1286 796 stagnum
1301 713 1397 775 dices:

332 817 413 880 hunc
423 832 525 881 autem
537 815 651 880 flumen
660 817 820 899 rapidum,
833 821 914 901 quod
924 820 1070 882 lectorem
1083 839 1187 882 secum
1197 817 1300 880 trahit.
1313 815 1396 888 Satis,

334 926 425 998 satis;
443 946 500 1009 ego
520 922 671 988 Senecam
688 926 844 1002 universe,
869 926 1068 988 admiratione
1086 925 1183 1010 magis
1203 946 1295 1006 quarn
1316 924 1398 987 laude

332 1033 575 1115 prosequendum
591 1031 723 1094 arbitror
739 1055 746 1092 :
762 1032 942 1115 inpartibus
955 1033 1069 1114 aliquid
1082 1039 1147 1094 esse
1161 1034 1242 1113 quod
1258 1053 1395 1106 censeas,

334 1154 386 1202 aut
399 1140 447 1202 cui
468 1161 664 1236 succenseas,
680 1160 743 1202 non
759 1160 849 1224 nego.
862 1138 943 1204 Sane
956 1141 1067 1202 decidit
1081 1139 1252 1216 interdurn,
1268 1152 1351 1201 anta
1370 1159 1399 1200 se

334 1261 447 1319 mutat;
466 1260 500 1308 ut
513 1247 544 1308 iu'
557 1247 633 1331 jocis
649 1261 700 1309 aut
714 1247 819 1324 dictis,
836 1268 928 1329 mam
939 1248 1058 1330 ineptus
1068 1247 1143 1310 alibi
1151 1295 1161 1324 ‚
1173 1243 1235 1310 sive
1250 1246 1400 1310 affectatus

334 1357 396 1417 est!
414 1356 444 1416 iu
465 1353 604 1416 laudibus
618 1367 670 1415 aut
685 1354 858 1438 vituperiis,
875 1356 938 1416 sine
957 1355 1068 1416 modo!
1084 1355 1230 1435 exordia,
1249 1366 1301 1416 aut
1317 1367 1399 1415 tran-

333 1461 422 1536 situs,
438 1459 622 1543 longinqua,
635 1472 687 1520 aut
700 1461 818 1523 comica
832 1461 839 1520 !
857 1460 973 1524 incuria
987 1459 1080 1524 etiam
1092 1461 1124 1521 iu
1135 1459 1269 1522 historiis
1284 1459 1292 1520 i
1308 1459 1399 1540 inqui

332 1567 455 1631 sitiones
488 1574 538 1628 aut
562 1566 785 1630 dissertationes
809 1567 841 1628 in
866 1567 1081 1651 philosophia,
1110 1569 1163 1630 sed
1185 1579 1216 1629 et
1233 1565 1396 1650 philologia

227 1703 232 1712 ·
331 1674 456 1736 tenues!
472 1671 548 1736 Sunt
559 1673 640 1735 enirn
659 1673 735 1749 ista,
750 1675 803 1736 scd
819 1694 915 1757 pauca
933 1697 940 1731 ε
960 1687 991 1736 et
1005 1673 1168 1736 meliorum
1190 1674 1291 1736 statim
1313 1673 1400 1734 inter-

331 1793 421 1843 ventu
434 1780 475 1842 ita
488 1793 670 1863 pensantur,
690 1793 723 1841 ut
740 1794 929 1844 momentum
950 1783 989 1843 ad
1008 1781 1238 1864 deprimendum
1259 1799 1323 1841 non
1345 1778 1399 1840 ha-

330 1888 439 1963 beant,
459 1887 490 1948 in
506 1886 563 1949 hac
576 1885 679 1968 judicii
700 1886 798 1949 lance.
815 1886 921 1968 ltaque
935 1888 1114 1949 sententiam
1128 1907 1185 1970 pro
1199 1900 1229 1948 te
1240 1932 1249 1964 ,
1261 1884 1397 1960 Seneca,

330 1995 471 2059 audacter
493 1992 618 2055 ierimus
644 2015 651 2051 ε
674 1992 705 2053 in
727 1992 940 2077 philosophia,
962 2007 993 2054 et
1016 1993 1183 2078 praesertim
1204 1992 1317 2055 morali
1339 1995 1398 2075 ejus

327 2114 435 2184 perte,
453 2099 550 2162 vicisti
566 2098 617 2180 qui
633 2097 771 2176 iuenmt,
784 2098 836 2180 qui
850 2111 940 2161 erunt
955 2123 962 2158 :
979 2099 1082 2183 accipe
1097 2099 1248 2184 palmam,
1265 2120 1329 2162 non
1339 2119 1399 2162 ma-

327 2207 373 2292 gis
386 2228 477 2288 quam
491 2203 618 2268 Herculi
632 2203 749 2267 clavam
763 2206 886 2283 (omnes
899 2205 1002 2266 omnia
1015 2205 1141 2282 iaciant)
1152 2207 1397 2286 extorquendam.

326 2312 364 2375 In
377 2314 441 2396 ipsa
456 2311 645 2393 eloquentia,
658 2313 721 2374 duae
732 2323 788 2372 true
804 2311 928 2374 virtutes
940 2310 1055 2373 eximiae
1069 2334 1076 2371 ε
1091 2311 1178 2394 copia
1192 2311 1224 2372 in
1238 2311 1396 2386 brevitate,

326 2417 516 2482 vehementia
529 2419 562 2478 in
575 2416 726 2480 facilitate.
740 2413 791 2478 De
805 2417 911 2500 copia,
928 2417 1025 2480 bourn
1043 2419 1132 2500 judex
1146 2431 1177 2481 et
1190 2438 1282 2500 sagax
1299 2418 1398 2479 statim

326 2525 475 2610 agnoscit,
487 2537 517 2586 et
526 2521 639 2586 Fabius
652 2537 684 2586 ut
693 2523 1035 2606 peculiarem-virtutem
1047 2524 1139 2586 etiam
1150 2523 1224 2584 aiibi
1238 2524 1377 2608 adsignat
1389 2545 1396 2581 :

327 2661 343 2688 a
353 2629 483 2716 Copiam
491 2629 627 2708 Senecae,
640 2630 721 2692 vires
732 2629 885 2716 Africani,
896 2631 1100 2694 maturitatem
1111 2629 1208 2692 Afri.»
1222 2627 1395 2712 (Libxll,

325 2761 391 2824 cap.
408 2742 470 2816 ro.)
485 2737 529 2801 Ut
542 2739 643 2800 ridere
656 2736 766 2800 merito
781 2738 820 2799 sit
835 2737 922 2814 illos,
937 2739 988 2820 qui
1005 2738 1117 2801 siccum
1132 2751 1162 2800 et
1175 2739 1297 2800 aridum
1310 2737 1398 2799 nobis

324 2847 435 2910 dicunt.
445 2844 487 2907 At
500 2847 538 2906 de
551 2844 740 2907 vehementia
755 2864 811 2928 ego
826 2846 890 2924 ejus
904 2844 1001 2906 miror
1018 2870 1025 2904 :
1039 2857 1071 2906 et
1084 2857 1130 2908 est
1141 2858 1204 2906 tota
1217 2846 1321 2907 oratio
1334 2844 1398 2906 iere

324 2955 473 3030 accincta,
492 2952 622 3025 intenta,
641 2965 672 3013 et
683 2951 779 3013 robur
792 2951 824 3012 in
840 2973 877 3014 ea
891 2965 922 3014 ct
936 2953 1124 3025 acrimonia,
1140 2972 1199 3034 qua
1213 2951 1264 3012 rel
1276 2954 1318 3013 ad
1330 2949 1398 3012 De-

324 3061 513 3123 mosthenem
526 3082 560 3123 se
578 3062 677 3142 jactet
701 3064 838 3135 Διινότης,
858 3081 922 3141 quae
944 3059 1118 3122 mirabilem
1137 3061 1223 3121 illurn
1238 3071 1397 3122 oratorem

324 3168 419 3245 iacit,
443 3189 512 3231 cum
537 3168 595 3230 isto
620 3179 701 3229 certe
723 3167 751 3229 ei
770 3166 940 3230 communis
962 3179 1027 3240 est,
1054 3167 1185 3248 itemque
1206 3166 1333 3228 numeri
1354 3165 1396 3226 illi

322 3273 434 3337 viriles.
449 3272 538 3335 Unde
552 3286 669 3347 autem,
686 3272 745 3335 nisi
759 3272 799 3334 ab
814 3272 916 3334 auimo
936 3272 1013 3335 tali?
1033 3285 1064 3335 et
1086 3301 1101 3328 ιι
1120 3285 1224 3356 pectus
1239 3287 1288 3336 est
1303 3271 1397 3357 (pul-

322 3381 474 3445 cherrimo
490 3401 578 3443 sensu
595 3377 731 3458 Fabius)
753 3368 835 3461 qhod
856 3381 985 3442 disertos
1003 3379 1095 3457 iacit,
1119 3393 1151 3442 et
1168 3380 1213 3442 vis
1235 3381 1361 3442 mentis.
1379 3405 1395 3431 υ

320 3489 432 3553 Jodica
445 3490 503 3568 sic,
521 3488 601 3550 bone
615 3485 745 3565 Lector,
770 3501 800 3550 et
820 3486 902 3550 hono
922 3501 975 3550 tuo
1001 3490 1180 3572 (spondeo,
1200 3489 1390 3571 respondeo)

321 3593 470 3660 Senecam
489 3615 567 3658 ama.
