<?xml version="1.0" encoding="UTF-8"?>
<!DOCTYPE html PUBLIC "-//W3C//DTD XHTML 1.0 Transitional//EN"
    "http://www.w3.org/TR/xhtml1/DTD/xhtml1-transitional.dtd">
<html xmlns="http://www.w3.org/1999/xhtml" xml:lang="en" lang="en">
 <head>
  <title>
</title>
<meta http-equiv="Content-Type" content="text/html;charset=utf-8" />
  <meta name='ocr-system' content='tesseract 3.04.00' />
  <meta name='ocr-capabilities' content='ocr_page ocr_carea ocr_par ocr_line ocrx_word'/>
</head>
<body>
  <div class='ocr_page' id='page_1' title='image "./lannsenecparspr01bouigoog_0683.png"; bbox 0 0 2856 4974; ppageno 0'>
   <div class='ocr_carea' id='block_1_1' title="bbox 303 445 1126 530">
    <p class='ocr_par' dir='ltr' id='par_1_1' title="bbox 303 445 1126 530">
     <span class='ocr_line' id='line_1_1' title="bbox 303 445 1126 530; baseline 0.012 -16"><span class='ocrx_word' id='word_1_1' title='bbox 303 445 370 530; x_wconf 70' lang='lat'><strong>436</strong></span> <span class='ocrx_word' id='word_1_2' title='bbox 554 449 622 518; x_wconf 87' lang='lat' dir='ltr'><strong>DE</strong></span> <span class='ocrx_word' id='word_1_3' title='bbox 645 449 969 520; x_wconf 79' lang='lat' dir='ltr'><strong>BREVITATE&#39;</strong></span> <span class='ocrx_word' id='word_1_4' title='bbox 988 453 1126 524; x_wconf 80' lang='lat' dir='ltr'>v1TAE</span> 
     </span>
    </p>
   </div>
   <div class='ocr_carea' id='block_1_2' title="bbox 259 579 1384 3106">
    <p class='ocr_par' dir='ltr' id='par_1_2' title="bbox 299 579 1384 767">
     <span class='ocr_line' id='line_1_2' title="bbox 301 579 1384 681; baseline 0.013 -37"><span class='ocrx_word' id='word_1_5' title='bbox 301 581 397 645; x_wconf 81' lang='lat' dir='ltr'><strong>catu&#39;</strong></span> <span class='ocrx_word' id='word_1_6' title='bbox 423 581 565 672; x_wconf 91' lang='lat' dir='ltr'><strong>respuit.</strong></span> <span class='ocrx_word' id='word_1_7' title='bbox 585 579 680 648; x_wconf 87' lang='lat' dir='ltr'><strong>Nihil</strong></span> <span class='ocrx_word' id='word_1_8' title='bbox 700 581 812 650; x_wconf 89' lang='lat' dir='ltr'><strong>minus</strong></span> <span class='ocrx_word' id='word_1_9' title='bbox 825 596 877 650; x_wconf 90' lang='lat' dir='ltr'><strong>est</strong></span> <span class='ocrx_word' id='word_1_10' title='bbox 890 582 1037 652; x_wconf 87' lang='lat' dir='ltr'><strong>hominis</strong></span> <span class='ocrx_word' id='word_1_11' title='bbox 1051 589 1230 681; x_wconf 87' lang='lat' dir='ltr'><strong>occupati²</strong></span> <span class='ocrx_word' id='word_1_12' title='bbox 1246 639 1254 670; x_wconf 89' lang='lat'><strong>‚</strong></span> <span class='ocrx_word' id='word_1_13' title='bbox 1276 614 1384 681; x_wconf 89' lang='lat' dir='ltr'><strong>quam</strong></span> 
     </span>
     <span class='ocr_line' id='line_1_3' title="bbox 299 691 1116 767; baseline 0.012 -9"><span class='ocrx_word' id='word_1_14' title='bbox 299 691 414 760; x_wconf 83' lang='lat' dir='ltr'><strong>vivere</strong></span> <span class='ocrx_word' id='word_1_15' title='bbox 437 720 444 760; x_wconf 75' lang='grc' dir='ltr'><strong>ι</strong></span> <span class='ocrx_word' id='word_1_16' title='bbox 465 695 592 765; x_wconf 88' lang='lat' dir='ltr'><strong>nuliius</strong></span> <span class='ocrx_word' id='word_1_17' title='bbox 610 697 660 762; x_wconf 87' lang='lat' dir='ltr'><strong>rei</strong></span> <span class='ocrx_word' id='word_1_18' title='bbox 681 693 855 765; x_wconf 87' lang='lat' dir='ltr'><strong>difficilior</strong></span> <span class='ocrx_word' id='word_1_19' title='bbox 871 713 922 764; x_wconf 89' lang='lat' dir='ltr'><strong>cst</strong></span> <span class='ocrx_word' id='word_1_20' title='bbox 937 693 1116 767; x_wconf 80' lang='lat' dir='ltr'><strong>scientia⁵.</strong></span> 
     </span>
    </p>

    <p class='ocr_par' dir='ltr' id='par_1_3' title="bbox 298 808 1379 1806">
     <span class='ocr_line' id='line_1_4' title="bbox 353 808 1378 908; baseline 0.011 -32"><span class='ocrx_word' id='word_1_21' title='bbox 353 808 429 878; x_wconf 88' lang='lat' dir='ltr'><strong>VII.</strong></span> <span class='ocrx_word' id='word_1_22' title='bbox 448 813 661 881; x_wconf 69' lang='lat' dir='ltr'><strong>Professores</strong></span> <span class='ocrx_word' id='word_1_23' title='bbox 677 812 822 880; x_wconf 88' lang='lat' dir='ltr'><strong>aliarum</strong></span> <span class='ocrx_word' id='word_1_24' title='bbox 838 813 962 882; x_wconf 90' lang='lat' dir='ltr'><strong>artium</strong></span> <span class='ocrx_word' id='word_1_25' title='bbox 977 815 1079 908; x_wconf 80' lang='lat' dir='ltr'><strong>vulgo</strong></span> <span class='ocrx_word' id='word_1_26' title='bbox 1095 815 1266 908; x_wconf 85' lang='lat' dir='ltr'><strong>multique</strong></span> <span class='ocrx_word' id='word_1_27' title='bbox 1282 837 1378 886; x_wconf 88' lang='lat' dir='ltr'><strong>sunt.</strong></span> 
     </span>
     <span class='ocr_line' id='line_1_5' title="bbox 301 926 1378 1027; baseline 0.008 -31"><span class='ocrx_word' id='word_1_28' title='bbox 301 926 477 1020; x_wconf 88' lang='lat' dir='ltr'><strong>Quasdam</strong></span> <span class='ocrx_word' id='word_1_29' title='bbox 491 951 572 996; x_wconf 89' lang='lat' dir='ltr'><strong>vero</strong></span> <span class='ocrx_word' id='word_1_30' title='bbox 590 951 630 996; x_wconf 86' lang='lat' dir='ltr'><strong>ex</strong></span> <span class='ocrx_word' id='word_1_31' title='bbox 647 928 701 996; x_wconf 91' lang='lat' dir='ltr'><strong>his</strong></span> <span class='ocrx_word' id='word_1_32' title='bbox 719 930 817 1022; x_wconf 89' lang='lat' dir='ltr'><strong>pueri</strong></span> <span class='ocrx_word' id='word_1_33' title='bbox 835 928 1015 998; x_wconf 81' lang='lat' dir='ltr'><strong>admodum</strong></span> <span class='ocrx_word' id='word_1_34' title='bbox 1036 933 1082 1000; x_wconf 91' lang='lat' dir='ltr'><strong>ita</strong></span> <span class='ocrx_word' id='word_1_35' title='bbox 1098 936 1300 1027; x_wconf 79' lang='lat' dir='ltr'><strong>percepisse</strong></span> <span class='ocrx_word' id='word_1_36' title='bbox 1317 939 1378 1004; x_wconf 78' lang='lat' dir='ltr'><strong>sisi</strong></span> 
     </span>
     <span class='ocr_line' id='line_1_6' title="bbox 300 1041 1379 1138; baseline 0.006 -26"><span class='ocrx_word' id='word_1_37' title='bbox 300 1059 397 1126; x_wconf 89' lang='lat' dir='ltr'><strong>sunt,</strong></span> <span class='ocrx_word' id='word_1_38' title='bbox 414 1060 453 1113; x_wconf 92' lang='lat' dir='ltr'><strong>ut</strong></span> <span class='ocrx_word' id='word_1_39' title='bbox 471 1045 572 1113; x_wconf 86' lang='lat' dir='ltr'><strong>etiam</strong></span> <span class='ocrx_word' id='word_1_40' title='bbox 592 1044 779 1138; x_wconf 75' lang='lat' dir='ltr'><strong>praecipere</strong></span> <span class='ocrx_word' id='word_1_41' title='bbox 799 1061 936 1138; x_wconf 82' lang='lat' dir='ltr'><strong>possent</strong></span> <span class='ocrx_word' id='word_1_42' title='bbox 950 1041 976 1114; x_wconf 79' lang='lat'><strong>⁴.</strong></span> <span class='ocrx_word' id='word_1_43' title='bbox 994 1049 1116 1116; x_wconf 87' lang='lat' dir='ltr'><strong>Vivere</strong></span> <span class='ocrx_word' id='word_1_44' title='bbox 1136 1065 1205 1117; x_wconf 88' lang='lat' dir='ltr'><strong>tota</strong></span> <span class='ocrx_word' id='word_1_45' title='bbox 1221 1052 1295 1118; x_wconf 80' lang='lat' dir='ltr'><strong>vita</strong></span> <span class='ocrx_word' id='word_1_46' title='bbox 1309 1050 1379 1118; x_wconf 88' lang='lat' dir='ltr'><strong>dis·</strong></span> 
     </span>
     <span class='ocr_line' id='line_1_7' title="bbox 299 1155 1375 1251; baseline 0.005 -25"><span class='ocrx_word' id='word_1_47' title='bbox 299 1156 445 1226; x_wconf 88' lang='lat' dir='ltr'><strong>cendum</strong></span> <span class='ocrx_word' id='word_1_48' title='bbox 463 1175 515 1226; x_wconf 85' lang='lat' dir='ltr'><strong>est</strong></span> <span class='ocrx_word' id='word_1_49' title='bbox 538 1185 545 1224; x_wconf 92' lang='lat'>:</span> <span class='ocrx_word' id='word_1_50' title='bbox 566 1173 600 1225; x_wconf 89' lang='lat' dir='ltr'><strong>et</strong></span> <span class='ocrx_word' id='word_1_51' title='bbox 618 1155 710 1249; x_wconf 91' lang='lat' dir='ltr'><strong>quod</strong></span> <span class='ocrx_word' id='word_1_52' title='bbox 728 1159 835 1251; x_wconf 79' lang='lat' dir='ltr'><strong>magis</strong></span> <span class='ocrx_word' id='word_1_53' title='bbox 853 1158 993 1228; x_wconf 85' lang='lat' dir='ltr'><strong>fortasse</strong></span> <span class='ocrx_word' id='word_1_54' title='bbox 1011 1161 1201 1246; x_wconf 84' lang='lat' dir='ltr'><strong>mirabere,</strong></span> <span class='ocrx_word' id='word_1_55' title='bbox 1220 1178 1292 1230; x_wconf 89' lang='lat' dir='ltr'><strong>tota</strong></span> <span class='ocrx_word' id='word_1_56' title='bbox 1308 1166 1375 1231; x_wconf 82' lang='lat' dir='ltr'><strong>vitr</strong></span> 
     </span>
     <span class='ocr_line' id='line_1_8' title="bbox 299 1263 1378 1356; baseline 0.004 -18"><span class='ocrx_word' id='word_1_57' title='bbox 299 1268 499 1338; x_wconf 87' lang='lat' dir='ltr'><strong>discendum</strong></span> <span class='ocrx_word' id='word_1_58' title='bbox 513 1286 564 1338; x_wconf 88' lang='lat' dir='ltr'><strong>cst</strong></span> <span class='ocrx_word' id='word_1_59' title='bbox 577 1271 663 1338; x_wconf 91' lang='lat' dir='ltr'><strong>mori</strong></span> <span class='ocrx_word' id='word_1_60' title='bbox 675 1263 701 1338; x_wconf 84' lang='lat'><strong>⁵.</strong></span> <span class='ocrx_word' id='word_1_61' title='bbox 715 1271 783 1339; x_wconf 90' lang='lat' dir='ltr'><strong>Tot</strong></span> <span class='ocrx_word' id='word_1_62' title='bbox 793 1271 927 1339; x_wconf 84' lang='lat' dir='ltr'><strong>maximi</strong></span> <span class='ocrx_word' id='word_1_63' title='bbox 943 1274 1008 1340; x_wconf 85' lang='lat' dir='ltr'><strong>viri</strong></span> <span class='ocrx_word' id='word_1_64' title='bbox 1020 1267 1056 1356; x_wconf 82' lang='lat'><strong>⁶,</strong></span> <span class='ocrx_word' id='word_1_65' title='bbox 1073 1275 1202 1343; x_wconf 88' lang='lat' dir='ltr'><strong>relictis</strong></span> <span class='ocrx_word' id='word_1_66' title='bbox 1216 1277 1378 1343; x_wconf 86' lang='lat' dir='ltr'><strong>omnibus</strong></span> 
     </span>
     <span class='ocr_line' id='line_1_9' title="bbox 299 1381 1377 1480; baseline 0.007 -31"><span class='ocrx_word' id='word_1_67' title='bbox 299 1381 573 1477; x_wconf 82' lang='lat' dir='ltr'><strong>impedimentis,</strong></span> <span class='ocrx_word' id='word_1_68' title='bbox 601 1408 705 1475; x_wconf 89' lang='lat' dir='ltr'><strong>quum</strong></span> <span class='ocrx_word' id='word_1_69' title='bbox 732 1383 881 1468; x_wconf 83' lang='lat' dir='ltr'><strong>divitiis,</strong></span> <span class='ocrx_word' id='word_1_70' title='bbox 902 1385 1046 1466; x_wconf 89' lang='lat' dir='ltr'><strong>officiis,</strong></span> <span class='ocrx_word' id='word_1_71' title='bbox 1066 1387 1304 1480; x_wconf 78' lang='lat' dir='ltr'><strong>voluptatibus</strong></span> <span class='ocrx_word' id='word_1_72' title='bbox 1325 1413 1377 1457; x_wconf 83' lang='lat' dir='ltr'><strong>re-</strong></span> 
     </span>
     <span class='ocr_line' id='line_1_10' title="bbox 298 1500 1375 1598; baseline 0.005 -31"><span class='ocrx_word' id='word_1_73' title='bbox 298 1501 533 1583; x_wconf 85' lang='lat' dir='ltr'><strong>nuntiassent,</strong></span> <span class='ocrx_word' id='word_1_74' title='bbox 550 1500 616 1570; x_wconf 85' lang='lat' dir='ltr'><strong>hoc</strong></span> <span class='ocrx_word' id='word_1_75' title='bbox 629 1525 735 1568; x_wconf 91' lang='lat' dir='ltr'><strong>unum</strong></span> <span class='ocrx_word' id='word_1_76' title='bbox 755 1501 993 1574; x_wconf 83' lang='lat' dir='ltr'><strong>inextremam</strong></span> <span class='ocrx_word' id='word_1_77' title='bbox 1009 1527 1118 1596; x_wconf 86' lang='lat' dir='ltr'><strong>usque</strong></span> <span class='ocrx_word' id='word_1_78' title='bbox 1137 1520 1275 1572; x_wconf 83' lang='lat' dir='ltr'><strong>aetatem</strong></span> <span class='ocrx_word' id='word_1_79' title='bbox 1293 1529 1375 1598; x_wconf 81' lang='lat' dir='ltr'><strong>ege-</strong></span> 
     </span>
     <span class='ocr_line' id='line_1_11' title="bbox 298 1617 1375 1710; baseline 0.002 -23"><span class='ocrx_word' id='word_1_80' title='bbox 298 1632 400 1700; x_wconf 85' lang='lat' dir='ltr'><strong>runt,</strong></span> <span class='ocrx_word' id='word_1_81' title='bbox 418 1633 456 1686; x_wconf 89' lang='lat' dir='ltr'><strong>ut</strong></span> <span class='ocrx_word' id='word_1_82' title='bbox 470 1619 585 1686; x_wconf 86' lang='lat' dir='ltr'><strong>vivere</strong></span> <span class='ocrx_word' id='word_1_83' title='bbox 604 1617 732 1686; x_wconf 87' lang='lat' dir='ltr'><strong>scirent</strong></span> <span class='ocrx_word' id='word_1_84' title='bbox 750 1645 757 1684; x_wconf 91' lang='lat'>:</span> <span class='ocrx_word' id='word_1_85' title='bbox 774 1617 890 1710; x_wconf 87' lang='lat' dir='ltr'><strong>piures</strong></span> <span class='ocrx_word' id='word_1_86' title='bbox 910 1633 1020 1686; x_wconf 86' lang='lat' dir='ltr'><strong>tamen</strong></span> <span class='ocrx_word' id='word_1_87' title='bbox 1038 1644 1078 1687; x_wconf 81' lang='lat' dir='ltr'><strong>ex</strong></span> <span class='ocrx_word' id='word_1_88' title='bbox 1096 1621 1149 1688; x_wconf 91' lang='lat' dir='ltr'><strong>his</strong></span> <span class='ocrx_word' id='word_1_89' title='bbox 1169 1621 1327 1689; x_wconf 90' lang='lat' dir='ltr'><strong>nondum</strong></span> <span class='ocrx_word' id='word_1_90' title='bbox 1343 1646 1375 1688; x_wconf 87' lang='lat' dir='ltr'><strong>sc</strong></span> 
     </span>
     <span class='ocr_line' id='line_1_12' title="bbox 298 1733 1370 1806; baseline 0.001 -4"><span class='ocrx_word' id='word_1_91' title='bbox 298 1735 386 1802; x_wconf 87' lang='lat' dir='ltr'><strong>scire</strong></span> <span class='ocrx_word' id='word_1_92' title='bbox 412 1734 555 1802; x_wconf 84' lang='lat' dir='ltr'><strong>confessi</strong></span> <span class='ocrx_word' id='word_1_93' title='bbox 579 1757 599 1800; x_wconf 95' lang='lat' dir='ltr'><strong>e</strong></span> <span class='ocrx_word' id='word_1_94' title='bbox 625 1735 694 1802; x_wconf 87' lang='lat' dir='ltr'><strong>vita</strong></span> <span class='ocrx_word' id='word_1_95' title='bbox 716 1734 875 1802; x_wconf 77' lang='lat' dir='ltr'><strong>abiersmt</strong></span> <span class='ocrx_word' id='word_1_96' title='bbox 896 1761 903 1800; x_wconf 76' lang='grc' dir='ltr'><strong>ι</strong></span> <span class='ocrx_word' id='word_1_97' title='bbox 927 1733 1051 1802; x_wconf 91' lang='lat' dir='ltr'><strong>nedum</strong></span> <span class='ocrx_word' id='word_1_98' title='bbox 1077 1751 1115 1804; x_wconf 92' lang='lat' dir='ltr'><strong>ut</strong></span> <span class='ocrx_word' id='word_1_99' title='bbox 1137 1737 1219 1804; x_wconf 83' lang='lat' dir='ltr'><strong>isti⁷</strong></span> <span class='ocrx_word' id='word_1_100' title='bbox 1251 1739 1370 1806; x_wconf 89' lang='lat' dir='ltr'><strong>sciant.</strong></span> 
     </span>
    </p>

    <p class='ocr_par' dir='ltr' id='par_1_4' title="bbox 259 1849 1376 2638">
     <span class='ocr_line' id='line_1_13' title="bbox 259 1849 1373 1943; baseline 0.004 -25"><span class='ocrx_word' id='word_1_101' title='bbox 259 1886 273 1918; x_wconf 71' lang='grc' dir='ltr'><strong>ι</strong></span> <span class='ocrx_word' id='word_1_102' title='bbox 298 1851 438 1943; x_wconf 81' lang='lat' dir='ltr'><strong>Magni,</strong></span> <span class='ocrx_word' id='word_1_103' title='bbox 461 1849 690 1932; x_wconf 87' lang='lat' dir='ltr'><strong>mihicrede,</strong></span> <span class='ocrx_word' id='word_1_104' title='bbox 712 1865 747 1916; x_wconf 86' lang='lat' dir='ltr'><strong>et</strong></span> <span class='ocrx_word' id='word_1_105' title='bbox 765 1873 868 1942; x_wconf 86' lang='lat' dir='ltr'><strong>supra</strong></span> <span class='ocrx_word' id='word_1_106' title='bbox 885 1849 1050 1919; x_wconf 89' lang='lat' dir='ltr'><strong>humanos</strong></span> <span class='ocrx_word' id='word_1_107' title='bbox 1068 1876 1203 1920; x_wconf 86' lang='lat' dir='ltr'><strong>errores</strong></span> <span class='ocrx_word' id='word_1_108' title='bbox 1216 1856 1373 1922; x_wconf 87' lang='lat' dir='ltr'><strong>eminen-</strong></span> 
     </span>
     <span class='ocr_line' id='line_1_14' title="bbox 299 1963 1375 2058; baseline 0 -22"><span class='ocrx_word' id='word_1_109' title='bbox 299 1968 343 2036; x_wconf 84' lang='lat' dir='ltr'><strong>tis</strong></span> <span class='ocrx_word' id='word_1_110' title='bbox 354 1966 420 2036; x_wconf 83' lang='lat' dir='ltr'><strong>viri</strong></span> <span class='ocrx_word' id='word_1_111' title='bbox 436 1981 508 2048; x_wconf 87' lang='lat' dir='ltr'><strong>cst,</strong></span> <span class='ocrx_word' id='word_1_112' title='bbox 526 1963 615 2033; x_wconf 86' lang='lat' dir='ltr'><strong>nihii</strong></span> <span class='ocrx_word' id='word_1_113' title='bbox 632 1987 672 2032; x_wconf 86' lang='lat' dir='ltr'><strong>ex</strong></span> <span class='ocrx_word' id='word_1_114' title='bbox 691 1987 752 2032; x_wconf 89' lang='lat' dir='ltr'><strong>suo</strong></span> <span class='ocrx_word' id='word_1_115' title='bbox 766 1980 916 2058; x_wconf 91' lang='lat' dir='ltr'><strong>tempore</strong></span> <span class='ocrx_word' id='word_1_116' title='bbox 931 1964 1076 2033; x_wconf 87' lang='lat' dir='ltr'><strong>delibari</strong></span> <span class='ocrx_word' id='word_1_117' title='bbox 1089 1967 1203 2034; x_wconf 88' lang='lat' dir='ltr'><strong>sinere</strong></span> <span class='ocrx_word' id='word_1_118' title='bbox 1223 1995 1231 2033; x_wconf 76' lang='grc' dir='ltr'>ε</span> <span class='ocrx_word' id='word_1_119' title='bbox 1251 1986 1287 2036; x_wconf 87' lang='lat' dir='ltr'><strong>et</strong></span> <span class='ocrx_word' id='word_1_120' title='bbox 1301 1970 1375 2037; x_wconf 86' lang='lat' dir='ltr'><strong>ideo</strong></span> 
     </span>
     <span class='ocr_line' id='line_1_15' title="bbox 298 2081 1376 2175; baseline 0.001 -26"><span class='ocrx_word' id='word_1_121' title='bbox 298 2082 367 2150; x_wconf 89' lang='lat' dir='ltr'><strong>vita</strong></span> <span class='ocrx_word' id='word_1_122' title='bbox 383 2081 458 2174; x_wconf 88' lang='lat' dir='ltr'><strong>ejus</strong></span> <span class='ocrx_word' id='word_1_123' title='bbox 471 2081 667 2174; x_wconf 77' lang='lat' dir='ltr'><strong>longissima</strong></span> <span class='ocrx_word' id='word_1_124' title='bbox 680 2095 751 2160; x_wconf 87' lang='lat' dir='ltr'><strong>cst,</strong></span> <span class='ocrx_word' id='word_1_125' title='bbox 769 2081 825 2148; x_wconf 87' lang='lat' dir='ltr'><strong>cui</strong></span> <span class='ocrx_word' id='word_1_126' title='bbox 840 2097 1149 2174; x_wconf 89' lang='lat' dir='ltr'><strong>quantumcumque</strong></span> <span class='ocrx_word' id='word_1_127' title='bbox 1166 2085 1305 2175; x_wconf 86' lang='lat' dir='ltr'><strong>patuit,</strong></span> <span class='ocrx_word' id='word_1_128' title='bbox 1327 2101 1376 2150; x_wconf 88' lang='lat' dir='ltr'><strong>to-</strong></span> 
     </span>
     <span class='ocr_line' id='line_1_16' title="bbox 300 2193 1372 2293; baseline 0.001 -28"><span class='ocrx_word' id='word_1_129' title='bbox 300 2214 370 2265; x_wconf 88' lang='lat' dir='ltr'><strong>tum</strong></span> <span class='ocrx_word' id='word_1_130' title='bbox 384 2197 449 2290; x_wconf 90' lang='lat' dir='ltr'><strong>ipsi</strong></span> <span class='ocrx_word' id='word_1_131' title='bbox 463 2197 606 2266; x_wconf 77' lang='lat' dir='ltr'><strong>vaeavit.</strong></span> <span class='ocrx_word' id='word_1_132' title='bbox 627 2195 721 2263; x_wconf 86' lang='lat' dir='ltr'><strong>Nihil</strong></span> <span class='ocrx_word' id='word_1_133' title='bbox 736 2193 816 2262; x_wconf 88' lang='lat' dir='ltr'><strong>inde</strong></span> <span class='ocrx_word' id='word_1_134' title='bbox 830 2195 994 2266; x_wconf 83' lang='lat' dir='ltr'><strong>incultum</strong></span> <span class='ocrx_word' id='word_1_135' title='bbox 1010 2199 1224 2292; x_wconf 87' lang='lat' dir='ltr'><strong>otiosumque</strong></span> <span class='ocrx_word' id='word_1_136' title='bbox 1234 2202 1348 2293; x_wconf 83' lang='lat' dir='ltr'><strong>jacuit</strong></span> <span class='ocrx_word' id='word_1_137' title='bbox 1366 2229 1372 2266; x_wconf 91' lang='lat'>:</span> 
     </span>
     <span class='ocr_line' id='line_1_17' title="bbox 298 2311 1373 2410; baseline 0.004 -30"><span class='ocrx_word' id='word_1_138' title='bbox 298 2311 386 2380; x_wconf 88' lang='lat' dir='ltr'><strong>nihii</strong></span> <span class='ocrx_word' id='word_1_139' title='bbox 400 2311 463 2382; x_wconf 96' lang='lat' dir='ltr'><strong>sub</strong></span> <span class='ocrx_word' id='word_1_140' title='bbox 473 2312 540 2381; x_wconf 89' lang='lat' dir='ltr'><strong>alio</strong></span> <span class='ocrx_word' id='word_1_141' title='bbox 557 2312 639 2396; x_wconf 68' lang='lat' dir='ltr'><strong>tuit,</strong></span> <span class='ocrx_word' id='word_1_142' title='bbox 656 2312 873 2404; x_wconf 88' lang='lat' dir='ltr'><strong>nequeenim</strong></span> <span class='ocrx_word' id='word_1_143' title='bbox 889 2311 1075 2404; x_wconf 87' lang='lat' dir='ltr'><strong>quidquam</strong></span> <span class='ocrx_word' id='word_1_144' title='bbox 1089 2316 1220 2408; x_wconf 81' lang='lat' dir='ltr'><strong>reperit</strong></span> <span class='ocrx_word' id='word_1_145' title='bbox 1231 2315 1373 2410; x_wconf 79' lang='lat' dir='ltr'><strong>dignum</strong></span> 
     </span>
     <span class='ocr_line' id='line_1_18' title="bbox 301 2428 1373 2526; baseline 0.004 -29"><span class='ocrx_word' id='word_1_146' title='bbox 301 2428 488 2522; x_wconf 90' lang='lat' dir='ltr'><strong>quodcum</strong></span> <span class='ocrx_word' id='word_1_147' title='bbox 508 2444 660 2522; x_wconf 89' lang='lat' dir='ltr'><strong>tempore</strong></span> <span class='ocrx_word' id='word_1_148' title='bbox 679 2453 739 2496; x_wconf 88' lang='lat' dir='ltr'><strong>suo</strong></span> <span class='ocrx_word' id='word_1_149' title='bbox 759 2443 988 2520; x_wconf 88' lang='lat' dir='ltr'><strong>permutaret,</strong></span> <span class='ocrx_word' id='word_1_150' title='bbox 1012 2447 1122 2500; x_wconf 87' lang='lat' dir='ltr'><strong>custos</strong></span> <span class='ocrx_word' id='word_1_151' title='bbox 1139 2433 1215 2524; x_wconf 83' lang='lat' dir='ltr'><strong>ejus</strong></span> <span class='ocrx_word' id='word_1_152' title='bbox 1243 2436 1373 2526; x_wconf 75' lang='lat' dir='ltr'><strong>paruis·</strong></span> 
     </span>
     <span class='ocr_line' id='line_1_19' title="bbox 302 2543 1372 2638; baseline 0.001 -22"><span class='ocrx_word' id='word_1_153' title='bbox 302 2548 417 2616; x_wconf 91' lang='lat' dir='ltr'><strong>simus.</strong></span> <span class='ocrx_word' id='word_1_154' title='bbox 435 2548 553 2638; x_wconf 86' lang='lat' dir='ltr'><strong>ltaque</strong></span> <span class='ocrx_word' id='word_1_155' title='bbox 567 2545 648 2613; x_wconf 87' lang='lat' dir='ltr'><strong>satis</strong></span> <span class='ocrx_word' id='word_1_156' title='bbox 661 2543 710 2610; x_wconf 90' lang='lat' dir='ltr'><strong>illi</strong></span> <span class='ocrx_word' id='word_1_157' title='bbox 727 2544 791 2612; x_wconf 89' lang='lat' dir='ltr'><strong>fuit</strong></span> <span class='ocrx_word' id='word_1_158' title='bbox 807 2571 814 2610; x_wconf 75' lang='grc' dir='ltr'><strong>ι</strong></span> <span class='ocrx_word' id='word_1_159' title='bbox 830 2543 978 2613; x_wconf 83' lang='lat' dir='ltr'><strong>hisvero</strong></span> <span class='ocrx_word' id='word_1_160' title='bbox 994 2571 1130 2615; x_wconf 88' lang='lat' dir='ltr'><strong>necesse</strong></span> <span class='ocrx_word' id='word_1_161' title='bbox 1143 2563 1195 2616; x_wconf 86' lang='lat' dir='ltr'><strong>est</strong></span> <span class='ocrx_word' id='word_1_162' title='bbox 1207 2547 1372 2628; x_wconf 80' lang='lat' dir='ltr'><strong>defuisse,</strong></span> 
     </span>
    </p>

    <p class='ocr_par' dir='ltr' id='par_1_5' title="bbox 259 2661 1377 3106">
     <span class='ocr_line' id='line_1_20' title="bbox 259 2661 1376 2760; baseline 0.001 -26"><span class='ocrx_word' id='word_1_163' title='bbox 259 2683 275 2734; x_wconf 85' lang='lat'>3</span> <span class='ocrx_word' id='word_1_164' title='bbox 304 2688 342 2731; x_wconf 87' lang='lat' dir='ltr'><strong>ex</strong></span> <span class='ocrx_word' id='word_1_165' title='bbox 363 2689 508 2756; x_wconf 92' lang='lat' dir='ltr'><strong>quorum</strong></span> <span class='ocrx_word' id='word_1_166' title='bbox 527 2664 596 2731; x_wconf 85' lang='lat' dir='ltr'><strong>vita</strong></span> <span class='ocrx_word' id='word_1_167' title='bbox 613 2661 753 2730; x_wconf 89' lang='lat' dir='ltr'><strong>multum</strong></span> <span class='ocrx_word' id='word_1_168' title='bbox 774 2661 920 2754; x_wconf 84' lang='lat' dir='ltr'><strong>pupulus</strong></span> <span class='ocrx_word' id='word_1_169' title='bbox 938 2663 1028 2730; x_wconf 89' lang='lat' dir='ltr'><strong>tulit.</strong></span> <span class='ocrx_word' id='word_1_170' title='bbox 1044 2665 1116 2732; x_wconf 87' lang='lat' dir='ltr'><strong>Nec</strong></span> <span class='ocrx_word' id='word_1_171' title='bbox 1134 2683 1185 2732; x_wconf 84' lang='lat' dir='ltr'><strong>est</strong></span> <span class='ocrx_word' id='word_1_172' title='bbox 1203 2665 1300 2758; x_wconf 93' lang='lat' dir='ltr'><strong>quod</strong></span> <span class='ocrx_word' id='word_1_173' title='bbox 1315 2692 1376 2760; x_wconf 89' lang='lat' dir='ltr'><strong>pu-</strong></span> 
     </span>
     <span class='ocr_line' id='line_1_21' title="bbox 305 2775 1375 2874; baseline 0.003 -26"><span class='ocrx_word' id='word_1_174' title='bbox 305 2796 373 2862; x_wconf 88' lang='lat' dir='ltr'><strong>tes,</strong></span> <span class='ocrx_word' id='word_1_175' title='bbox 395 2778 477 2847; x_wconf 91' lang='lat' dir='ltr'><strong>hinc</strong></span> <span class='ocrx_word' id='word_1_176' title='bbox 494 2777 568 2846; x_wconf 87' lang='lat' dir='ltr'><strong>ilios</strong></span> <span class='ocrx_word' id='word_1_177' title='bbox 581 2801 649 2844; x_wconf 91' lang='lat' dir='ltr'><strong>uon</strong></span> <span class='ocrx_word' id='word_1_178' title='bbox 665 2776 857 2870; x_wconf 76' lang='lat' dir='ltr'><strong>intelligere</strong></span> <span class='ocrx_word' id='word_1_179' title='bbox 875 2775 1033 2846; x_wconf 83' lang='lat' dir='ltr'><strong>damnum</strong></span> <span class='ocrx_word' id='word_1_180' title='bbox 1052 2803 1172 2864; x_wconf 80' lang='lat' dir='ltr'><strong>suum3</strong></span> <span class='ocrx_word' id='word_1_181' title='bbox 1192 2781 1375 2874; x_wconf 81' lang='lat' dir='ltr'><strong>plerosque</strong></span> 
     </span>
     <span class='ocr_line' id='line_1_22' title="bbox 304 2891 1376 2987; baseline 0 -23"><span class='ocrx_word' id='word_1_182' title='bbox 304 2911 397 2965; x_wconf 87' lang='lat' dir='ltr'><strong>certe</strong></span> <span class='ocrx_word' id='word_1_183' title='bbox 416 2893 535 2963; x_wconf 87' lang='lat' dir='ltr'><strong>audies</strong></span> <span class='ocrx_word' id='word_1_184' title='bbox 554 2917 594 2960; x_wconf 84' lang='lat' dir='ltr'><strong>ex</strong></span> <span class='ocrx_word' id='word_1_185' title='bbox 616 2891 670 2960; x_wconf 86' lang='lat' dir='ltr'><strong>his</strong></span> <span class='ocrx_word' id='word_1_186' title='bbox 695 2915 780 2984; x_wconf 90' lang='lat' dir='ltr'><strong>quos</strong></span> <span class='ocrx_word' id='word_1_187' title='bbox 801 2915 923 2984; x_wconf 83' lang='lat' dir='ltr'><strong>magna</strong></span> <span class='ocrx_word' id='word_1_188' title='bbox 949 2893 1092 2960; x_wconf 78' lang='lat' dir='ltr'><strong>felicitas</strong></span> <span class='ocrx_word' id='word_1_189' title='bbox 1118 2913 1259 2987; x_wconf 78' lang='lat' dir='ltr'><strong>gravat,</strong></span> <span class='ocrx_word' id='word_1_190' title='bbox 1287 2899 1376 2966; x_wconf 87' lang='lat' dir='ltr'><strong>inter</strong></span> 
     </span>
     <span class='ocr_line' id='line_1_23' title="bbox 305 3010 1377 3106; baseline 0.003 -26"><span class='ocrx_word' id='word_1_191' title='bbox 305 3013 479 3081; x_wconf 88' lang='lat' dir='ltr'><strong>clientium</strong></span> <span class='ocrx_word' id='word_1_192' title='bbox 494 3033 638 3106; x_wconf 78' lang='lat' dir='ltr'><strong>greges,</strong></span> <span class='ocrx_word' id='word_1_193' title='bbox 656 3022 715 3078; x_wconf 85' lang='lat' dir='ltr'><strong>aut</strong></span> <span class='ocrx_word' id='word_1_194' title='bbox 726 3032 902 3078; x_wconf 85' lang='lat' dir='ltr'><strong>causarum</strong></span> <span class='ocrx_word' id='word_1_195' title='bbox 914 3010 1086 3093; x_wconf 80' lang='lat' dir='ltr'><strong>actiones,</strong></span> <span class='ocrx_word' id='word_1_196' title='bbox 1099 3027 1158 3079; x_wconf 88' lang='lat' dir='ltr'><strong>aut</strong></span> <span class='ocrx_word' id='word_1_197' title='bbox 1170 3029 1305 3082; x_wconf 87' lang='lat' dir='ltr'><strong>ceteras</strong></span> <span class='ocrx_word' id='word_1_198' title='bbox 1317 3015 1377 3083; x_wconf 86' lang='lat' dir='ltr'><strong>ho-</strong></span> 
     </span>
    </p>
   </div>
   <div class='ocr_carea' id='block_1_3' title="bbox 230 3255 1376 4268">
    <p class='ocr_par' dir='ltr' id='par_1_6' title="bbox 307 3255 1375 3489">
     <span class='ocr_line' id='line_1_24' title="bbox 343 3255 1375 3336; baseline 0.004 -23"><span class='ocrx_word' id='word_1_199' title='bbox 343 3282 364 3314; x_wconf 92' lang='grc' dir='ltr'><strong>ι.</strong></span> <span class='ocrx_word' id='word_1_200' title='bbox 377 3255 521 3313; x_wconf 74' lang='lat' dir='ltr'><strong>Inculcata.</strong></span> <span class='ocrx_word' id='word_1_201' title='bbox 541 3257 605 3324; x_wconf 69' lang='lat' dir='ltr'><strong>Qun</strong></span> <span class='ocrx_word' id='word_1_202' title='bbox 622 3276 680 3309; x_wconf 86' lang='lat' dir='ltr'><strong>cum</strong></span> <span class='ocrx_word' id='word_1_203' title='bbox 697 3255 772 3310; x_wconf 69' lang='lat' dir='ltr'><strong>taedio</strong></span> <span class='ocrx_word' id='word_1_204' title='bbox 793 3268 817 3308; x_wconf 87' lang='lat' dir='ltr'><strong>st</strong></span> <span class='ocrx_word' id='word_1_205' title='bbox 865 3255 963 3331; x_wconf 85' lang='lat' dir='ltr'><strong>Lipsius</strong></span> <span class='ocrx_word' id='word_1_206' title='bbox 972 3259 1068 3312; x_wconf 80' lang='lat' dir='ltr'><strong>mirans</strong></span> <span class='ocrx_word' id='word_1_207' title='bbox 1078 3259 1126 3313; x_wconf 75' lang='lat' dir='ltr'><strong>froc</strong></span> <span class='ocrx_word' id='word_1_208' title='bbox 1136 3262 1253 3336; x_wconf 80' lang='lat' dir='ltr'><strong>sscmpls</strong></span> <span class='ocrx_word' id='word_1_209' title='bbox 1261 3263 1375 3334; x_wconf 65' lang='lat' dir='ltr'><strong>quadus</strong></span> 
     </span>
     <span class='ocr_line' id='line_1_25' title="bbox 307 3333 1374 3414; baseline -0.001 -21"><span class='ocrx_word' id='word_1_210' title='bbox 307 3339 380 3412; x_wconf 83' lang='lat' dir='ltr'><strong>qussi</strong></span> <span class='ocrx_word' id='word_1_211' title='bbox 392 3336 517 3390; x_wconf 78' lang='lat' dir='ltr'><strong>sicienter</strong></span> <span class='ocrx_word' id='word_1_212' title='bbox 533 3334 723 3386; x_wconf 86' lang='lat' dir='ltr'><strong>obtruduntur:</strong></span> <span class='ocrx_word' id='word_1_213' title='bbox 741 3333 772 3385; x_wconf 87' lang='lat' dir='ltr'><strong>cf.</strong></span> <span class='ocrx_word' id='word_1_214' title='bbox 787 3333 817 3386; x_wconf 87' lang='lat' dir='ltr'><strong>de</strong></span> <span class='ocrx_word' id='word_1_215' title='bbox 866 3356 880 3388; x_wconf 86' lang='lat' dir='ltr'><strong>e</strong></span> <span class='ocrx_word' id='word_1_216' title='bbox 900 3336 1026 3412; x_wconf 79' lang='lat' dir='ltr'><strong>lapidibus</strong></span> <span class='ocrx_word' id='word_1_217' title='bbox 1043 3339 1075 3392; x_wconf 81' lang='lat' dir='ltr'><strong>ds</strong></span> <span class='ocrx_word' id='word_1_218' title='bbox 1091 3341 1247 3413; x_wconf 79' lang='lat' dir='ltr'><strong>praecocibus</strong></span> <span class='ocrx_word' id='word_1_219' title='bbox 1268 3342 1374 3414; x_wconf 65' lang='lat' dir='ltr'><strong>ingeniis</strong></span> 
     </span>
     <span class='ocr_line' id='line_1_26' title="bbox 308 3411 1375 3489; baseline 0.003 -20"><span class='ocrx_word' id='word_1_220' title='bbox 308 3417 352 3470; x_wconf 86' lang='lat' dir='ltr'><strong>vit.</strong></span> <span class='ocrx_word' id='word_1_221' title='bbox 366 3417 431 3470; x_wconf 83' lang='lat' dir='ltr'><strong>best.</strong></span> <span class='ocrx_word' id='word_1_222' title='bbox 445 3434 497 3486; x_wconf 87' lang='lat' dir='ltr'><strong>esp.</strong></span> <span class='ocrx_word' id='word_1_223' title='bbox 513 3411 586 3480; x_wconf 56' lang='lat' dir='ltr'><strong>affl</strong></span> <span class='ocrx_word' id='word_1_224' title='bbox 600 3431 620 3464; x_wconf 87' lang='lat' dir='ltr'><strong>t·</strong></span> <span class='ocrx_word' id='word_1_225' title='bbox 866 3416 939 3468; x_wconf 75' lang='lat' dir='ltr'><strong>effert</strong></span> <span class='ocrx_word' id='word_1_226' title='bbox 951 3434 958 3471; x_wconf 78' lang='lat' dir='ltr'><strong>t</strong></span> <span class='ocrx_word' id='word_1_227' title='bbox 971 3435 1125 3489; x_wconf 73' lang='lat' dir='ltr'><strong>quemqnam</strong></span> <span class='ocrx_word' id='word_1_228' title='bbox 1142 3419 1242 3472; x_wconf 73' lang='lat' dir='ltr'><strong>nuttam</strong></span> <span class='ocrx_word' id='word_1_229' title='bbox 1260 3420 1375 3472; x_wconf 72' lang='lat' dir='ltr'><strong>miratio-</strong></span> 
     </span>
    </p>

    <p class='ocr_par' dir='ltr' id='par_1_7' title="bbox 310 3487 1376 3716">
     <span class='ocr_line' id='line_1_27' title="bbox 344 3487 1376 3571; baseline 0.007 -26"><span class='ocrx_word' id='word_1_230' title='bbox 344 3491 745 3560; x_wconf 57' lang='lat' dir='ltr'><strong>2.Mt51mtnus1..occupati.1·e.</strong></span> <span class='ocrx_word' id='word_1_231' title='bbox 753 3487 818 3542; x_wconf 77' lang='lat' dir='ltr'><strong>nihil</strong></span> <span class='ocrx_word' id='word_1_232' title='bbox 868 3513 927 3546; x_wconf 81' lang='lat' dir='ltr'><strong>nent</strong></span> <span class='ocrx_word' id='word_1_233' title='bbox 936 3493 985 3547; x_wconf 80' lang='lat' dir='ltr'><strong>hoc</strong></span> <span class='ocrx_word' id='word_1_234' title='bbox 998 3515 1100 3550; x_wconf 83' lang='lat' dir='ltr'><strong>movere</strong></span> <span class='ocrx_word' id='word_1_235' title='bbox 1113 3497 1204 3550; x_wconf 76' lang='lat' dir='ltr'><strong>debers</strong></span> <span class='ocrx_word' id='word_1_236' title='bbox 1215 3511 1296 3571; x_wconf 86' lang='lat' dir='ltr'><strong>puto,</strong></span> <span class='ocrx_word' id='word_1_237' title='bbox 1308 3499 1376 3570; x_wconf 83' lang='lat' dir='ltr'><strong>qood</strong></span> 
     </span>
     <span class='ocr_line' id='line_1_28' title="bbox 310 3567 1376 3646; baseline 0 -19"><span class='ocrx_word' id='word_1_238' title='bbox 310 3575 395 3628; x_wconf 85' lang='lat' dir='ltr'><strong>minus</strong></span> <span class='ocrx_word' id='word_1_239' title='bbox 409 3572 442 3626; x_wconf 86' lang='lat' dir='ltr'><strong>sd</strong></span> <span class='ocrx_word' id='word_1_240' title='bbox 456 3571 587 3624; x_wconf 84' lang='lat' dir='ltr'><strong>hominem</strong></span> <span class='ocrx_word' id='word_1_241' title='bbox 598 3589 684 3642; x_wconf 81' lang='lat' dir='ltr'><strong>occup</strong></span> <span class='ocrx_word' id='word_1_242' title='bbox 698 3567 818 3640; x_wconf 81' lang='lat' dir='ltr'><strong>pertinet,</strong></span> <span class='ocrx_word' id='word_1_243' title='bbox 867 3591 929 3644; x_wconf 81' lang='lat' dir='ltr'><strong>puer</strong></span> <span class='ocrx_word' id='word_1_244' title='bbox 940 3571 999 3623; x_wconf 74' lang='grc' dir='ltr'><strong>ΧΠ</strong></span> <span class='ocrx_word' id='word_1_245' title='bbox 1008 3591 1088 3626; x_wconf 78' lang='lat' dir='ltr'><strong>annos</strong></span> <span class='ocrx_word' id='word_1_246' title='bbox 1096 3587 1169 3627; x_wconf 82' lang='lat' dir='ltr'><strong>natus</strong></span> <span class='ocrx_word' id='word_1_247' title='bbox 1179 3577 1348 3646; x_wconf 65' lang='lat' dir='ltr'><strong>geometriam</strong></span> <span class='ocrx_word' id='word_1_248' title='bbox 1357 3597 1376 3628; x_wconf 79' lang='lat' dir='ltr'><strong>e</strong></span> 
     </span>
     <span class='ocr_line' id='line_1_29' title="bbox 310 3645 1375 3716; baseline 0.003 -11"><span class='ocrx_word' id='word_1_249' title='bbox 310 3651 421 3705; x_wconf 87' lang='lat' dir='ltr'><strong>hominis</strong></span> <span class='ocrx_word' id='word_1_250' title='bbox 432 3648 537 3702; x_wconf 84' lang='lat' dir='ltr'><strong>districti</strong></span> <span class='ocrx_word' id='word_1_251' title='bbox 549 3647 663 3712; x_wconf 81' lang='lat' dir='ltr'><strong>interest,</strong></span> <span class='ocrx_word' id='word_1_252' title='bbox 675 3645 819 3716; x_wconf 77' lang='lat' dir='ltr'><strong>qmmviu.</strong></span> <span class='ocrx_word' id='word_1_253' title='bbox 868 3668 890 3700; x_wconf 86' lang='lat' dir='ltr'><strong>c.</strong></span> <span class='ocrx_word' id='word_1_254' title='bbox 905 3649 940 3701; x_wconf 86' lang='lat' dir='ltr'><strong>its</strong></span> <span class='ocrx_word' id='word_1_255' title='bbox 957 3650 1081 3715; x_wconf 82' lang='lat' dir='ltr'><strong>tenuerit,</strong></span> <span class='ocrx_word' id='word_1_256' title='bbox 1101 3665 1129 3704; x_wconf 86' lang='lat' dir='ltr'><strong>ut</strong></span> <span class='ocrx_word' id='word_1_257' title='bbox 1140 3652 1203 3705; x_wconf 77' lang='lat' dir='ltr'><strong>alios</strong></span> <span class='ocrx_word' id='word_1_258' title='bbox 1218 3673 1275 3706; x_wconf 77' lang='lat' dir='ltr'><strong>cam</strong></span> <span class='ocrx_word' id='word_1_259' title='bbox 1291 3654 1375 3708; x_wconf 75' lang='lat' dir='ltr'><strong>docere</strong></span> 
     </span>
    </p>

    <p class='ocr_par' dir='ltr' id='par_1_8' title="bbox 230 3713 1375 3863">
     <span class='ocr_line' id='line_1_30' title="bbox 230 3713 954 3798; baseline -0.004 -17"><span class='ocrx_word' id='word_1_260' title='bbox 230 3713 236 3722; x_wconf 45' lang='lat'>⁸</span> <span class='ocrx_word' id='word_1_261' title='bbox 344 3729 368 3781; x_wconf 80' lang='lat'><strong>3.</strong></span> <span class='ocrx_word' id='word_1_262' title='bbox 382 3728 490 3780; x_wconf 79' lang='lat' dir='ltr'><strong>Nullius</strong></span> <span class='ocrx_word' id='word_1_263' title='bbox 500 3731 536 3778; x_wconf 82' lang='lat' dir='ltr'><strong>m&#39;</strong></span> <span class='ocrx_word' id='word_1_264' title='bbox 538 3761 577 3778; x_wconf 85' lang='lat'>.....</span> <span class='ocrx_word' id='word_1_265' title='bbox 590 3728 702 3779; x_wconf 80' lang='lat' dir='ltr'><strong>scientio.</strong></span> <span class='ocrx_word' id='word_1_266' title='bbox 722 3723 820 3777; x_wconf 83' lang='lat' dir='ltr'><strong>Cuits·</strong></span> <span class='ocrx_word' id='word_1_267' title='bbox 870 3725 954 3798; x_wconf 85' lang='lat' dir='ltr'><strong>possit.</strong></span> 
     </span>
     <span class='ocr_line' id='line_1_31' title="bbox 311 3807 1375 3863; baseline -0.001 -2"><span class='ocrx_word' id='word_1_268' title='bbox 311 3829 371 3862; x_wconf 82' lang='lat' dir='ltr'><strong>rnen</strong></span> <span class='ocrx_word' id='word_1_269' title='bbox 384 3807 426 3860; x_wconf 85' lang='lat' dir='ltr'><strong>ilie</strong></span> <span class='ocrx_word' id='word_1_270' title='bbox 437 3826 489 3858; x_wconf 88' lang='lat' dir='ltr'><strong>non</strong></span> <span class='ocrx_word' id='word_1_271' title='bbox 501 3819 581 3858; x_wconf 79' lang='lat' dir='ltr'><strong>vacat.</strong></span> <span class='ocrx_word' id='word_1_272' title='bbox 902 3809 924 3859; x_wconf 80' lang='lat'><strong>5.</strong></span> <span class='ocrx_word' id='word_1_273' title='bbox 939 3807 971 3858; x_wconf 84' lang='lat' dir='ltr'><em>V</em></span> <span class='ocrx_word' id='word_1_274' title='bbox 967 3809 1076 3858; x_wconf 56' lang='lat' dir='ltr'><strong>averes.</strong></span> <span class='ocrx_word' id='word_1_275' title='bbox 1088 3811 1163 3859; x_wconf 84' lang='lat' dir='ltr'><strong>mori.</strong></span> <span class='ocrx_word' id='word_1_276' title='bbox 1177 3807 1217 3861; x_wconf 84' lang='lat' dir='ltr'><strong>Cf·</strong></span> <span class='ocrx_word' id='word_1_277' title='bbox 1230 3810 1337 3863; x_wconf 74' lang='lat' dir='ltr'><strong>consol.</strong></span> <span class='ocrx_word' id='word_1_278' title='bbox 1348 3809 1375 3862; x_wconf 83' lang='lat' dir='ltr'><strong>sd</strong></span> 
     </span>
    </p>

    <p class='ocr_par' dir='ltr' id='par_1_9' title="bbox 312 3882 1376 4188">
     <span class='ocr_line' id='line_1_32' title="bbox 345 3882 1280 3956; baseline 0.005 -22"><span class='ocrx_word' id='word_1_279' title='bbox 345 3885 402 3936; x_wconf 85' lang='lat' dir='ltr'><strong>Vlf.</strong></span> <span class='ocrx_word' id='word_1_280' title='bbox 419 3888 491 3936; x_wconf 79' lang='lat' dir='ltr'><strong>Ano.</strong></span> <span class='ocrx_word' id='word_1_281' title='bbox 510 3883 650 3936; x_wconf 79' lang='lat' dir='ltr'><strong>scientiam</strong></span> <span class='ocrx_word' id='word_1_282' title='bbox 671 3882 774 3934; x_wconf 79' lang='lat' dir='ltr'><strong>vivendi</strong></span> <span class='ocrx_word' id='word_1_283' title='bbox 796 3895 820 3934; x_wconf 87' lang='lat' dir='ltr'><strong>st</strong></span> <span class='ocrx_word' id='word_1_284' title='bbox 868 3883 948 3934; x_wconf 74' lang='lat' dir='ltr'><strong>Mars·</strong></span> <span class='ocrx_word' id='word_1_285' title='bbox 958 3901 1011 3956; x_wconf 80' lang='lat' dir='ltr'><strong>cap.</strong></span> <span class='ocrx_word' id='word_1_286' title='bbox 1024 3883 1211 3955; x_wconf 76' lang='lat' dir='ltr'><strong>23,§2‚itiq.</strong></span> <span class='ocrx_word' id='word_1_287' title='bbox 1224 3900 1280 3940; x_wconf 84' lang='lat' dir='ltr'><strong>not.</strong></span> 
     </span>
     <span class='ocr_line' id='line_1_33' title="bbox 312 3957 1376 4038; baseline 0.002 -23"><span class='ocrx_word' id='word_1_288' title='bbox 312 3962 439 4015; x_wconf 83' lang='lat' dir='ltr'><strong>moriendi</strong></span> <span class='ocrx_word' id='word_1_289' title='bbox 450 3961 524 4033; x_wconf 86' lang='lat' dir='ltr'><strong>pauci</strong></span> <span class='ocrx_word' id='word_1_290' title='bbox 535 3973 638 4015; x_wconf 79' lang='lat' dir='ltr'><strong>tenent:</strong></span> <span class='ocrx_word' id='word_1_291' title='bbox 649 3973 673 4011; x_wconf 82' lang='lat' dir='ltr'><strong>st</strong></span> <span class='ocrx_word' id='word_1_292' title='bbox 682 3977 754 4012; x_wconf 73' lang='lat' dir='ltr'><strong>ranst</strong></span> <span class='ocrx_word' id='word_1_293' title='bbox 762 3971 821 4012; x_wconf 88' lang='lat' dir='ltr'><strong>sunt</strong></span> <span class='ocrx_word' id='word_1_294' title='bbox 901 3959 925 4011; x_wconf 79' lang='lat'><strong>6.</strong></span> <span class='ocrx_word' id='word_1_295' title='bbox 944 3957 993 4010; x_wconf 83' lang='lat' dir='ltr'><strong>Tot</strong></span> <span class='ocrx_word' id='word_1_296' title='bbox 1001 3965 1123 4013; x_wconf 67' lang='lat' dir='ltr'><strong>maximi</strong></span> <span class='ocrx_word' id='word_1_297' title='bbox 1129 3966 1190 4014; x_wconf 83' lang='lat' dir='ltr'><strong>oiri.</strong></span> <span class='ocrx_word' id='word_1_298' title='bbox 1203 3965 1233 4016; x_wconf 78' lang='lat' dir='ltr'><strong>E.</strong></span> <span class='ocrx_word' id='word_1_299' title='bbox 1244 3985 1269 4038; x_wconf 61' lang='grc' dir='ltr'><strong>ς.</strong></span> <span class='ocrx_word' id='word_1_300' title='bbox 1284 3965 1376 4020; x_wconf 80' lang='lat' dir='ltr'><strong>Demo-</strong></span> 
     </span>
     <span class='ocr_line' id='line_1_34' title="bbox 312 4033 1158 4114; baseline -0.005 -22"><span class='ocrx_word' id='word_1_301' title='bbox 312 4041 422 4114; x_wconf 74' lang='lat' dir='ltr'><strong>qnerelae</strong></span> <span class='ocrx_word' id='word_1_302' title='bbox 434 4041 465 4092; x_wconf 85' lang='lat' dir='ltr'><strong>ds</strong></span> <span class='ocrx_word' id='word_1_303' title='bbox 477 4037 685 4112; x_wconf 79' lang='lat' dir='ltr'><strong>occupationibus</strong></span> <span class='ocrx_word' id='word_1_304' title='bbox 696 4045 724 4088; x_wconf 80' lang='lat' dir='ltr'><strong>et</strong></span> <span class='ocrx_word' id='word_1_305' title='bbox 736 4056 820 4108; x_wconf 71' lang='lat' dir='ltr'><strong>nego·</strong></span> <span class='ocrx_word' id='word_1_306' title='bbox 868 4033 958 4098; x_wconf 84' lang='lat' dir='ltr'><strong>critus,</strong></span> <span class='ocrx_word' id='word_1_307' title='bbox 974 4035 1113 4111; x_wconf 86' lang='lat' dir='ltr'><strong>Epicurus,</strong></span> <span class='ocrx_word' id='word_1_308' title='bbox 1126 4037 1158 4092; x_wconf 87' lang='lat' dir='ltr'><strong>si.</strong></span> 
     </span>
     <span class='ocr_line' id='line_1_35' title="bbox 312 4115 1373 4188; baseline 0.002 -16"><span class='ocrx_word' id='word_1_309' title='bbox 312 4118 353 4172; x_wconf 87' lang='lat' dir='ltr'><strong>tiis</strong></span> <span class='ocrx_word' id='word_1_310' title='bbox 364 4120 428 4170; x_wconf 89' lang='lat' dir='ltr'><strong>uitro</strong></span> <span class='ocrx_word' id='word_1_311' title='bbox 441 4117 559 4188; x_wconf 64' lang='lat' dir='ltr'><strong>quesitis.</strong></span> <span class='ocrx_word' id='word_1_312' title='bbox 902 4135 924 4179; x_wconf 84' lang='lat'><strong>7·</strong></span> <span class='ocrx_word' id='word_1_313' title='bbox 934 4115 1039 4168; x_wconf 82' lang='lat' dir='ltr'><strong>Nedum</strong></span> <span class='ocrx_word' id='word_1_314' title='bbox 1048 4127 1078 4168; x_wconf 82' lang='lat' dir='ltr'><strong>ut</strong></span> <span class='ocrx_word' id='word_1_315' title='bbox 1092 4119 1145 4169; x_wconf 74' lang='lat' dir='ltr'><strong>isti.</strong></span> <span class='ocrx_word' id='word_1_316' title='bbox 1153 4117 1281 4172; x_wconf 85' lang='lat' dir='ltr'><strong>Homines</strong></span> <span class='ocrx_word' id='word_1_317' title='bbox 1298 4123 1373 4174; x_wconf 85' lang='lat' dir='ltr'><strong>distri·</strong></span> 
     </span>
    </p>

    <p class='ocr_par' dir='ltr' id='par_1_10' title="bbox 346 4189 1268 4268">
     <span class='ocr_line' id='line_1_36' title="bbox 346 4189 1268 4268; baseline -0.002 -22"><span class='ocrx_word' id='word_1_318' title='bbox 346 4197 369 4262; x_wconf 69' lang='grc'><strong>4.</strong></span> <span class='ocrx_word' id='word_1_319' title='bbox 401 4193 482 4248; x_wconf 82' lang='lat' dir='ltr'><strong>Pueri</strong></span> <span class='ocrx_word' id='word_1_320' title='bbox 499 4196 643 4246; x_wconf 82' lang='lat' dir='ltr'><strong>admodum</strong></span> <span class='ocrx_word' id='word_1_321' title='bbox 645 4229 686 4248; x_wconf 86' lang='lat'><strong>.....</strong></span> <span class='ocrx_word' id='word_1_322' title='bbox 706 4202 819 4262; x_wconf 79' lang='lat' dir='ltr'><strong>possent.</strong></span> <span class='ocrx_word' id='word_1_323' title='bbox 869 4189 1082 4262; x_wconf 84' lang='lat' dir='ltr'><strong>cti,quosrnodo</strong></span> <span class='ocrx_word' id='word_1_324' title='bbox 1097 4193 1268 4268; x_wconf 79' lang='lat' dir='ltr'><strong>descripserat.</strong></span> 
     </span>
    </p>
   </div>
   <div class='ocr_carea' id='block_1_4' title="bbox 0 0 1432 4974">
    <p class='ocr_par' dir='ltr' id='par_1_11' title="bbox 0 0 1432 4974">
     <span class='ocr_line' id='line_1_37' title="bbox 0 0 1432 4974; baseline 0 0"><span class='ocrx_word' id='word_1_325' title='bbox 0 0 1432 4974; x_wconf 95' lang='lat' dir='ltr'><strong> </strong></span> 
     </span>
    </p>
   </div>
  </div>
 </body>
</html>
