2894 4954
351 485 730 572 ateramum.
759 485 847 552 vn.
1066 489 1130 555 265

78 615 159 700 buit,
182 619 334 686 omieiaae
363 623 387 685 ¹.
417 615 575 708 Aliquem
599 613 737 684 verbio²
757 629 886 682 tantum
913 613 1128 698 admonebit,

80 759 165 824 poena
181 759 250 804 non
265 735 409 814 afficiet,
431 748 565 801 aetatem
589 733 663 823 ejua
688 728 935 797 emendabilem
965 731 1100 800 intuens
1121 757 1128 797 ι

80 849 215 941 aliquem
230 849 359 918 invidia
372 849 524 918 oriminis
539 847 716 918 manifeste
734 845 944 914 laborantem
955 841 983 928 ³,
995 846 1132 939 jubebit

79 963 268 1032 incolumem
282 987 355 1032 esee
369 1014 378 1044 ‚
395 962 476 1055 quia
490 962 652 1053 deceptus
666 975 739 1041 eat,
755 959 835 1050 quia
849 982 912 1050 per
923 959 1041 1026 vinum
1056 960 1130 1052 lap-

78 1099 135 1144 tua.
156 1079 276 1145 lloatea
290 1075 436 1146 dimittet
447 1074 574 1156 emuna,
591 1071 774 1165 aliquando
792 1073 894 1139 etiam
914 1070 1082 1154 laudatos,
1102 1073 1130 1140 ai

76 1191 216 1260 boneatit
231 1193 362 1274 caucia,
379 1215 442 1284 pro
466 1190 555 1270 lide,
577 1214 640 1282 pro
658 1188 809 1270 loedere,
831 1212 893 1281 pro
917 1188 1074 1258 libertate
1094 1192 1129 1258 in

76 1305 193 1375 bellum
205 1308 348 1376 accincti
362 1323 441 1376 aunt
450 1301 477 1372 ⁴.
492 1309 573 1374 Haeo
584 1305 696 1373 omnia
706 1327 774 1371 non
786 1305 907 1388 venite,
918 1299 1131 1374 eed'clemen·
1154 1337 1171 1389 3

75 1423 122 1488 tia
133 1447 236 1515 opera
244 1439 335 1491 aunt.
351 1423 541 1492 Clementia
554 1420 700 1488 liberum
715 1419 895 1488 arbitrium
913 1420 1016 1488 habet
1034 1447 1042 1486 ι
1062 1445 1130 1490 non

72 1535 128 1604 tub
141 1537 283 1606 formula
295 1531 321 1620 ⁵,
338 1537 399 1607 aed
410 1535 451 1606 ex
469 1561 566 1629 aequo
580 1552 615 1602 et
627 1537 716 1603 bono
730 1534 885 1628 judicat,
907 1551 941 1604 et
956 1537 1131 1606 absolvere

76 1649 227 1734 illilicet,
240 1667 275 1719 et
286 1653 405 1743 quanti
420 1650 516 1732 vult,
540 1666 652 1718 mare
663 1645 790 1718 litemt.
807 1649 901 1717 Nihil
912 1649 1018 1718 exhia
1029 1649 1128 1732 facit,

72 1830 141 1869 munt
150 1817 204 1872 bec
217 1821 305 1892 eponte
315 1837 372 1884 rue,
384 1819 406 1870 ei
419 1817 453 1871 ad
463 1815 573 1870 Zenonis
623 1837 651 1870 ac
669 1815 884 1890 praemeditatione
896 1827 1075 1892 peccaverant,
1090 1837 1132 1870 eos

72 1891 206 1950 docnimm
220 1896 386 1951 attendamur.
404 1897 463 1966 Qun
474 1895 574 1948 aduris·
622 1907 708 1948 tamen
719 1894 857 1949 clementer
866 1893 1008 1947 tractandos
1018 1931 1025 1957 ,
1037 1895 1081 1965 qni
1095 1913 1131 1948 er·

73 1990 111 2036 ta,
130 1986 227 2028 mutat
237 1975 357 2029 delictum
371 1974 504 2027 veltcelua
521 1993 573 2027 ease
623 1984 756 2037 revereat,
769 1991 813 2025 teu
825 1991 879 2024 rem
893 1972 1002 2037 bonam,
1017 1973 1132 2043 quamvis
1241 2003 1244 2014 .

73 2048 176 2119 aliquam
199 2050 263 2125 legia
283 2063 383 2104 aeternae
400 2069 573 2124 supremaque
624 2051 697 2104 nobis
715 2051 817 2115 invitis,
839 2063 950 2122 egerant
966 2049 1004 2104 Ci.
1022 2051 1054 2103 de
1073 2053 1131 2116 Ira,

73 2127 233 2182 violationem
244 2151 251 2194 ;
274 2129 315 2182 cni
342 2127 458 2182 utitlieri
476 2146 574 2200 temper
622 2128 666 2183 lib.
678 2129 720 2193 ll,
730 2149 783 2203 cap.
795 2129 826 2182 26
833 2141 857 2181 et
865 2149 907 2200 27,
919 2127 951 2182 al.
963 2130 1132 2204 Quapropter,

75 2226 169 2261 neeesse
179 2222 224 2262 eat.
236 2211 297 2262 Non
311 2207 379 2262 enim
398 2206 511 2261 velbnic
525 2205 573 2258 ho·
622 2208 643 2260 si
667 2207 748 2262 Stoici
768 2209 925 2282 ignoscunt,
950 2206 1131 2274 elementiam,

73 2283 131 2337 mini
150 2287 193 2341 vel
210 2286 250 2340 illi
270 2285 379 2351 tatitlit,
399 2305 458 2339 rum
471 2302 573 2358 poenaa
622 2303 675 2336 non
686 2285 805 2351 veniam,
819 2297 942 2338 exerceat.

71 2377 172 2416 nocente
183 2361 571 2438 exigitur,tetltnpremelegi,
654 2359 722 2428 ΗΞ
735 2362 846 2415 honestis
864 2364 950 2415 causis
953 2398 1010 2416 .......
1024 2364 1132 2416 aalma·

70 2439 134 2512 cujus
144 2441 266 2495 inl'nctor
277 2442 374 2496 exstitit.
621 2451 690 2493 eunt.
705 2439 768 2494 llaec
779 2453 905 2512 suntque
916 2439 1130 2514 landandeeupra

100 2517 393 2573 ¹.Pareit.....omt'sisse.
401 2518 507 2573 Poenam
519 2539 572 2572 non
622 2519 718 2572 «linerat
734 2518 794 2580 (lib.
817 2520 842 2585 l,
863 2538 916 2592 cap.
934 2520 989 2584 a),
1006 2529 1130 2570 ettamen

72 2595 172 2648 remittit
181 2596 313 2662 meritam,
325 2597 370 2649 ιιι]
380 2597 468 2650 mitem
479 2597 572 2672 infligit
622 2618 702 2674 poenae
714 2599 824 2652 obnoxia
836 2615 843 2650 ε
853 2596 982 2650 laudanda
993 2618 1072 2670 quum
1090 2617 1131 2650 ex-

73 2691 115 2726 nec
132 2674 298 2728 inlamentem
317 2675 477 2741 (honestiore
488 2679 551 2740 via)
562 2712 571 2738 ,
622 2689 659 2728 tra
668 2687 803 2728 :utcontra
814 2674 932 2727 virtutem
941 2695 993 2727 non
1001 2675 1053 2727 sint
1062 2697 1069 2740 3
1078 2691 1131 2750 pte-

68 2761 102 2812 et,
111 2765 137 2804 nt
146 2772 207 2805 mm
219 2752 353 2818 emendet,
367 2752 505 2806 concilicet
516 2773 569 2806 cor·
623 2774 662 2808 nae
674 2766 757 2806 tamen
770 2750 895 2818 obnoxia,
910 2771 990 2822 quum
1005 2751 1131 2804 malornm

70 2827 177 2882 rectione
183 2829 255 2883 atlett
267 2831 305 2898 ei,
315 2831 360 2902 qni
369 2850 444 2904 poena
454 2828 570 2884 efficitur.
623 2845 647 2884 et
658 2830 753 2906 publici
763 2829 899 2884 infortunii
911 2848 992 2883 unsar
1004 2829 1105 2884 luerint.

68 2905 123 2958 llnc
132 2920 337 2982 epectatqnoque
347 2907 503 2974 admonitio,
516 2929 573 2980 quae
656 2913 679 2963 5.
705 2909 761 2963 Sub
777 2909 909 2982 sonnatio.
933 2910 1009 2984 Legio
1033 2927 1131 2984 nempe.

68 2984 147 3038 verbis
158 2984 204 3042 fit:
215 2999 252 3040 eat
262 2999 345 3039 autem
357 3005 439 3058 poenoe
449 2987 515 3040 loco.
625 2989 704 3058 Quasi
712 2988 874 3052 (liceret,eub
881 2987 987 3062 imperio
993 2986 1132 3062 legial’or·

98 3081 120 3114 a.
138 3063 268 3134 Aliquem
283 3065 385 3126 verbis,
407 3078 453 3118 etc.
469 3065 531 3120 llaec
551 3080 575 3118 et
623 3089 652 3120 ro
659 3067 863 3142 legemmitigare
870 3067 946 3138 judex
953 3080 1101 3141 nonpotett3
1109 3080 1133 3120 et

68 3156 121 3206 que
130 3153 282 3212 sequuntur,
293 3141 476 3213 quibust-arios
484 3142 575 3214 gradus
624 3146 738 3216 quamvis
757 3145 848 3218 injusta
862 3143 901 3198 lex
917 3144 1075 3218 preceperit,
1093 3164 1132 3197 ee-

69 3217 264 3272 coertentlornm
272 3218 422 3272 delictorum
430 3220 576 3284 suadet,ri·
624 3221 1134 3277 cnndumlmncdecerneredebetdeom-

69 3291 210 3348 dimmiere
218 3295 309 3348 eodem
319 3296 396 3349 modo
404 3315 532 3367 expressa,
545 3297 575 3349 tle
625 3300 716 3363 nibua;
734 3321 788 3354 non
800 3301 868 3354 enim
885 3301 925 3354 illi
937 3300 986 3354 ltoe
998 3300 1135 3354 demanda·

68 3369 118 3438 ln,
129 3372 177 3425 lib.
191 3376 221 3438 1,
235 3395 287 3450 cap.
303 3375 348 3440 tii,
362 3375 417 3429 init.
624 3388 724 3428 tumeat
734 3390 762 3428 nt
773 3376 840 3448 leget
849 3379 913 3429 serat
922 3418 929 3444 ,
939 3378 984 3431 aed
997 3389 1026 3430 ut
1035 3375 1134 3449 legibue

97 3449 121 3502 3.
132 3451 246 3508 Invidia
255 3455 371 3507 crintinis
382 3453 520 3526 manifeste
529 3457 576 3506 lo·
625 3453 680 3507 latia
700 3468 796 3508 constet
814 3476 858 3530 per
874 3475 932 3508 eum
952 3457 1092 3509 reverentia
1111 3469 1135 3508 et

66 3525 371 3584 hommemfflincianum
383 3531 508 3607 exemplar
519 3535 576 3584 :in-
624 3531 802 3604 obsequentia,
823 3533 867 3586 aetl
890 3534 1016 3604 privatus,
1036 3535 1080 3586 ted
1093 3552 1134 3585 ea-

66 3606 140 3656 ot'dt'oe
151 3610 262 3662 crimine
272 3629 344 3664 mon.
355 3611 408 3662 tab.
423 3609 500 3678 Quotl
512 3630 576 3663 ten·
626 3609 696 3682 piena
709 3609 750 3662 cui
765 3630 818 3662 non
830 3609 930 3684 publice
945 3609 972 3662 itl
986 3609 1133 3662 mandatum

65 3699 118 3732 anm
127 3683 210 3737 elium
223 3685 301 3740 elficit
309 3724 318 3750 ,
327 3686 397 3741 lanne
405 3707 495 3763 nempe
503 3710 510 3753 ι
519 3688 577 3741 nul·
627 3701 676 3752 est,
689 3707 767 3740 unam
775 3702 873 3741 tautum
881 3688 965 3762 legem
974 3689 1061 3750 novit,
1072 3709 1133 3742 con-

66 3757 253 3814 lumreieliml
269 3763 349 3818 scelus
366 3784 417 3818 eoae
435 3784 510 3836 quam
523 3765 577 3818 odii
626 3765 775 3828 scientiam,
797 3766 866 3837 cujus
892 3767 995 3819 arbitrio
1018 3781 1133 3834 accusat,

67 3833 576 3906 (beinot'dioe)criminationet.Nottra
628 3841 751 3908 damnat,
779 3843 887 3896 abtolvit
899 3882 907 3906 ,
932 3863 1068 3915 poenasqne
1092 3858 1136 3898 aut

65 3911 137 3966 lectio
148 3915 284 3970 indicatio
293 3919 532 3989 odinmhominum,
542 3921 575 3974 ob
626 3920 730 3973 remittit
740 3934 784 3972 aut
795 3921 888 3995 exigit,
899 3936 924 3975 et
934 3923 978 3975 nbi
989 3921 1081 3995 exigit,
1092 3937 1135 3976 aut

65 3990 163 4046 “lmen
178 3993 236 4046 sine
246 4015 323 4068 pravo
337 3997 443 4051 consilio
461 3999 577 4052 commia-
626 3997 739 4050 modicas
750 3997 856 4073 imperat
869 4013 912 4052 aut
922 4019 1018 4074 graves.

64 4089 133 4136 aum,
145 4072 278 4127 immerito
291 4075 385 4129 incurri
395 4078 466 4148 qnasi
478 4079 508 4130 de
520 4099 578 4132 con·
658 4077 681 4130 b.
695 4077 804 4130 Taxare
814 4081 893 4132 litem.
908 4077 983 4130 Conl.
994 4077 1025 4130 ml
1038 4078 1069 4131 <le
1079 4079 1135 4140 lra,

64 4147 129 4201 aulto
143 4149 254 4206 lecisset.
266 4154 576 4229 Stoiciigiturpuniendoe
625 4156 669 4208 lib.
687 4157 729 4220 ll,
748 4175 800 4228 cap
823 4177 870 4224 27,
894 4159 924 4220 4,
941 4155 968 4208 id
990 4167 1042 4219 ett,
1062 4175 1135 4232 poena

64 4227 210 4282 statuebant
231 4230 333 4282 nonnisi
348 4251 399 4294 eos,
413 4231 456 4300 qui
470 4233 576 4284 consilio
627 4247 690 4286 certa
702 4233 802 4288 afficere
815 4234 846 4288 ad
858 4235 965 4288 libitum.
