2926 4958
333 449 420 517 cxliv
512 450 544 516 J.
571 451 738 520 LIPSll
762 453 1230 528 MANUDUCTIONIS

332 589 525 667 Declinatio,
545 605 575 654 et
591 591 697 654 Virtus
713 593 910 676 Vitiumque5
927 608 1010 658 extra
1024 615 1096 674 nos,
1114 593 1252 680 Corpus,
1268 595 1395 662 Posses-

332 699 397 770 sio,
415 697 543 772 Gloria,
560 697 764 782 Magistratus.
775 727 790 754 υ
802 699 844 762 Et
854 701 934 764 addit
949 725 956 760 ι
974 701 1072 784 «Qum
1084 704 1115 764 in
1128 704 1237 782 nobis,
1252 719 1319 766 sunt
1332 705 1400 768 Na·

332 816 398 864 tura
414 825 466 864 sua
481 805 596 881 libera,
613 825 676 866 non
693 805 904 888 prohibenda,
920 827 982 868 non
997 808 1204 891 impedienda;
1220 832 1284 890 quae
1297 825 1397 886 extra,

332 907 504 982 imbecilla,
522 910 702 988 servientia,
720 911 929 993 prohibenda,
946 913 1078 975 aliena.»
1094 911 1238 994 (Enchir.
1251 937 1277 977 c.
1291 937 1304 976 1
1316 928 1346 976 et
1357 916 1399 990 a.)

332 1006 364 1072 Ο
381 1031 471 1090 quarn
491 1031 617 1094 magna,
639 1032 731 1091 quam
753 1013 876 1094 paucis,
894 1010 1059 1076 Sacrorum
1079 1017 1210 1095 quodam
1230 1015 1289 1078 ritu
1306 1017 1396 1078 dicit!

333 1113 501 1192 Examina,
518 1129 548 1176 et
564 1130 654 1198 caput
668 1114 828 1198 Sapientia
844 1117 876 1178 in
891 1118 955 1179 istis
968 1118 1071 1180 habes
1092 1117 1215 1202 Sapiens
1230 1121 1307 1182 inter
1319 1122 1402 1182 viros

333 1235 378 1283 est
387 1267 397 1296 ,
414 1222 521 1302 quibus
541 1235 603 1282 tuta
618 1235 647 1282 et
662 1223 762 1303 quieta
776 1222 897 1306 placent
914 1246 922 1282 :
939 1225 1026 1306 pueri
1042 1227 1080 1286 ad
1094 1225 1200 1298 ludos,
1216 1238 1246 1288 et
1261 1227 1401 1288 ludorum

332 1327 478 1404 missilia,
495 1341 628 1390 currunt.
644 1327 710 1390 Stat
722 1327 857 1390 Fortuna
872 1342 902 1392 et
916 1351 952 1392 ea
966 1330 1080 1414 spargit
1098 1353 1105 1389 ε
1122 1330 1231 1412 aliquis
1245 1331 1399 1406 calcatur,

332 1435 528 1517 opprimitur,
553 1434 691 1517 ejicitur,
712 1435 801 1517 pauci
816 1436 880 1497 siue
900 1455 978 1498 noxa
993 1436 1132 1518 capiunt,
1157 1450 1187 1498 et
1200 1457 1256 1498 nec
1268 1435 1320 1496 illa
1335 1436 1401 1519 ipsa

331 1543 447 1624 integra
459 1555 510 1602 aut
521 1542 614 1604 salva.
626 1540 762 1623 Quarto,
778 1541 828 1604 Ad
843 1543 998 1626 indignos,
1011 1543 1133 1604 illorum
1149 1565 1266 1626 qnoque
1277 1543 1399 1624 judicio,

331 1662 422 1722 quarn
437 1663 516 1724 saepe
532 1643 588 1702 ista
605 1641 694 1703 eunt?
716 1642 787 1704 leno
805 1662 898 1724 opes,
915 1643 1060 1706 meretrix
1075 1642 1225 1720 sormam,
1242 1643 1401 1725 improbus

330 1746 557 1830 magistratum,
579 1746 657 1808 latro
674 1747 875 1808 valetudinem
891 1760 920 1810 et
933 1747 1027 1810 robur
1043 1747 1167 1810 babebit
1180 1771 1186 1806 :
1200 1747 1326 1810 etBona
1337 1747 1403 1810 haec

331 1854 449 1930 dicam,
462 1875 528 1936 qnae
539 1874 615 1936 saepe
628 1899 637 1929 ,
650 1853 712 1914 imo
723 1853 909 1936 plurimum,
923 1854 953 1914 in
964 1853 1062 1916 malos
1072 1853 1398 1934 tribuunturlQuinto,

330 1958 483 2021 Animalia
498 1959 558 2020 alia
574 1959 711 2022 beatiora
721 1958 831 2035 nobis,
846 1959 872 2020 si
888 1960 927 2020 ab
940 1958 988 2021 lais
1001 1981 1167 2022 censemur.
1179 1959 1271 2024 Certe
1286 1981 1402 2044 corpo-

330 2066 372 2127 ris
389 2065 538 2149 plermqne
560 2067 664 2140 dotes,
679 2066 810 2146 majores
826 2078 877 2125 aut
899 2064 1050 2128 firmiores
1065 2066 1096 2126 in
1112 2065 1149 2128 iis
1168 2064 1402 2148 conspiciuntur.

330 2170 412 2252 Quid
430 2173 510 2252 quod
528 2170 606 2244 cibi,
629 2183 736 2252 potus,
756 2169 888 2232 Veneris
909 2170 1061 2253 voluptate
1079 2169 1195 2232 facilius
1210 2184 1240 2231 et
1256 2171 1403 2232 sincerius

329 2277 486 2352 fruuntur,
505 2275 569 2336 sine
588 2274 712 2357 pudoris
734 2287 785 2334 aut
804 2275 985 2356 poenitentiis
1002 2276 1106 2338 metu?
1130 2273 1241 2353 Sexto,
1264 2275 1403 2336 Virtutes

328 2395 468 2466 pereant,
494 2383 519 2444 si
534 2403 569 2443 ea
586 2382 730 2444 sententia
747 2381 828 2442 vivit.
842 2380 891 2443 An
904 2403 960 2464 ego
976 2379 1100 2459 Fidem,
1124 2381 1295 2459 Justitiam,
1322 2379 1403 2444 For-

327 2491 484 2553 titudinem
498 2489 614 2560 colam;
628 2503 658 2550 et
667 2489 820 2572 inopinata
831 2489 883 2550 illa
894 2490 974 2550 bona
984 2535 992 2566 ,
1004 2511 1093 2572 opes,
1106 2491 1235 2566 lamam,
1249 2490 1401 2574 gratiam,

329 2597 427 2680 ipsam
442 2597 535 2657 vitam
548 2595 737 2678 relinquam?
751 2593 889 2658 Incidunt
901 2597 983 2657 enim
997 2595 1030 2658 hi
1043 2615 1128 2660 casus
1143 2619 1151 2655 ε
1164 2610 1194 2657 et
1204 2618 1283 2680 saepe
1295 2609 1349 2657 aut
1363 2595 1404 2656 ab

329 2704 376 2765 his
398 2704 568 2765 abeundum
593 2716 657 2776 est,
681 2717 732 2764 aut
751 2702 809 2764 illae
829 2703 1010 2765 deserendae.
1028 2701 1120 2784 Quod
1140 2716 1173 2763 ut
1195 2702 1266 2778 liat,
1290 2723 1406 2785 parum

327 2824 466 2894 prompte
491 2824 520 2872 et
542 2831 560 2870 a
579 2809 816 2891 respectantibus
840 2809 914 2882 fiet,
938 2809 1022 2889 quasi
1037 2809 1079 2871 ol)
1095 2811 1193 2891 majus
1210 2809 1326 2870 bonum
1346 2809 1408 2869 mi·

328 2938 425 2992 nora,
446 2918 498 2978 sed
512 2929 614 2977 mmeu
628 2915 731 2992 bona,
748 2913 964 2977 omittentibus.
979 2913 1136 2999 Septimo,
1155 2917 1192 2978 de
1204 2915 1270 2998 ipso
1286 2913 1361 2976 Deo
1376 2928 1407 2975 et

327 3022 520 3085 Providentia
546 3021 626 3084 male
650 3022 853 3084 existimemus
878 3044 1038 3084 necessum
1064 3035 1134 3097 est,
1161 3025 1186 3084 si
1212 3021 1275 3084 hae
1300 3020 1405 3083 Bona.

330 3129 435 3210 «Quia
454 3129 549 3190 multa
569 3131 761 3192 incommoda
782 3129 866 3210 justis
883 3130 955 3192 viris
973 3130 1133 3192 accidunt:
1159 3143 1189 3191 et
1211 3129 1304 3204 item,
1331 3129 1406 3210 quia

328 3238 471 3320 quidquid
479 3235 568 3298 nohis
582 3236 683 3310 dedit,
696 3235 789 3296 breve
805 3249 835 3296 et
852 3236 991 3318 exiguum
1006 3249 1071 3310 est,
1088 3235 1113 3296 si
1125 3230 1283 3316 compares
1296 3235 1406 3294 mnndi

328 3345 418 3406 totius
429 3365 502 3404 aevo.
511 3371 525 3395 n
538 3340 630 3422 (Seu.
644 3337 705 3424 Ep.
722 3344 854 3420 cxxiv.)
869 3339 914 3402 lta
926 3341 1035 3424 ingrati
1053 3341 1223 3402 divinornm
1237 3360 1406 3400 muncrum

330 3453 510 3534 interpretes
525 3447 638 3510 erimus
659 3469 666 3505 :
687 3460 717 3508 et
731 3468 784 3509 cur
799 3447 886 3524 huic,
904 3469 958 3508 cnr
971 3444 1051 3522 hoc,
1075 3447 1156 3509 dedit
1175 3459 1204 3507 et
1219 3465 1281 3506 nou
1294 3447 1406 3508 dedit?

329 3558 435 3640 Atqui
451 3557 525 3618 illud
540 3553 718 3629 Summum,
734 3555 834 3616 solum
851 3555 943 3616 etiam
959 3555 1074 3616 bonum
1091 3553 1201 3616 habet:
1221 3553 1358 3628 resistit,
1376 3568 1410 3614 et

329 3680 362 3726 ut
373 3666 480 3749 plenus
491 3662 672 3746 acquiescit,
686 3662 754 3742 quia
769 3663 847 3724 ultra
856 3683 918 3722 non
933 3675 978 3724 est
987 3676 1047 3724 uta
1059 3662 1117 3724 liue
1127 3676 1230 3724 nostro
1241 3683 1408 3745 argumen-

327 3785 395 3848 ter,
414 3769 564 3832 Naturam
579 3767 681 3850 sequi,
700 3769 731 3830 id
745 3781 789 3830 est
802 3765 906 3830 Deum
921 3769 1059 3830 volumus
1075 3791 1081 3826 ε
1096 3783 1127 3830 at
1137 3768 1201 3831 sola
1216 3768 1340 3830 Virtute
1356 3773 1410 3848 (ut

328 3874 429 3938 Stoice
451 3876 573 3956 loquar)
591 3873 678 3936 Dens
695 3888 833 3936 censetur
856 3899 863 3935 :
888 3889 1010 3936 externa
1031 3889 1112 3938 certe
1133 3876 1190 3936 ista
1214 3895 1276 3936 non
1298 3874 1410 3936 habet.

329 3979 420 4064 Quod
434 3982 458 4043 si
475 4002 511 4042 ea
523 3980 636 4057 Bona,
657 3982 738 4042 itane
754 3980 812 4063 ipsi
833 3979 878 4040 illi
892 3979 981 4042 Bono
1000 4002 1063 4042 non
1082 3983 1187 4042 damus
1196 3981 1217 4041 ?·
1231 3993 1282 4041 aut
1306 3981 1409 4041 homo

249 4087 254 4095 '
327 4087 444 4150 lelicior
459 4089 536 4162 erit,
552 4087 600 4150 cui
614 4086 675 4148 hae
691 4101 720 4148 et
731 4086 784 4148 illa
801 4087 927 4148 damus?
938 4085 1029 4148 Plura
1044 4087 1102 4150 dici
1116 4101 1260 4170 possunt;
1277 4101 1307 4148 et
1322 4109 1410 4169 quae-

330 4195 400 4277 dam
420 4193 549 4268 obduci,
577 4193 639 4256 scio
669 4217 675 4252 :
701 4196 753 4255 sed
774 4193 863 4256 uobis
881 4195 1070 4276 propositum
1084 4192 1216 4256 Decreta
1236 4192 1411 4276 explanare
