2930 4956
354 496 397 565 L.
422 493 604 564 ANNAEI
628 494 865 566 SENECAE.
1088 521 1153 566 axv

88 639 182 703 exsilio
198 662 206 698 ε
225 665 242 692 κ
260 635 379 700 Seneca
400 636 534 700 infensos
556 633 707 716 Clautlio,
724 637 875 700 memoria
899 636 1033 719 iojmle,
1046 638 1155 701 crede-

88 747 174 807 batur.
192 772 208 799 a
223 743 330 820 Nota,
347 745 464 826 injuria
481 766 492 804 .·
507 763 580 828 ergo
597 743 660 807 tac
676 743 705 805 ei
723 743 812 806 lacta.
833 740 875 805 Et
895 761 970 806 sane
989 742 1055 826 quis
1080 743 1156 806 alias

87 851 285 915 exustiones
306 849 536 933 impudicissimi
559 848 639 912 illins
661 850 752 914 scorti
768 847 990 930 (Messalinam
1012 849 1104 928 dico)
1125 861 1157 910 et

86 958 289 1019 clamationes
310 947 400 1038 bojas
423 954 560 1018 obnoxiae
579 956 703 1039 pecudis
717 952 879 1034 (Claudii)
891 953 1033 1040 ignorat?
1046 953 1155 1036 Neque

85 1061 379 1144 miuraliqoidmali
395 1061 484 1136 fere,
500 1061 558 1124 nisi
577 1060 665 1124 bonis
687 1075 718 1124 et
737 1061 920 1138 inmotibos,
947 1073 1016 1124 nmt
1034 1059 1156 1124 maelti-
1189 1095 1192 1102 ·

84 1169 151 1230 nati.
164 1167 252 1231 Vixit
263 1167 296 1230 in
310 1167 417 1230 exsilio
434 1186 530 1232 annos
553 1167 673 1232 circiter
689 1179 758 1232 octo
782 1189 792 1227 ι
817 1180 848 1230 et
866 1166 1009 1245 sortiter,
1034 1165 1098 1228 imo
1122 1179 1156 1228 ot

83 1275 142 1358 ipse
155 1275 211 1352 ait,
227 1274 361 1338 feliciter
374 1273 465 1353 vixit,
480 1273 602 1358 optimis
616 1273 721 1338 studiis
735 1273 1038 1355 meditationibusque
1054 1273 1155 1336 inten-

84 1380 550 1444 mtumimadmaoemza
568 1379 969 1444 lntereasresbeatumte
989 1399 1071 1457 esse,
1089 1401 1154 1462 que

83 1487 175 1549 solent
187 1487 321 1548 miseros
334 1486 435 1550 lacere
447 1514 464 1541 a
480 1489 571 1569 (cap.
587 1485 633 1564 4)
650 1509 658 1548 :
675 1499 705 1548 et
716 1485 922 1569 pulcherrime
937 1485 1044 1548 ‹leintle
1054 1484 1153 1566 (virle,

83 1594 182 1672 sodes)
195 1591 438 1676 philosophatur.
451 1589 544 1654 Addit
559 1592 591 1654 in
606 1604 760 1668 extremo,
774 1605 805 1653 et
818 1589 967 1676 assurgit:
989 1615 1005 1648 a
1022 1587 1155 1672 Qualem
1242 1665 1249 1674 ι

83 1719 129 1758 me
142 1697 275 1780 cogites,
298 1697 427 1780 accipe:
452 1695 552 1758 latum
572 1710 604 1759 et
622 1697 772 1771 alacrem,
797 1696 880 1760 velot
907 1697 1029 1780 optimis
1053 1695 1154 1760 rebus.

83 1801 153 1865 Sunt
162 1817 268 1866 autem
278 1804 415 1886 optimae,
428 1825 521 1884 quurn
529 1803 648 1865 animos
655 1803 755 1864 omnis
765 1803 954 1888 cogitationis
967 1824 1089 1886 expers,
1103 1823 1156 1865 ra·

84 1925 128 1972 cat
141 1910 290 1994 oper-ibus
303 1909 380 1986 suis,
396 1923 427 1972 et
438 1911 532 1972 modo
546 1929 579 1971 se
595 1908 760 1971 levioribus
773 1909 877 1972 stuciis
890 1909 1043 1986 oblectat,
1061 1911 1155 1971 modo

85 2017 120 2077 ad
132 2015 385 2078 considerandam
399 2013 447 2076 soi
459 2014 652 2094 tmiversiqoe
666 2026 825 2088 naturam,
840 2014 907 2078 veri
921 2013 1044 2093 addus,
1060 2013 1157 2079 insor-

85 2123 132 2204 gic
148 2150 163 2177 a
182 2119 217 2183 Ο
233 2119 413 2196 bominem,
428 2139 449 2180 o
465 2117 559 2182 rerba
575 2117 723 2181 honesta!
738 2140 803 2202 qim
815 2119 930 2184 imitari
944 2114 1079 2184 Oct'ariae
1088 2132 1156 2181 tra-

86 2229 182 2311 gotta
198 2241 309 2290 auctor
321 2229 404 2305 (non
419 2224 502 2288 enirn
520 2225 585 2308 ipse
604 2248 611 2286 ε
628 2229 742 2309 apage)
755 2225 870 2304 voluit,
886 2226 934 2290 ltis
947 2225 1104 2304 versibus,
1124 2226 1155 2288 in

88 2353 213 2416 persona
228 2331 354 2395 Senecae
370 2356 378 2390 ε
1097 2361 1099 2366 ·

244 2443 341 2500 illelius
350 2441 474 2508 latebam,
486 2441 574 2514 procul
588 2444 620 2498 ab
635 2444 740 2500 incidite
751 2444 825 2498 utalia

245 2531 382 2594 liemotus,
396 2529 461 2581 inter
474 2529 571 2583 Corsici
583 2549 658 2600 rupes
670 2531 753 2583 maris.

247 2613 300 2668 Ubi
311 2613 376 2668 liber
386 2613 503 2679 animus,
517 2627 543 2667 et
550 2613 589 2666 aui
600 2614 661 2686 juris
671 2651 679 2680 ‚
690 2614 754 2668 milti

247 2697 353 2770 Semper
363 2696 482 2762 vacabat,
496 2697 579 2749 studia
592 2697 713 2750 recolenti
730 2715 795 2750 mea.

248 2780 272 2830 0
287 2799 364 2850 quam
377 2780 480 2852 juvabat
494 2783 565 2852 (qno
580 2779 645 2834 nihil
660 2779 740 2852 majus
754 2799 844 2854 parens

248 2859 346 2913 Natura
357 2861 462 2932 genuit,
475 2862 557 2936 operis
572 2861 689 2914 immensi
700 2861 804 2930 artilex)

248 2943 347 2996 Culum
359 2943 468 3008 intueri,
480 2943 547 2997 Solis
559 2956 583 2996 ct
594 2965 681 2998 curros
692 2944 790 2998 noros!

89 3043 157 3108 linc
170 3047 318 3122 meliora,
335 3047 455 3109 veriora
467 3047 558 3110 etiam
570 3093 580 3121 ,
593 3069 683 3129 quarn
697 3069 761 3129 quae
770 3048 802 3109 in
812 3045 1029 3111 Consolatione
1044 3052 1083 3111 ad
1092 3049 1155 3112 Po-
1258 3075 1261 3082 ·

84 3154 197 3238 lybium
210 3156 329 3238 abjecte
344 3155 433 3217 nimis
445 3169 477 3218 et
489 3157 619 3218 demisse
634 3155 804 3218 scribuntur
820 3178 827 3216 ι
842 3171 874 3218 et
887 3179 926 3219 an
942 3177 960 3218 a
974 3172 1077 3219 nostro
1091 3157 1151 3220 Se-

84 3264 180 3324 neca?
195 3261 349 3324 Dubitare
362 3281 424 3322 non
439 3262 535 3324 semel
549 3261 657 3338 subiit,
672 3275 702 3322 et
714 3281 797 3344 paene
809 3261 962 3324 abdicare.
978 3259 1157 3343 Quomodo-

83 3391 229 3452 cmnqoe,
244 3369 342 3431 lromo
363 3367 418 3430 luit
433 3390 440 3425 ε
457 3379 488 3430 et
501 3366 577 3429 illud
599 3379 680 3430 certe
706 3368 850 3451 scripturn
872 3387 934 3428 uon
962 3368 1020 3429 nisi
1040 3367 1156 3430 inimici

83 3489 318 3556 protraxerunt,
338 3489 368 3536 et
382 3473 574 3558 publicarunt
591 3496 598 3533 z
614 3473 742 3536 fortasse
758 3486 788 3535 et
806 3475 1005 3536 macularunt.
1019 3473 1080 3536 Sed
1097 3495 1157 3536 no-

85 3595 127 3642 tes
149 3583 180 3644 in
196 3580 321 3644 seneca
341 3601 430 3665 supra
449 3580 570 3656 verbis,
585 3583 731 3642 levioribus
752 3581 838 3640 etr‘om
861 3583 904 3640 ili
924 3581 1025 3642 strtdo's
1047 3603 1078 3640 se
1100 3583 1153 3641 ol-

84 3691 225 3750 tertosae:
241 3709 306 3768 qoae
327 3687 444 3770 poetica
457 3707 567 3750 censeo
585 3710 593 3745 ι
617 3700 647 3748 et
665 3698 760 3749 exstat
774 3687 806 3748 in
824 3687 862 3749 iis
875 3688 980 3748 Medea
992 3711 1001 3747 :
1012 3709 1104 3769 quam
1125 3688 1156 3750 in

84 3794 188 3855 exsilio
209 3791 378 3875 scriptam,
399 3812 460 3873 quo
481 3806 621 3875 tempore
644 3789 788 3855 Claudius
805 3791 994 3854 Britanniam
1017 3793 1155 3877 subegit,

84 3901 154 3963 mllri
169 3921 256 3984 paene
270 3913 387 3962 certum
403 3922 411 3959 ι
427 3913 515 3982 atque
537 3901 614 3962 adeo
628 3912 839 3983 argumentum
852 3899 927 3961 illud
941 3899 1031 3984 elegit
1044 3903 1081 3962 de
1095 3899 1156 3961 Ja-

87 4029 174 4084 sooe,
191 4021 229 4069 ut
248 4007 362 4088 aliquid
381 4006 569 4090 inspergeret
587 4004 701 4068 scilicet
722 4008 759 4067 ‹le
778 4003 904 4069 Oceano
923 4007 1055 4070 subacto.
1074 4005 1155 4070 Sane

86 4135 189 4178 veram
203 4113 249 4176 illi
262 4114 294 4174 in
306 4110 413 4176 Cboro
426 4133 501 4195 quo,
516 4112 575 4174 nisi
588 4113 627 4175 ad
640 4109 820 4190 Claudium,
838 4113 994 4197 spectant?

252 4227 365 4294 Parcite,
377 4247 394 4280 n
407 4227 475 4291 divi,
486 4227 586 4282 veniam
600 4245 749 4300 precamur,

250 4320 328 4374 Vivat
340 4331 368 4370 nt
378 4329 462 4385 tutus,
475 4339 543 4374 tuere
555 4317 600 4389 qui
612 4317 719 4390 subegit.
