2896 4954
311 398 385 517 ψ’
638 425 706 494 nn
729 425 1045 496 annueram
1439 391 1441 498 1

309 563 370 644 tis,
391 575 493 652 atque
515 556 720 640 humilibus,
742 581 783 624 eo
803 556 1009 624 moderatius
1029 555 1199 650 agendum
1218 571 1373 645 estsquo
1440 547 1441 550 '

310 678 450 745 minoris
468 689 539 756 est,
560 672 720 740 afflixisse
735 695 805 740 eos.
828 671 1041 764 Quibusdam
1059 673 1206 742 libenter
1223 695 1343 766 parces
1363 697 1370 734 :

309 817 330 862 a
348 789 549 885 quibasdam
565 804 599 856 te
615 787 790 857 vindicare
810 787 960 858 fastidias
978 805 1034 856 :et
1049 790 1251 872 sonaliter,
1273 811 1372 880 qaum

310 907 354 976 eb
370 905 573 976 animalibus
587 903 700 996 parvis
713 917 749 972 et
766 903 976 972 obterentem
995 905 1254 996 inquinantibus
1272 900 1374 971 cedu-

310 1020 418 1092 cendn
431 1042 550 1090 manus
562 1033 633 1102 est3
650 1035 685 1086 at
695 1020 732 1087 in
745 1020 808 1100 iis,
824 1019 884 1110 qui
900 1021 1004 1087 inore
1019 1021 1164 1088 civitatis
1174 1021 1299 1088 serrati
1313 1043 1375 1111 pu-

310 1137 442 1227 nitique
457 1137 580 1202 erunt¹
597 1135 771 1202 occasione
787 1149 874 1202 notae
894 1134 1081 1203 clamantia
1097 1134 1264 1204 utendum
1282 1151 1345 1203 est.

274 1289 285 1322 t
359 1253 475 1322 XXII.
493 1251 720 1318 Transeamus
733 1247 778 1318 ad
790 1249 917 1318 alienas
930 1251 1141 1342 injuriaszin
1159 1252 1286 1345 quibus
1298 1254 1373 1320 vin-

312 1365 466 1436 dicandis
482 1365 556 1432 haec
576 1363 641 1432 tria
660 1363 715 1432 lex
737 1379 851 1432 secute
868 1381 940 1448 est,
961 1389 1037 1457 quae
1055 1368 1218 1459 Princeps
1239 1389 1375 1458 quoque

312 1484 408 1575 sequi
424 1480 546 1548 debet:
569 1493 627 1546 aut
642 1495 679 1548 ut
700 1503 799 1561 eum,
819 1503 921 1572 quem
938 1481 1054 1573 punit,
1071 1481 1248 1566 emendet3
1266 1498 1327 1550 aut
1339 1497 1377 1550 ut

311 1619 411 1690 poene
425 1595 499 1688 ejus
512 1607 650 1662 caeteros
666 1592 822 1662 meliores
839 1591 959 1662 reddet
974 1623 984 1680 ς
1000 1611 1059 1664 aut
1071 1610 1110 1663 ut
1122 1596 1265 1666 sublatis
1282 1597 1375 1664 mulis

311 1711 498 1781 securiores
511 1708 625 1776 ceteri
634 1709 761 1776 vivant.
775 1710 883 1802 lpsos²
895 1708 1027 1776 facilius
1037 1709 1234 1778 emendabis
1245 1713 1374 1780 minore

312 1849 429 1919 poena:
442 1821 738 1916 diligentiuseuim
744 1824 848 1905 vivit,
860 1823 916 1892 cui
926 1820 1056 1915 aliquid
1064 1823 1190 1916 integri
1204 1842 1369 1918 superest.

157 2017 160 2024 ¹
205 1961 211 1970 ’
311 1945 418 2008 Nemo
442 1937 602 2032 dignitati
621 1937 763 2031 perditae
782 1940 912 2032 parcit3
940 1939 1150 2032 impunitatis
1168 1955 1280 2034 genus
1301 1957 1370 2022 est,

272 2085 286 2116 a
306 2054 379 2147 jam
393 2077 462 2121 non
479 2051 608 2119 bebere
621 2075 730 2144 poenae
744 2051 867 2120 locum.
885 2052 1039 2120 Civitatis
1056 2068 1168 2121 autem
1185 2077 1300 2123 mores
1311 2079 1374 2122 ms-

177 2147 181 2158 “
314 2169 366 2262 gn
381 2167 524 2262 enatat
544 2168 690 2259 pareas
707 2164 1035 2236 massmannum
1055 2194 1063 2234 ι
1083 2168 1162 2236 nat
1179 2169 1272 2237 enim
1297 2193 1374 2238 aa

313 2283 526 2374 suetudinem
551 2281 715 2376 peccandi
745 2281 925 2352 multitudo
950 2284 1162 2376 peccantium
1179 2301 1238 2352 :et
1265 2287 1375 2354 minus

314 2401 426 2492 gravis
438 2416 517 2468 nota
532 2416 605 2482 est,
627 2423 729 2491 quam
746 2399 845 2468 turba
863 2397 1095 2468 damnatorum
1106 2399 1197 2470 levat
1213 2426 1222 2466 :
1238 2416 1273 2468 et
1289 2423 1377 2469 sese·

313 2513 410 2596 ritas,
428 2511 522 2604 qnod
535 2513 715 2582 maximum
733 2511 922 2582 remedium
935 2512 1056 2595 hebet,
1072 2510 1271 2582 assiduitate
1280 2516 1377 2582 amit·

314 2626 607 2694 etauctoritatem.
617 2625 915 2694 emantuiffionoa
928 2647 1038 2694 mores
1049 2627 1178 2696 civitati
1191 2629 1374 2720 Princeps3

312 2760 347 2811 et
364 2745 446 2811 vitia
460 2735 577 2812 eruit³
596 2745 624 2810 si
643 2745 777 2838 patiens
797 2767 915 2812 eorum
936 2759 1006 2826 est,
1028 2767 1095 2812 non
1110 2759 1282 2838 tamquam
1300 2769 1379 2838 pro-

312 2858 392 2940 bet,
415 2859 478 2929 sed
494 2876 664 2952 tamquam
680 2861 827 2944 invitus,
853 2875 887 2928 et
909 2884 986 2928 cnm
1004 2885 1126 2954 magno
1148 2877 1315 2930 tormento
1335 2861 1380 2928 ad

312 2977 545 3070 castigandum
551 2979 677 3047 veniat.
691 2975 938 3046 Verecundiam
955 2976 1119 3070 peccandi
1132 2979 1213 3046 facit
1225 2980 1298 3072 ipsa
1308 2979 1379 3046 cle-

312 3185 752 3260 Totuscontertusprobstrsceptsm
765 3185 820 3260 Lifr
867 3186 960 3258 jecturs
980 3185 1069 3258 recepi.
1086 3187 1200 3240 Muretus
1217 3187 1323 3242 dedunt
1330 3189 1380 3260 sc-

312 3263 343 3318 sii
359 3265 539 3337 conjecturam.
560 3263 646 3316 Codex
666 3263 819 3337 Herbipolit.
867 3267 941 3316 cilius
952 3265 1102 3330 compescit,
1121 3264 1202 3316 esula
1214 3267 1378 3338 conjecturs:

312 3343 389 3398 habet
399 3363 499 3414 quoquc
513 3359 649 3412 regnoque.
868 3359 929 3394 usm
945 3341 1063 3395 Pincisni
1083 3343 1156 3396 codd.
1173 3344 1258 3417 plures
1275 3345 1380 3418 prebe-

349 3442 369 3474 r.
379 3423 418 3474 Ae
425 3425 453 3473 in
461 3424 494 3474 s's's
509 3423 557 3492 qus'
565 3424 593 3472 s'n
602 3437 646 3472 ore
647 3457 686 3472 .....
695 3431 777 3473 eruas.
789 3419 820 3471 ld
868 3420 1055 3493 bsnt:sact'ls'ns
1062 3426 1185 3492 reprirsss't.
1194 3425 1317 3476 Erasmus
1330 3425 1380 3476 de-

313 3512 349 3552 est
362 3499 492 3570 dequibus
503 3517 591 3550 omnes
603 3498 738 3569 loquentur
748 3539 755 3561 ,
766 3498 819 3551 sive
868 3501 957 3554 deret:
974 3513 999 3554 ct
1016 3506 1084 3556 vatia
1108 3508 1254 3573 compescit.
1276 3503 1381 3556 Errord

313 3590 432 3705 “addidi
440 3589 732 3726 abp'dl'tlitd'bnniendis
742 3651 820 3704 delic-
868 3578 1382 3730 {indignvbttmddidnefflnAbpbPrbis

313 3731 343 3782 tis
354 3729 429 3781 ussit
444 3735 555 3782 severior
574 3729 703 3802 princeps,
726 3726 820 3780 invitus
869 3745 943 3798 sunt,
956 3743 983 3786 et
991 3737 1058 3786 stitia
1068 3737 1131 3802 ejus.
1142 3736 1179 3786 Es
1192 3755 1246 3804 quo
1255 3737 1383 3788 menifes-

313 3819 337 3859 et
346 3807 414 3859 mitis
423 3807 455 3861 sd
468 3827 554 3880 poenas
563 3807 681 3872 scaeda,
694 3819 718 3858 et
729 3825 820 3878 seque-
869 3825 921 3864 turn
935 3825 985 3877 est,
1005 3827 1135 3885 aususque
1147 3833 1238 3868 rocem
1253 3835 1269 3867 s
1280 3817 1382 3868 Senem

313 3884 818 3960 tur‚qutesiegibusobservstsvidemus.
867 3910 921 3944 non
939 3909 998 3944 ωε.
1009 3893 1062 3944 Nae
1074 3895 1225 3946 mosum
1238 3897 1313 3946 vitia
1333 3895 1382 3948 diei

346 3981 369 4012 n.
380 3962 467 4030 Ipsos.
483 3963 564 4016 Malos
575 3963 674 4015 iscilius
687 3963 719 4015 sd
734 3963 819 4014 virm-
867 3981 961 4040 potest,
975 3967 1041 4022 idem
1057 3969 1139 4022 vslcre
1150 3971 1222 4040 quod
1232 3979 1259 4022 et
1264 3974 1384 4042 redegere

312 4053 362 4090 tem
373 4040 486 4103 reduces,
501 4042 522 4092 si
534 4041 645 4113 dignitas
655 4055 679 4094 et
688 4042 818 4114 integritas
865 4049 891 4097 s'rr
900 4049 1015 4098 ordinem
1028 4056 1054 4099 et
1066 4065 1191 4109 merere.
1205 4066 1263 4118 qun
1272 4049 1383 4102 Gruteri

312 4135 400 4168 corum
411 4135 464 4169 uon
476 4120 582 4170 omnino
596 4119 678 4171 deleta
691 4131 735 4172 est.
864 4123 987 4176 sententis
1001 4137 1069 4189 erst,
1092 4137 1156 4176 recte
1174 4145 1190 4176 s
1207 4125 1332 4179 Gronov.
1344 4149 1384 4180 re·

344 4195 368 4248 3.
382 4195 494 4250 Etvs'tin
505 4201 579 4250 eruit.
588 4199 611 4250 E
620 4198 745 4252 Gronorii
754 4217 817 4251 eon·
865 4201 943 4274 pulsa.
960 4202 996 4254 Ex
1010 4207 1065 4266 eins
1083 4202 1141 4256 iecit
1161 4204 1278 4256 Gronov.
1297 4210 1381 4268 erait,
