2910 4954
224 433 227 440 ’
278 449 350 518 ss·
717 449 784 514 nn
807 447 895 516 rus

241 611 250 644 ι
326 581 455 650 XXVI.
476 579 577 648 Nulla
594 580 710 671 itaque
729 604 784 648 res
802 557 908 674 magis
921 577 1129 648 iracundiam
1144 579 1225 660 alit,
1244 602 1341 670 quam

279 696 411 764 luxuria
429 697 660 788 intemperans
680 711 714 762 et
733 697 924 789 impatiens.
945 697 1038 764 Dure
1058 694 1255 764 tractandus
1273 697 1344 762 ani·

240 841 253 870 r
279 828 443 895 mussat,
464 829 503 880 ut
521 813 625 882 ictum
647 837 716 881 nou
735 814 882 896 sentiat,
902 813 968 882 nisi
994 837 1142 906 gravem.
1165 813 1345 881 Irascimur

278 943 337 997 aut
353 929 426 1012 bis,
451 928 614 1021 aquibus
632 953 696 996 neo
713 931 868 1024 accipere
892 930 1054 1023 injuriam
1073 931 1267 1023 potuimus,
1291 945 1346 996 aut

279 1047 333 1114 bis
352 1069 373 1114 a
396 1047 520 1139 quibus
539 1047 694 1139 accipere
718 1047 899 1140 potuimus.
925 1050 973 1114 Ex
999 1047 1171 1141 prioribus
1193 1046 1344 1139 qumdam

280 1165 352 1231 sine
370 1152 471 1232 sensu
491 1178 569 1232 sunt
591 1189 598 1228 ε
626 1177 665 1230 ut
685 1162 829 1247 librum,
852 1164 1214 1256 qucmminutioribus
1239 1163 1346 1230 literis

205 1319 208 1328 ·
280 1281 443 1374 scriptum
470 1303 559 1372 saepe
582 1279 786 1373 projecimus
808 1296 843 1348 et
877 1278 1074 1348 mendosum
1100 1279 1343 1359 laceravimus3

281 1410 319 1462 ut
345 1394 567 1474 vestimenta,
590 1397 690 1484 quae¹
714 1394 795 1486 quia
817 1393 1063 1487 displicebant,
1085 1394 1258 1463 scidimus.
1288 1395 1347 1462 His

281 1513 381 1582 irasci
395 1535 496 1605 quam
514 1510 653 1578 stultum
672 1526 742 1593 est,
764 1536 840 1603 quae
857 1513 942 1580 iram
961 1527 1111 1580 nostram
1129 1535 1193 1580 nec
1211 1535 1347 1578 merue-

243 1649 258 1700 3
282 1642 386 1709 runt,
408 1651 473 1694 nec
496 1623 664 1696 sentiunt!
694 1655 709 1691 u
724 1625 792 1708 Sed
810 1652 871 1695 nos
890 1625 1067 1696 offendunt
1087 1627 1266 1707 videlicet,
1289 1627 1347 1719 qui

287 1771 302 1807 n
323 1742 381 1810 illa
394 1743 561 1811 fecerunt.
580 1771 595 1806 a
611 1745 787 1825 Primum,
803 1767 891 1837 saepe
909 1758 1091 1835 antequam
1106 1744 1171 1811 boc
1181 1740 1274 1836 apud
1289 1737 1350 1808 nos

253 1898 256 1911 ·
283 1857 549 1952 distinguamus,
577 1859 786 1926 irascimur:
813 1855 937 1926 deinde
964 1857 1103 1926 sortasse
1128 1860 1192 1952 ipsi
1214 1882 1351 1950 quoque

282 1974 431 2042 artifices
456 1974 688 2040 excusationes
708 1973 817 2065 justas
845 1973 1002 2040 afferent.
1031 1973 1127 2040 Alius
1147 1997 1216 2041 non
1242 1975 1352 2067 potuit

284 2089 403 2158 melius
431 2089 565 2170 lacere,
589 2114 690 2182 quam
717 2089 819 2172 iecit,
845 2113 910 2157 nec
929 2087 974 2156 ad
1000 2103 1090 2158 tuam
1112 2090 1351 2158 contumeliam

283 2231 403 2299 parum
420 2205 540 2273 didicit
560 2233 569 2291 3
589 2207 675 2274 alius
692 2230 760 2273 non
778 2207 813 2272 in
826 2206 915 2288 hoc,
936 2219 974 2273 ut
987 2221 1019 2272 tc
1033 2205 1238 2284 offenderet,
1258 2206 1349 2275 iecit.

284 2319 339 2387 Ad
361 2320 538 2402 ultimum,
565 2319 719 2412 quidest
742 2319 952 2402 dementius,
979 2343 1081 2412 quam
1103 2320 1207 2388 bilem
1232 2322 1268 2388 in
1290 2321 1354 2389 ho-

245 2467 259 2530 4
287 2437 393 2504 mines
410 2436 584 2504 collectam
601 2437 637 2504 in
650 2461 705 2504 res
722 2435 925 2504 effundere?
942 2437 1046 2529 Atqui
1061 2451 1099 2502 ut
1114 2436 1168 2505 bis
1183 2437 1283 2505 irasci
1298 2434 1355 2504 de·

286 2555 408 2622 mentis
433 2570 507 2636 est,
535 2579 611 2646 quae
633 2555 745 2622 anima
768 2570 905 2635 carent,
934 2554 983 2621 sic
1005 2556 1106 2622 mutis
1123 2554 1351 2634 animalibus,

287 2697 362 2763 quae
380 2671 508 2740 nullam
525 2672 685 2763 iujuriam
702 2672 800 2738 nohis
820 2672 970 2753 faciunt,
992 2673 1074 2763 quia
1091 2671 1179 2741 velle
1197 2697 1265 2740 non
1284 2697 1356 2767 pos·

288 2803 367 2855 sunt
391 2814 398 2852 :
423 2803 566 2856 nonest
591 2787 681 2854 enim
708 2787 834 2878 injuria
856 2787 949 2854 nisi²
977 2812 997 2854 a
1022 2788 1162 2858 consilio
1189 2789 1354 2881 prosecta.

248 2933 262 2984 5
288 2907 418 2970 Nocere
433 2905 548 2996 itaque
562 2904 660 2972 nobis
672 2918 833 2996 possunt,
855 2917 891 2970 ut
910 2905 1058 2985 ferrum,
1077 2920 1136 2971 aut
1148 2904 1235 2998 lapis
1248 2935 1258 2990 ς
1273 2907 1360 2998 inju-

289 3019 373 3086 riam
390 3014 528 3110 quidem
547 3016 657 3086 saccre
671 3041 740 3086 non
757 3033 909 3111 possunt.
928 3019 1032 3109 Atqui
1047 3022 1218 3088 contemni
1235 3045 1271 3088 se
1287 3021 1361 3112 qui·

290 3129 365 3198 dam
391 3146 531 3223 putant,
556 3129 615 3197 ubi
640 3133 719 3222 equi
739 3129 840 3198 iidem
860 3131 1086 3225 obsequentes
1108 3131 1206 3200 alteri
1227 3135 1355 3226 equiti,

323 3300 416 3352 xxvi.
431 3303 499 3351 Aac.
510 3299 561 3364 lis,
572 3299 616 3369 qui
628 3297 748 3370 iujurisin
759 3299 800 3351 in·
850 3305 1003 3354 vestimenta
1016 3301 1121 3375 explices
1132 3322 1139 3356 t
1155 3304 1263 3375 exempli
1280 3303 1362 3378 grstia

289 3379 355 3430 lerrs
365 3389 574 3450 aequepotusrs‚
588 3395 670 3446 nequo
680 3376 800 3442 voluere,
849 3385 1024 3446 mmmmm
1039 3401 1086 3434 nsc
1107 3380 1161 3434 ulla
1180 3381 1314 3435 difficultas
1331 3394 1361 3432 te

291 3477 343 3509 non
355 3455 513 3508 irascendum
527 3468 571 3508 cst.
849 3459 1001 3526 morabitur,
1020 3471 1062 3522 nt,
1080 3461 1179 3512 librum
1196 3483 1273 3530 quem
1287 3479 1363 3512 ωενι-

327 3551 345 3584 ι.
359 3534 467 3586 Ls'bnun
478 3553 555 3602 quem
558 3571 615 3586 .......
629 3537 798 3596 vestinum,
849 3539 1185 3601 dosumlocenzvimnsmt,
1195 3545 1363 3601 vestimenta,

289 3632 348 3682 quoe
350 3649 396 3664 ......
411 3612 461 3664 llic
477 3611 551 3666 haesit
568 3631 676 3686 magnus
692 3611 800 3664 Grono-
849 3634 908 3683 qum
917 3619 998 3685 quia,
1012 3629 1057 3668 etc.
1070 3617 1106 3667 lta
1117 3617 1228 3688 optimus
1241 3619 1366 3689 interpres·

289 3687 359 3751 vius,
376 3701 401 3740 st
420 3689 493 3758 ejecit
505 3691 532 3740 sb
544 3708 621 3761 quem
635 3700 659 3740 st
675 3691 702 3740 rb
722 3705 800 3757 φωτί
849 3693 992 3764 Rarbkopst
1004 3715 1018 3747 a
1031 3716 1082 3766 quo
1099 3709 1185 3748 tamen
1202 3696 1365 3756 recedentes,

290 3767 407 3818 omnibus
417 3766 491 3820 codd.
500 3779 524 3820 et
531 3766 800 3840 librisrslragautibus.
849 3771 960 3845 virgulas
978 3773 1040 3824 duas
1057 3785 1154 3825 tautum
1176 3777 1241 3846 passi
1257 3793 1367 3845 nimus,

289 3843 403 3896 Relativa
419 3845 488 3896 enim
505 3845 554 3896 sibi
571 3858 725 3916 persuaserat
735 3864 799 3916 saepc
849 3849 914 3902 banc
930 3863 986 3924 post
995 3851 1109 3916 librum,
1126 3853 1194 3904 banc
1210 3865 1264 3926 post
1276 3854 1370 3902 rusti-

289 3919 378 3990 iniquo
387 3923 442 3974 loco
449 3943 462 3974 a
469 3921 577 3974 librariis
585 3922 730 3996 interposita
739 3943 799 3975 esse.
847 3938 941 3980 menta.

292 3997 368 4063 Quod
386 4019 439 4050 non
456 4000 609 4072 negauerim.
627 4003 747 4052 Nostrum
764 4013 799 4052 ts·
882 4023 904 4057 α.
927 4005 996 4076 Ques
1014 4009 1152 4060 nullam...
1163 4011 1258 4072 injurio
1268 4006 1369 4055 nith..

291 4093 350 4126 men
361 4074 444 4127 locum
457 4075 623 4129 bacchabere
635 4089 720 4149 putem
731 4114 738 4139 ,
751 4079 800 4130 vir·
851 4081 950 4134 llsdui
964 4121 970 4148 ,
990 4084 1123 4137 Gronovio
1140 4099 1253 4148 sudore,
1269 4081 1371 4133 lectio-

291 4153 574 4226 gulapostproiecs'mus
586 4153 700 4219 sublata,
713 4167 801 4228 etpost
849 4178 908 4210 nem
928 4159 994 4212 hanc
1013 4160 1088 4212 codd.
1112 4163 1187 4216 boun
1207 4174 1280 4219 nota,
1300 4169 1371 4208 tum

210 4257 212 4273 ι
290 4233 442 4284 arcendorum
461 4231 579 4286 translata
596 4250 603 4283 t
623 4232 733 4298 deiude,
754 4247 797 4296 ut,
850 4257 923 4288 sensu
936 4249 959 4288 ct
972 4257 1088 4291 sermone
1102 4233 1372 4311 Serrersspostulanti-
