2926 4958
312 419 430 499 cxxxvj
490 413 521 477 J.
548 411 712 478 LlPsll
738 411 1193 481 MANUDUCTIONIS

311 527 415 604 blale,
431 527 530 598 male;
548 528 611 590 imo
625 549 686 590 non
702 529 821 612 scripsit
833 528 891 591 boc
906 525 1068 604 Clemens,
1085 549 1157 590 sane
1169 531 1274 592 doetus
1287 546 1319 592 et
1331 553 1381 594 ac-

311 649 452 710 curatus,
468 637 521 696 sed
533 635 709 717 depravavit
719 649 792 696 aetas
803 650 855 696 aut
867 637 1042 718 exscriptor.
1056 632 1150 698 Certo
1163 657 1298 698 mam
1311 682 1320 712 ,
1344 660 1378 698 ex

312 761 350 802 eo
365 743 445 822 quod
458 741 590 822 seqnitur
603 763 612 798 z
626 739 808 822 «Antipater
820 743 885 822 ejus
897 741 1066 824 discipulus
1078 769 1093 794 n
1106 741 1190 802 ltane
1203 741 1256 802 ille
1266 740 1379 804 Clean-

311 846 371 908 tbis
386 847 458 908 luit?
475 845 543 908 lmo
560 846 729 929 Diogenis,
745 860 778 907 ut
794 848 825 908 in
841 847 983 909 hesterno
995 845 1144 910 Sermone
1158 847 1378 926 ostendi.(1.i-

312 953 370 1014 bro
385 951 399 1014 l
414 951 538 1016 Manno
552 949 682 1014 Dissert.
707 956 763 1030 x.)
782 950 886 1034 ltaque
900 953 1025 1015 omnino
1040 956 1078 1015 de
1091 955 1159 1036 ipso
1174 953 1318 1037 Diogene
1330 955 1380 1016 bic

313 1057 457 1123 Clemens
470 1061 651 1142 scripserat,
668 1059 859 1122 concorditer
871 1080 940 1122 curn
954 1061 1016 1141 jam
1029 1060 1114 1121 diotis
1131 1083 1138 1116 ι
1151 1062 1205 1121 sed
1214 1060 1380 1141 deliquium

313 1179 343 1228 et
356 1165 454 1226 hiatus
477 1185 555 1227 nrmc
578 1179 623 1226 est
640 1189 648 1223 t
662 1167 826 1242 notandus,
840 1187 880 1226 ue
893 1179 1013 1226 notetur
1025 1165 1088 1226 ille.
1105 1162 1167 1226 Sed
1183 1167 1220 1226 de
1233 1165 1290 1227 bac
1304 1172 1382 1227 lote-

312 1281 423 1352 pme'p,
439 1271 531 1332 etiam
543 1268 738 1332 Plutarchum
755 1271 879 1353 accipe,
899 1281 1005 1332 contm
1013 1269 1132 1332 Stoicos
1151 1291 1158 1330 :
1181 1297 1197 1324 ι
1210 1271 1261 1351 qui
1275 1271 1379 1347 aium,

313 1391 346 1439 ut
354 1378 466 1458 inquit,
479 1385 567 1440 οὐσίαν
576 1389 623 1440 τοῦ
634 1383 732 1459 ἀγαθοῦ
743 1421 753 1454 ,
764 1382 909 1458 didymei
922 1383 1025 1460 ialoyiu
1033 1382 1101 1440 md
1112 1387 1198 1458 φύσει·
1208 1375 1381 1440 Essentiam

315 1483 415 1560 Boni,
437 1484 616 1546 electionem
638 1483 866 1560 rationabilem,
890 1485 971 1568 juxta
991 1484 1177 1546 Naturam.»
1195 1484 1230 1562 (1
1252 1484 1383 1547 Dissert.

315 1611 380 1672 cap.
393 1593 437 1666 a.)
446 1589 496 1652 De
508 1593 614 1654 eadem
627 1589 817 1672 Epictettnn:
835 1619 851 1645 κ
863 1588 955 1670 Quod
964 1605 1009 1652 est
1022 1591 1143 1652 Bontmt
1150 1591 1297 1654 hominis?
1308 1591 1382 1653 Non

314 1696 414 1758 babeo
423 1697 505 1760 aliud
512 1698 568 1758 tibi
578 1699 695 1774 dicere,
705 1719 797 1778 quam
806 1698 875 1760 talis
889 1699 996 1760 electio
1003 1698 1158 1760 Vlsomm.
1174 1727 1189 1754 i·
1204 1697 1336 1780 Qualis?
1347 1721 1382 1760 ex

213 1885 218 1893 ,
315 1802 456 1865 Ratione.
470 1802 543 1866 Non
559 1805 642 1865 enim
655 1825 847 1886 qoeeumque
865 1804 973 1868 electio
989 1805 1085 1888 proba
1103 1829 1111 1864 e
1128 1820 1159 1868 et
1172 1809 1210 1868 ut'
1218 1807 1301 1868 idem
1314 1807 1380 1866 ait:

318 1941 332 1964 ιι
349 1909 441 1972 atiud
459 1909 512 1971 alii
535 1911 639 1972 incidit
653 1909 812 1992 probabile
832 1924 883 1971 aut
902 1911 1105 1992 improbabile
1126 1911 1202 1974 sicut
1216 1925 1248 1987 et
1260 1910 1384 1972 Reum

317 2029 368 2078 aut
378 2014 624 2092 Malurn,Utile‚
636 2014 755 2078 Inutile.
765 2044 780 2070 »ι
792 2015 900 2095 (lbid.)
911 2016 1042 2098 ldeoque
1053 2021 1130 2080 etad
1142 2020 1384 2080 discernendum

316 2120 463 2184 Doctrina
479 2123 609 2184 maxime
623 2144 767 2206 egemus,
790 2137 825 2184 ut
834 2123 977 2204 judicium
995 2122 1162 2184 habeamus
1176 2125 1213 2184 de
1226 2121 1385 2184 Probabili

316 2240 406 2307 atque
416 2226 631 2310 lmprobabili,
646 2243 734 2309 atque
747 2229 779 2290 id
792 2227 884 2290 rebus
898 2218 1026 2310 singulis
1037 2230 1267 2290 accommodare
1282 2230 1386 2312 possi·-

318 2356 386 2396 mus
405 2337 618 2398 convenienter
636 2333 768 2398 Naturae.
790 2363 805 2388 n
824 2333 945 2418 (lbid.)
955 2333 1086 2407 Audin'?
1108 2336 1261 2410 doctrina,
1285 2335 1316 2395 id
1342 2351 1386 2396 est

318 2439 513 2526 Philosophia
533 2462 608 2524 opus
627 2445 667 2504 ad
680 2440 844 2504 Rationem
864 2442 1077 2517 formandam,
1094 2455 1125 2502 et
1143 2455 1176 2502 ut
1196 2439 1312 2504 Seneca
1337 2442 1387 2503 lo-

276 2536 284 2551 ’
318 2548 484 2629 quebatur‚
506 2547 736 2632 perficiendam,
751 2570 811 2628 quo
825 2547 902 2612 line?
926 2549 983 2608 isto
1004 2561 1127 2623 nostro,
1148 2560 1178 2608 et
1197 2561 1228 2608 ut
1239 2561 1387 2609 consonet
1433 2546 1442 2560 “’

319 2677 442 2739 semper
460 2654 592 2716 Naturae.
610 2655 717 2739 Apage
737 2656 819 2718 enim
837 2654 888 2716 bic
907 2655 1082 2739 opiniones,
1097 2667 1186 2734 atque
1205 2655 1305 2736 ipsrnn
1324 2653 1387 2716 Bo-

319 2783 411 2838 num,
423 2762 465 2826 ait
478 2759 609 2836 Cicero,
624 2788 639 2818 a
656 2775 773 2822 nonest
787 2761 816 2820 in
830 2757 1049 2842 Opinionibus,
1061 2759 1153 2822 sedin
1161 2758 1287 2822 Natura.
1301 2757 1387 2820 Nam

319 2869 351 2930 ni
367 2870 409 2930 ait
420 2882 515 2945 esset,
529 2869 616 2932 Beati
630 2890 748 2950 quoqne
762 2864 917 2950 Opinione
928 2879 1026 2929 essent
1043 2887 1123 2948 :quo
1136 2867 1206 2948 quid
1216 2867 1274 2930 diei
1287 2880 1390 2948 potest

321 2977 457 3040 stultius?
468 3004 483 3030 ι·
500 2975 530 3049 (l
541 2975 591 3038 De
603 2965 912 3060 Legib.)Verissime;
924 2973 955 3035 in
966 2972 1099 3048 Natura,
1109 2973 1251 3054 inquam,
1265 2973 1318 3034 illa
1334 2977 1389 3036 du·

321 3083 412 3165 plici,
428 3079 592 3148 Communi
603 3095 633 3144 et
641 3081 764 3144 Nostra.
774 3077 830 3142 Est
841 3081 963 3161 quidem
977 3094 1060 3142 vetus
1076 3099 1201 3142 versus:

451 3187 512 3278 Non
524 3237 560 3278 est
569 3225 670 3290 beatus,
683 3243 734 3276 esse
744 3223 788 3294 qui
800 3243 825 3276 se
837 3243 890 3276 non
901 3235 971 3296 putat
983 3241 990 3276 ε
1004 3223 1051 3289 (In
1063 3221 1140 3285 sen,
1153 3221 1231 3295 Epist.
1242 3227 1289 3290 tx)

320 3367 408 3436 atque
423 3351 514 3413 etiam
525 3353 631 3424 verus',
647 3349 743 3410 lateor
755 3371 762 3407 ε
774 3349 844 3430 quia
858 3347 993 3432 Sapienti
1004 3351 1041 3411 de
1054 3371 1107 3410 sua
1121 3349 1301 3410 beatitudine
1317 3371 1391 3411 con-

322 3473 398 3534 stat,
415 3480 471 3520 nec
485 3456 640 3520 scientiam
659 3455 777 3533 solum,
793 3457 846 3518 sed
867 3455 1006 3517 fiduciam
1028 3451 1095 3538 ejus
1105 3453 1197 3517 babet
1214 3480 1221 3516 ι
1239 3469 1343 3517 umen
1360 3470 1393 3517 ct

323 3565 371 3629 bic
385 3579 487 3627 noster
500 3586 608 3641 verus,

485 3699 546 3748 Non
558 3709 595 3749 est
603 3697 688 3750 statim
699 3698 797 3760 butera,
811 3716 863 3750 ests
875 3697 919 3770 qui
930 3709 1006 3770 putat.

326 3853 340 3880 α
359 3823 442 3906 Quid
450 3826 542 3902 enim,
555 3826 597 3887 ait
608 3822 735 3900 Seneca,
743 3825 770 3886 si
779 3823 908 3888 Beatum
922 3845 953 3886 se
966 3823 1074 3886 dixerit
1083 3823 1135 3884 ille
1144 3821 1271 3905 turpiter
1280 3820 1390 3883 dives?

323 3931 375 3995 ille
391 3933 555 3994 multorum
571 3931 727 4007 dominus,
742 3933 795 3994 sed
814 3931 946 4013 plurium
961 3929 1088 3994 servus?
1112 3929 1223 3992 Beatus
1243 3949 1296 3990 sua
1319 3949 1385 3990 sen·

323 4038 415 4100 tentia
430 4038 501 4100 fiet?
517 4066 531 4092 »ι
547 4036 665 4118 (lbid.)
682 4037 819 4101 Minime.
835 4061 851 4094 o
865 4036 937 4100 Non
953 4037 1034 4098 enim
1049 4038 1120 4118 quid
1138 4036 1236 4108 dicat,
1252 4037 1306 4098 sed
1320 4036 1394 4115 quid

323 4145 452 4220 sentiat,
471 4144 564 4204 relert
581 4168 587 4204 :
604 4164 661 4205 nec
674 4144 744 4226 quid
765 4165 825 4206 uno
839 4144 886 4207 die
910 4144 1039 4220 sentiat,
1058 4145 1111 4204 sed
1133 4143 1204 4224 quid
1226 4143 1357 4204 assidue.
1374 4167 1388 4192 »

320 4250 478 4314 Memento
495 4271 585 4334 super
599 4247 838 4327 Convenientia,
855 4273 919 4333 qua
932 4252 1032 4334 primo
1047 4251 1184 4314 diximus.
