2926 4958
210 493 279 564 AD
305 495 482 565 STOIC.
508 493 717 563 PHILOS.
744 491 841 560 LIB.
869 489 944 556 Ill.
1018 485 1129 570 clxxxj

55 635 206 714 Sectmda,
226 639 257 698 in
272 635 402 698 materia
422 634 534 699 infelici
555 655 697 719 expressa
718 647 898 714 :tamquam
912 643 1135 692 tormentorum

58 743 226 818 Patientia,
246 757 278 806 et
295 745 327 804 in
347 742 458 805 morbo
481 743 566 826 gravi
586 740 814 824 Temperantia.
838 738 896 803 llla
916 735 1004 799 Bnna
1018 737 1134 799 directo

58 863 191 932 optamus
205 848 298 912 nobis
309 873 317 920 ς
330 848 430 927 1)ωυί
438 869 562 911 necesse
577 847 645 910 erit.
656 844 734 910 Sunt
742 847 840 910 adbuc
848 844 953 906 Tertia
963 865 970 902 ι
982 857 1137 925 tamquam

59 959 206 1020 nodesms
228 956 379 1032 incessum,
402 975 438 1018 ae
459 955 575 1039 probus
594 953 727 1030 Vultus,
744 967 774 1016 et
791 951 974 1016 conveniens
996 950 1136 1033 prudenti

58 1063 114 1124 tiro
129 1060 258 1126 Gesms.
276 1089 291 1115 ι·
311 1059 430 1146 (Epist.
446 1060 553 1142 navt.)
571 1060 682 1139 Vides,
701 1060 868 1144 eujusmodi
886 1057 974 1120 Bona
990 1057 1068 1130 sint;
1084 1058 1137 1118 sed

59 1169 153 1246 Bona,
169 1171 237 1232 imo
252 1183 284 1232 et
296 1169 357 1232 illis
370 1191 436 1252 que
449 1169 548 1232 laetam
562 1167 673 1232 faciem
686 1168 801 1231 babent
814 1168 910 1252 paria.
928 1163 1028 1250 Supra
1039 1166 1135 1249 tetigi,

59 1279 104 1337 sed
117 1277 298 1338 iterandum
314 1289 368 1337 est.
386 1303 401 1330 «ι
417 1273 501 1357 Quid
512 1275 604 1359 ergo?
618 1277 719 1357 jacere
732 1277 762 1336 in
773 1274 912 1338 convivio
923 1319 932 1350 ,
945 1287 976 1336 et
985 1273 1136 1354 torqueri,

59 1383 136 1464 paria
145 1382 243 1444 sumt?
255 1378 327 1444 Hoc
336 1382 450 1444 mirum
462 1382 579 1445 videtur
591 1381 668 1444 tibi?
683 1381 758 1443 illud
768 1381 839 1445 lieet
849 1379 947 1466 magis
958 1379 1136 1456 admireris,
1228 1385 1231 1392 '

59 1489 152 1566 jacere
166 1487 200 1549 in
214 1489 374 1566 convivio,
386 1487 506 1551 Malum
518 1502 563 1551 est
576 1513 584 1546 τ
599 1489 734 1571 torqueri
744 1488 776 1550 in
788 1488 893 1552 eculeo
905 1533 914 1565 ,
926 1486 1050 1549 Bonum
1065 1499 1111 1549 est
1127 1511 1135 1546 :

60 1595 80 1654 si
92 1595 168 1656 illud
180 1595 331 1679 turpiter,
346 1595 407 1658 boc
421 1595 547 1658 honeste
562 1595 604 1658 lit.
617 1593 706 1658 Iloua
721 1597 778 1658 ista
796 1609 847 1657 aut
862 1593 947 1657 Mala
966 1615 1028 1656 non
1048 1593 1142 1656 efficit

61 1702 202 1778 materia,
220 1704 276 1764 sed
289 1697 405 1764 Virtus.
421 1699 495 1765 tlaee
508 1702 691 1784 ubicumque
708 1703 867 1786 apparuit,
884 1703 987 1763 omnia
1004 1703 1140 1785 ejusdem

61 1829 206 1870 mensmae
220 1829 258 1871 ac
274 1809 363 1892 pretii
377 1821 454 1874 suut.
472 1837 487 1864 u
506 1805 623 1891 (Epist.
638 1812 741 1886 tart.)
755 1805 798 1871 Et
808 1809 879 1892 quid
893 1806 1006 1870 mirum
1018 1823 1141 1871 nostros

62 1913 156 1977 dicere
170 1959 179 1990 ,
192 1913 304 1996 quibus
314 1915 431 1978 nullum
442 1929 526 1978 extra
537 1915 674 1976 animum
685 1912 806 1976 Malum
820 1914 889 1978 est?
904 1934 974 1977 eece
989 1911 1141 1998 Epicurus

62 2019 108 2082 ille
127 2019 309 2104 Voluptatis
331 2022 496 2104 magister,
518 2019 647 2084 Dolonis
662 2018 777 2097 bostis,
800 2041 873 2102 quas
894 2039 985 2086 voees
1006 2021 1140 2083 emittit?

63 2153 76 2178 ι
88 2125 120 2188 Si
130 2140 241 2189 uratur
252 2127 390 2210 sapiens,
402 2128 428 2189 si
441 2127 592 2192 crucietur
603 2172 612 2200 ,
629 2127 660 2188 in
670 2124 841 2188 Phalaridis
855 2139 942 2188 tauro
958 2128 983 2188 si
999 2128 1057 2188 erit
1068 2173 1077 2202 ,
1093 2127 1143 2188 di-

63 2247 122 2308 eet,
138 2231 246 2315 Quam
257 2254 349 2296 suave
359 2247 405 2295 est
417 2234 492 2298 boe!
506 2254 597 2316 quam
609 2233 667 2296 ltoc
676 2255 739 2295 non
750 2253 824 2296 curo
836 2234 842 2294 l
856 2261 870 2286 ἰ
886 2231 974 2313 (Cic.
988 2231 1018 2294 ll
1028 2233 1141 2312 Tute.)

62 2337 159 2419 Atque
180 2339 247 2422 ipse
266 2340 344 2401 adeo
359 2339 449 2413 lecit,
474 2340 567 2402 morti
589 2341 653 2420 jam
675 2341 823 2402 admotus.
844 2336 962 2403 Seneca
988 2365 996 2401 ι
1022 2365 1037 2394 «
1059 2338 1143 2421 Quid

61 2446 176 2526 porro?
193 2445 371 2509 incredibile
388 2445 522 2524 videtur,
542 2446 676 2528 aliquem
692 2447 724 2508 in
738 2448 865 2508 summis
887 2446 1069 2511 cruciatibus
1082 2467 1143 2531 po-

62 2553 149 2616 situm
165 2554 287 2631 dicere,
307 2551 420 2617 Beatus
435 2555 526 2616 sum?
546 2555 627 2636 atqui
642 2553 705 2618 baec
728 2574 785 2617 vox
804 2554 835 2616 in
857 2554 922 2638 ipsa
936 2553 1056 2618 officina
1072 2553 1145 2615 Vo-

62 2657 184 2743 luptatis
198 2673 246 2723 est
257 2661 369 2723 audita.
382 2659 615 2739 Beatissimmu,
633 2662 749 2743 inquit,
764 2662 846 2725 bunc
862 2675 894 2724 et
906 2661 1047 2723 ultimum
1060 2661 1143 2724 diem

60 2786 135 2850 ago,
152 2763 309 2850 Epicurus
323 2793 331 2828 ε
342 2789 435 2850 qurrm
445 2767 532 2830 illum
543 2768 615 2832 binc
624 2769 718 2831 urinae
730 2767 889 2832 difficultas
898 2781 1064 2850 torqueret,
1073 2769 1145 2830 hine

60 2875 241 2940 insanabilis
252 2877 415 2940 exulcerati
428 2877 518 2940 dolor
537 2879 661 2942 ventris.
674 2875 780 2960 Quare
794 2898 868 2963 ergo
882 2877 1070 2940 incredibilia
1079 2877 1142 2941 haee

59 2997 126 3044 sunt
141 2984 228 3066 apud
244 2985 361 3065 eosqui
376 2981 531 3047 Virtutem
543 2985 646 3048 colunt
662 3031 670 3064 ,
688 3006 781 3066 quum
795 2987 876 3068 apud
890 3004 944 3047 eos
957 3005 1076 3066 quoque
1091 3005 1145 3047 re-

57 3091 239 3172 periantur,
254 3094 334 3175 apud
346 3112 422 3174 quos
432 3093 572 3177 voluptas
584 3094 738 3178 imperat?
753 3121 768 3148 n
781 3093 790 3160 l
794 3091 893 3178 Epist.
905 3095 998 3171 κου.)
1006 3091 1068 3155 Sed
1079 3111 1144 3154 ma-

57 3196 182 3280 lignitas
203 3197 340 3275 scilicet,
360 3213 412 3262 aut
426 3199 527 3284 potius
546 3199 738 3264 imbecillitas
755 3213 800 3264 est
816 3201 932 3276 animi,
950 3200 1012 3264 bac
1028 3202 1144 3262 detrec-

57 3305 160 3367 tantis.
178 3333 194 3358 s
212 3301 256 3366 Et
274 3325 337 3367 non
354 3318 461 3389 putant
474 3306 540 3370 lieri
556 3351 565 3382 ,
583 3305 727 3389 quidquid
740 3305 841 3369 lacere
855 3324 916 3368 non
932 3318 1058 3389 possunt
1077 3329 1085 3365 z
1107 3327 1144 3366 ex

58 3411 241 3474 infirmitate
255 3431 310 3472 sna
324 3412 361 3473 de
371 3411 492 3475 Virtute
507 3410 608 3475 lerunt
622 3413 812 3475 sententiam.
825 3439 841 3467 u
853 3410 927 3496 (Ep.
938 3413 1051 3490 nxxtt.)
1062 3409 1105 3471 At
1114 3423 1147 3471 tu

56 3519 127 3580 audi
141 3515 326 3580 satomoni
336 3539 464 3581 vocem:
482 3547 496 3574 ιι
508 3517 613 3602 Quum
626 3519 765 3582 audirent
775 3540 832 3602 per
842 3539 896 3581 sua
908 3531 1060 3580 tormenta
1069 3517 1148 3578 bene

58 3645 164 3688 seemn
181 3624 256 3709 agi,
272 3625 504 3688 commemorati
517 3639 587 3688 sunt
600 3625 791 3703 Dominmn,
810 3626 995 3688 admirantes
1008 3626 1040 3686 in
1054 3623 1147 3686 linem

57 3732 167 3794 exitus.
185 3757 204 3784 n
223 3727 316 3814 (Sap.
331 3751 399 3815 cap.
416 3733 486 3809 rr.)
499 3729 617 3810 Causa,
635 3745 666 3793 et
683 3730 752 3794 linis
771 3744 857 3807 sunt,
880 3751 946 3812 quie
961 3731 1024 3793 baec
1039 3729 1146 3803 mitia,

58 3838 120 3900 imo
134 3837 250 3901 suavia
270 3835 383 3900 iaciunt
405 3861 413 3898 ε
436 3852 467 3901 et
482 3867 497 3894 a
514 3839 584 3902 licet
594 3838 694 3922 ipsum
708 3855 819 3922 corpus
830 3838 954 3921 plenum
968 3838 1050 3900 bona
1064 3856 1150 3900 cons

57 3945 173 4007 tientia
198 3943 312 4018 stillet,
331 3945 463 4028 placebit
475 3944 527 4007 illi
540 3946 636 4030 ignis,
653 3967 814 4030 perquem
828 3944 909 4007 bona
925 3944 999 4008 fides
1015 3943 1150 4008 colluce-

58 4051 102 4115 bit
115 4081 132 4107 ι
144 4055 161 4132 (
171 4049 251 4114 sen.
272 4047 323 4114 De
340 4050 447 4115 Renes.
462 4051 532 4132 lV,
550 4074 616 4136 cap.
640 4055 712 4130 22.)
736 4051 832 4115 Audis
843 4054 1016 4136 placiturum
1031 4073 1151 4134 quoque

57 4161 98 4220 ita
123 4184 131 4220 ε
157 4172 193 4221 et
212 4157 293 4241 apud
305 4171 428 4240 poetam
445 4157 523 4224 Cato
536 4160 705 4244 proclamat
722 4183 729 4217 ε

246 4323 401 4340 ..........
412 4325 435 4342 ..
449 4287 550 4342 Gaudet
560 4288 685 4341 Patientia
695 4287 764 4342 duris
777 4309 784 4342 ι

244 4378 335 4432 lartius
347 4391 398 4444 est,
411 4380 507 4450 quoties
519 4400 612 4454 niagno
625 4379 672 4433 sibi
689 4391 783 4432 constat
796 4380 946 4433 llonestum.
1001 4413 1004 4422 ι
