2926 4958
232 481 235 486 .
269 421 759 494 ADsTolc.PH1L0s.
787 421 883 492 LIB.
908 424 958 490 ΙΙ.
1093 451 1154 496 xcv

92 581 118 627 ut
126 561 237 629 Seneca
249 561 368 629 Lucilio
382 586 458 628 snos
475 591 494 620 ιι
506 561 610 644 Quum
629 576 659 625 te
678 576 741 628 tam
756 563 867 626 obnixe
880 585 957 649 rogo
969 579 1002 628 ut
1020 569 1157 642 studeass

91 693 177 732 meum
189 668 349 756 negotium
362 691 429 755 ago.
447 699 462 726 o
475 668 591 754 (Epist.
606 673 726 749 xxxv.)
739 669 859 752 Quibus
872 673 1014 736 studens?
1026 671 1160 758 Sapien-

90 779 144 850 tia,
162 801 227 862 qnae
243 799 306 840 nna
326 779 399 840 utile
422 791 452 840 et
475 778 578 839 animo
598 776 792 860 profuturum
812 777 944 840 studium
967 794 1022 842 est.
1044 780 1158 845 lterum

89 885 173 946 idem:
191 913 206 943 ι
226 884 367 968 Tempus
382 882 502 946 nullum
523 898 568 945 est
581 903 690 966 partun
705 883 850 944 idoneum
870 885 968 946 studio
985 885 1119 950 salutari.
1137 913 1154 944 s

90 987 122 1050 Et
130 991 217 1052 alibi:
234 1019 251 1048 α
265 989 498 1073 Philosophiam
509 989 640 1050 studium
658 1009 724 1051 esse
739 989 875 1051 virtutis:
888 989 952 1051 sive
964 1003 998 1052 nt
1015 991 1085 1070 alii,
1099 1007 1159 1056 stu·

88 1098 157 1158 diurn
166 1099 356 1181 corrigeudae
369 1095 490 1158 mentis.
505 1122 521 1151 s
533 1093 653 1180 (Epist.
664 1099 783 1174 nxxttt)
794 1093 836 1157 At
846 1096 898 1178 qui
909 1098 972 1180 jam
982 1101 1154 1183 progressi,
1202 1149 1211 1166 .

87 1219 112 1265 et
122 1205 149 1264 in
161 1218 244 1268 meta
263 1204 353 1287 hujus
367 1203 456 1266 studii
468 1249 478 1280 ,
490 1203 512 1264 ii
523 1205 645 1276 emani,
659 1215 690 1264 et
704 1200 814 1265 Graeco
828 1203 939 1281 verbo,
955 1211 1170 1291 rmndsuphor'

86 1331 131 1372 seu
141 1314 331 1382 missalem.
346 1309 391 1372 lta
408 1307 587 1374 Posidonius
598 1311 678 1394 apud
686 1306 856 1372 Senecam:
872 1337 887 1366 e
901 1309 1006 1374 Unum
1015 1314 1098 1376 diem
1106 1315 1159 1377 ho·

86 1417 189 1479 ninum
212 1419 405 1480 eruditorum
429 1417 498 1501 plus
521 1431 654 1500 patere,
676 1436 769 1496 quam
792 1415 925 1500 imperiti
948 1407 1157 1503 longissimam

85 1537 200 1586 enters.
217 1551 235 1578 ι
258 1521 377 1608 (Epist.
398 1527 549 1603 nxxxtx.)
570 1521 656 1588 Care
680 1525 716 1584 de
732 1523 814 1600 alio,
835 1545 927 1605 mam
942 1524 1086 1610 Sapiente
1101 1551 1157 1591 ca-

84 1629 160 1710 pias:
174 1629 255 1694 siem
276 1629 351 1694 illud
370 1627 525 1714 Epicteti,
556 1631 636 1714 apud
662 1627 831 1691 Attianum
848 1653 855 1690 s
875 1657 891 1686 e
911 1629 1003 1696 Solos
1024 1635 1158 1700 eruditos

84 1733 184 1800 libcros
197 1757 279 1800 esse.
295 1762 310 1792 s
327 1735 410 1818 Quid
424 1735 623 1820 Propertius,
639 1757 733 1818 quum
747 1738 885 1822 scripsit,

260 1867 352 1936 Qualis
363 1880 387 1920 et
398 1867 452 1921 haec
465 1865 533 1920 docti
544 1867 577 1920 sit
588 1867 700 1942 positura
711 1867 762 1920 Dei
776 1885 783 1919 ε

84 2003 170 2045 nonne
180 1983 289 2047 Stoica
298 1984 358 2047 hac
369 1984 473 2068 lingua
483 1984 575 2046 usus?
588 1983 664 2045 mihi
678 1984 796 2045 videtur
810 2007 818 2044 ε
831 2005 928 2068 neque
939 1985 970 2046 in
981 1983 1085 2048 Deum
1096 1987 1156 2052 hoc

83 2089 135 2150 alio
146 2114 235 2154 mum
249 2138 259 2163 ,
277 2112 369 2174 qnam
379 2094 535 2174 Sapientia
546 2135 555 2168 ,
568 2090 738 2153 conveniat.
749 2086 837 2154 Facit
845 2090 927 2154 belle
938 2095 977 2153 ad
990 2093 1063 2172 ista,
1077 2099 1157 2176 quod

86 2221 98 2247 s
115 2193 213 2258 Unum
223 2198 345 2260 bonnm
359 2209 419 2272 est,
436 2195 559 2259 scientia
576 2219 583 2254 ε
599 2217 694 2257 unum
707 2195 822 2258 malum
834 2242 843 2275 ,
856 2197 1008 2282 imperitia
1026 2225 1042 2254 s
1066 2221 1073 2259 ε
1093 2197 1157 2262 So-

84 2303 189 2367 craticis
203 2317 367 2367 asserum.

409 2483 751 2549 DISSERTATIO
770 2485 818 2548 ll.
947 2471 950 2480 ⁴

80 2635 266 2721 Philosophus
279 2639 387 2718 aliquot
398 2633 574 2714 definitiones
589 2639 691 2700 Stoico
697 2664 710 2710 ;
725 2659 783 2698 uno
799 2637 884 2697 etium
895 2637 1028 2699 Platonis
1040 2660 1050 2697 .·
1060 2647 1144 2718 atque
1215 2673 1220 2684 ·

452 2763 493 2802 ea
505 2743 624 2802 breuiter
638 2743 798 2823 explicata.

113 2895 160 2958 Ar
169 2918 229 2982 ego
240 2895 335 2980 igitur
344 2893 452 2957 adhoc
462 2895 604 2971 studium,
614 2896 654 2958 ad
667 2893 745 2960 hanc
756 2895 935 2968 decumam,
948 2895 1011 2977 jam
1021 2894 1134 2978 praeibo
1147 2918 1155 2957 ε

77 3004 401 3087 trepidesatisrnonoe
413 3001 495 3065 enim
506 3001 653 3085 peruiam
665 3001 819 3079 classeam,
834 3014 865 3063 et
875 3001 929 3066 diu
938 3002 996 3064 teri
1008 3002 1154 3066 desitum?

78 3121 106 3168 et
115 3111 281 3194 scriptores
296 3108 435 3192 plerique
453 3128 582 3185 omnes,
597 3107 647 3187 qui
663 3107 876 3180 muniverunt,
892 3109 976 3170 malo
991 3108 1054 3171 lato
1066 3109 1155 3172 obie-

76 3229 158 3276 runt:
172 3237 281 3300 pauoe
300 3215 436 3296 reliquiae
452 3213 545 3291 alibi,
565 3214 640 3276 etin
654 3211 771 3278 Seneca
784 3227 890 3276 nostro
904 3213 1040 3280 scintillat
1062 3231 1152 3292 sunt,

76 3341 136 3400 quse
150 3321 330 3405 praelncent.
349 3317 558 3404 Colligemus,
581 3319 764 3403 jungemus:
782 3332 813 3382 et
831 3317 932 3386 Deum
950 3342 1100 3402 veneror,
1123 3335 1156 3384 ut

76 3433 109 3492 ad
121 3433 319 3500 crunnum
329 3429 445 3494 boumn
457 3429 591 3511 aliquem
607 3428 780 3490 animorum
798 3428 913 3512 ignem.
924 3429 992 3514 Age
1005 3475 1013 3508 ,
1028 3432 1067 3493 ab
1081 3432 1156 3514 ipsis

75 3537 245 3600 actoribus
266 3560 275 3597 e
297 3557 335 3598 ac
354 3537 490 3620 primum
512 3535 584 3616 quid
604 3535 806 3617 Philosophia,
827 3549 857 3596 et
882 3537 1065 3621 quotuplex,
1088 3551 1152 3600 tum

76 3644 219 3726 δαῄιηιία
230 3645 402 3706 videamus.
416 3667 433 3700 s
442 3639 675 3725 'Philosophiam
683 3640 769 3704 luere
779 3685 788 3717 ,
799 3643 844 3704 ait
851 3639 989 3720 Seneca,
1004 3643 1055 3726 qni
1066 3644 1157 3708 aliter

76 3761 156 3832 atque
166 3753 262 3814 aliter
272 3747 536 3825 definirenthlii,
549 3749 681 3810 studium
696 3747 784 3816 illam
793 3748 910 3814 virtutis
920 3769 987 3812 esse
998 3751 1150 3814 dixerunts

77 3855 135 3932 alii,
148 3860 289 3921 studium
300 3856 485 3940 corrigendae
498 3854 609 3916 mentis
620 3874 628 3914 r
644 3875 663 3916 a
677 3855 857 3936 quibusdam
870 3856 948 3919 diota
960 3871 1008 3919 est
1020 3856 1153 3942 Appeti-

77 3963 134 4027 titio
142 3980 235 4028 reone
251 3963 391 4026 rationis.
405 3959 705 4046 sOEpistsxxxtx.)
718 3960 780 4024 Sed
791 3975 821 4023 et
834 3962 908 4024 alibi
919 3963 1007 4026 aliter
1020 3987 1030 4024 ε
1045 3991 1060 4020 ι
1072 3964 1155 4046 Quid

76 4065 289 4156 Philosophia,
302 4070 417 4152 inquit,
431 4069 490 4132 nisi
505 4069 573 4130 vitre
584 4065 648 4132 Lex
659 4069 721 4130 ost?
736 4095 752 4124 u
769 4065 885 4151 (Epist.
896 4085 971 4130 xclv
980 4067 1078 4145 >Sunt
1086 4091 1153 4133 om·-

77 4195 124 4240 ses
135 4200 154 4239 a
164 4175 306 4252 Stoicis,
324 4175 377 4257 qui
390 4175 510 4246 serbis,
527 4195 589 4236 nou
603 4194 655 4250 re,
671 4172 884 4256 variaruntE
902 4173 1065 4238 Plutarcho
1082 4175 1152 4238 lere

78 4281 242 4370 intelliges,
264 4283 318 4364 qui
340 4283 380 4345 ab
394 4282 501 4345 iisdem
518 4279 628 4346 Stoicis
646 4281 765 4344 deliniri
779 4280 873 4344 lacit:
892 4279 1153 4365 «Philosophiam
