2910 4954
339 469 494 538 LIBER
518 469 600 552 111,
630 469 743 536 cst).
771 469 862 537 x11.
1071 465 1131 534 133
1176 533 1181 539 .

54 624 60 643 .
85 593 213 678 dixisse,
238 619 341 688 qnam
366 613 418 662 :u
439 595 618 664 Molestum
644 619 716 664 esse
729 595 854 688 ,quod
878 595 1058 664 nescirent.
1072 596 1135 664 ho-

89 715 237 798 rmines,
265 713 402 806 qnando
428 737 504 782 cum
531 697 626 808 galea
654 691 792 806 prodire
818 712 996 782 deberent.
1019 739 1035 777 r
1058 715 1132 782 Non

84 829 350 920 quemadmodum
373 830 462 898 sacta
479 829 524 897 sit
540 829 667 921 injuria
687 830 814 914 refert,
835 829 897 898 sed
914 828 1134 922 quemadmo-

84 945 151 1015 dum
164 947 242 1016 lata.
258 951 288 1016 N
291 971 331 1016 ec
343 945 443 1016 video
461 969 568 1038 quare
582 945 733 1015 difficilis
749 949 793 1015 sit
805 945 1013 1032 moderatio,
1029 973 1135 1040 quum
1220 989 1224 1003 .

84 1061 170 1128 sciam
185 1076 405 1154 tyrannorum
425 1083 563 1154 quoqne
580 1058 709 1128 tumida
722 1077 757 1130 et
770 1064 904 1132 fortuna
918 1078 954 1131 et
976 1069 983 1154 ¹,
998 1064 1136 1132 licentia

83 1179 229 1272 ingenia,
255 1177 455 1247 familiarem
479 1177 552 1246 sibi·
564 1179 725 1246 saevitiam
745 1183 959 1274 repressisse.
983 1182 1176 1250 Pisistra-³

84 1311 143 1363 tum
156 1302 168 1331 ²
183 1312 300 1374 certe,
321 1295 581 1364 Atheniensium
600 1309 781 1395 tyrannum
797 1344 807 1378 ,
832 1297 1002 1364 memoriae
1018 1294 1136 1389 prodi-

83 1427 149 1495 tur,
170 1437 277 1506 quum
301 1412 409 1480 mults
436 1413 474 1480 in
496 1409 732 1480 crudelitatem
756 1410 831 1504 ejus
854 1410 972 1480 ebrius
995 1413 1136 1482 conviva

82 1529 227 1612 dixisset,
250 1553 315 1598 neo
332 1527 490 1597 deessent
507 1527 567 1618 qui
585 1525 712 1594 vellent
729 1515 848 1595 manus
861 1529 893 1596 ei
907 1527 1132 1610 commodare,

83 1645 203 1714 stulius
217 1644 322 1726 hinc,
339 1641 427 1710 alius
441 1639 537 1708 illinc
551 1640 640 1708 laces
653 1638 860 1724 subderent,
877 1641 1013 1734 placido
1024 1645 1137 1712 animo

83 1761 207 1844 tulisse,
233 1775 270 1829 et
295 1760 361 1828 hoc
384 1757 599 1826 irritantibus
624 1755 839 1850 respondisse
864 1784 872 1824 ε
901 1785 917 1822 u
931 1762 1007 1828 Non
1029 1761 1137 1854 magis

86 1901 99 1936 s
116 1875 161 1943 illi
176 1899 211 1944 se
229 1897 455 1956 succensere,
475 1897 577 1964 quam
597 1873 626 1940 si
644 1873 722 1964 quis
742 1872 902 1968 obligatis
920 1875 1027 1943 oculis
1045 1877 1083 1943 in
1101 1901 1137 1944 se

86 2020 98 2054 »ι
117 1994 322 2062 incurrisset.
348 2019 364 2055 s
390 1994 516 2084 Magna
538 2013 618 2084 pars
642 1989 799 2081 querelas
819 2015 921 2060 manu
943 1986 1059 2076 fecit³,
1079 2008 1138 2060 aut

82 2109 152 2178 falsa
167 2105 371 2204 suspicando
384 2158 393 2190 ‚
412 2122 472 2176 aut
485 2107 572 2176 levia
585 2107 814 2202 aggravando.

122 2227 196 2296 llll.
213 2229 311 2320 Saepe
324 2222 369 2292 ad
381 2247 443 2292 nos
459 2224 510 2292 ira
527 2224 643 2305 venit,
659 2225 783 2318 saepius
795 2245 857 2294 nos
870 2224 916 2294 ad
928 2227 1018 2296 illam
1032 2267 1048 2310 ,v
1061 2253 1137 2320 quae

81 2368 243 2437 nunquam
254 2341 456 2412 arcessenda
466 2357 518 2410 est
533 2367 541 2408 ι
557 2341 659 2410 etiam
672 2365 777 2436 quum
789 2343 931 2427 incidit,
947 2347 1134 2439 rejiciatur.

81 2460 175 2528 Nemo
188 2459 273 2530 dicit
290 2451 380 2527 sibi⁴
398 2485 405 2525 :
424 2459 518 2539 Hoc,
534 2472 676 2551 propter
692 2457 787 2550 quod
801 2461 948 2542 irascor,
970 2477 1030 2530 aut
1047 2461 1133 2544 ieci,

80 2587 132 2638 aut
153 2573 271 2642 iecisse
291 2567 408 2667 potui!
431 2574 538 2639 Nemo
554 2571 704 2640 animum
728 2571 883 2648 facientis
895 2567 922 2655 ⁵,
946 2573 1007 2642 sed
1025 2576 1137 2668 ipsum

80 2690 209 2760 estimat
230 2690 355 2758 famum
375 2715 382 2756 ι
402 2687 498 2779 atqui
517 2686 576 2756 ille
592 2685 777 2786 intpendus
794 2703 868 2774 est3
887 2687 1033 2757 voluerit
1044 2684 1071 2773 ⁶,
1092 2715 1137 2760 an

82 2803 254 2892 inciderit,
276 2819 411 2873 coactus
424 2804 488 2884 sit,
508 2826 552 2870 an
568 2801 754 2898 deceptus,
776 2801 891 2872 odium
915 2819 1050 2874 secutus
1075 2807 1132 2890 sit,

80 3023 578 3101 qusetmsgisdignsvidsnturmsrrsvit.
628 3022 731 3077 latiores:
744 3021 905 3078 Pisistratus
907 3061 989 3077 ..........
1005 3027 1137 3078 massoria

111 3120 130 3154 s.
147 3097 274 3158 Bantia.
292 3103 349 3156 lice
369 3115 421 3166 est,
441 3113 578 3177 potestate,
624 3107 752 3171 proditur.
766 3104 857 3158 Graeco
874 3123 946 3157 mors
967 3101 1018 3157 lsoe
1039 3103 1136 3156 dictum

80 3179 141 3246 quod
154 3181 203 3252 iusi
213 3181 360 3257 opponitur.
371 3181 492 3254 Tyrsnuo
504 3181 582 3234 liceat
627 3195 715 3256 putes,
729 3182 762 3236 ds
774 3182 907 3254 quomulti
916 3193 976 3236 sunt
986 3183 1095 3256 Ister-pp.
1103 3180 1136 3234 sd

82 3260 176 3326 omnis,
204 3262 376 3334 quorumdam
403 3261 578 3314 tantumnodo
629 3259 707 3313 Corn.
718 3260 781 3333 Nep.
795 3259 904 3312 Fsussn.
913 3261 946 3312 V.
1034 3283 1037 3289 ·

80 3340 116 3396 lu
130 3351 173 3394 est.
183 3339 256 3394 Hine
268 3341 355 3405 Nero,
367 3339 400 3392 ds
413 3338 578 3412 imperatorie
662 3338 684 3390 3.
705 3337 793 3390 Manu
803 3339 878 3410 serit.
888 3347 890 3350 '
899 3337 953 3392 Sus
974 3348 1063 3410 sponte
1078 3335 1136 3390 'sibi

82 3417 196 3484 potestatis
202 3415 306 3470 infinita
313 3415 504 3487 magnitudine,
516 3427 580 3488 post·
628 3435 772 3488 compar-ste
785 3415 856 3470 solet.

82 3509 147 3558 susm
168 3495 244 3548 Urbis
263 3505 287 3545 st
306 3492 384 3548 lulius
400 3492 579 3546 illustrissimos
660 3492 719 3546 ΧΗ.
740 3493 812 3548 And.
825 3495 895 3546 Tim
908 3493 997 3546 dilatio
1014 3505 1039 3546 et
1052 3494 1137 3564 quieta

82 3565 139 3621 viras
154 3571 317 3638 trucidasset,
335 3569 458 3635 burnus
480 3571 577 3635 siebat,
628 3571 709 3625 animi
720 3571 836 3624 iscisutis
847 3570 979 3626 estimatio
991 3569 1043 3624 list.

82 3646 177 3702 nescisse
186 3649 578 3724 principesquidimpsrstoriin
658 3649 685 3714 ,4,
695 3648 781 3702 Nemo
798 3649 1042 3717 arctissimum
1061 3651 1138 3704 iratus

81 3739 132 3776 ssss
143 3726 236 3782 liceret.
629 3741 767 3792 sst‚nsmo
775 3740 889 3801 reputat,
902 3728 1023 3800 seipsum
1031 3727 1086 3782 hee
1095 3742 1139 3782 sut
1253 3728 1257 3740 “

110 3821 130 3852 s.
146 3803 337 3870 Pisistmm,
354 3807 456 3861 &lonis
466 3825 579 3862 suevum
629 3807 734 3872 fecisse,
745 3819 789 3859 sut
804 3807 886 3858 ssesrs
902 3805 1011 3880 potuisse
1016 3845 1025 3869 ,
1039 3821 1140 3882 propter

81 3877 222 3948 tlslfinm,
236 3882 269 3936 ds
277 3904 328 3954 quo
338 3885 389 3956 ism
399 3904 474 3958 snpra
482 3885 580 3939 monui·
630 3905 686 3956 quas
697 3904 766 3938 nunc
777 3883 834 3936 sliis
845 3884 967 3938 irascitur.

83 3961 238 4040 pustula.
256 3962 578 4036 Muim.1ib.v‚eap.2‚
663 3966 678 4016 5
708 3963 838 4015 Assimum
848 3962 983 4034 facientis.
1005 3964 1063 4018 Hoc
1083 3979 1137 4029 est,

82 4029 141 4086 idem
151 4055 256 4094 mmm
268 4079 276 4106 ,
290 4040 401 4094 amicum
412 4039 579 4114 Thrasippum
630 4041 699 4112 quod
713 4040 763 4094 sibi
774 4039 865 4093 auimo
878 4040 899 4094 is
910 4042 1083 4115 proposuerit,
1094 4043 1138 4114 qui

83 4113 195 4180 wninst,
207 4117 255 4188 qui
264 4138 323 4172 sum
333 4119 388 4172 sine
400 4116 452 4182 fine
463 4117 579 4172 convicio
629 4120 750 4191 injuriam
762 4119 829 4172 serit.

83 4185 200 4248 brumes
230 4197 295 4250 intra
321 4217 428 4252 mnam.
454 4197 578 4252 Craterum
661 4201 684 4250 ti.
708 4200 834 4252 Vulneris.
856 4201 898 4252 An
918 4200 1042 4263 consilio,
1065 4221 1097 4253 sn
1113 4220 1139 4252 se

82 4286 127 4323 sse
147 4273 248 4334 dtlssrct
259 4299 287 4332 ss
301 4278 395 4351 regulis
410 4278 580 4350 grammaticis
631 4279 711 4331 inscio
722 4277 843 4348 iujuriam
855 4279 949 4332 lecerit.
