2894 4954
371 471 535 542 menn
557 473 611 562 11,
637 475 748 544 cnr.
774 472 825 542 11.
1068 473 1132 542 253

69 609 161 679 lunt'¹
181 609 189 678 !
206 612 391 689 Ovocem,
413 605 449 672 in
464 606 661 674 concionem
679 605 830 675 omnium
848 599 1040 672 mortalium
1057 605 1135 672 mit·
1159 606 1176 660 ³

69 727 198 799 tendam
213 735 241 812 ²,
257 731 293 797 in
307 725 404 818 cujus
419 720 525 792 verba
542 724 719 818 Principes
737 745 905 818 regesque
928 713 940 756 ⁵
952 717 1129 814 jurarent!

68 844 222 914 Ovocem
237 841 375 938 publica
390 837 526 932 generis
539 836 680 908 humani
694 837 890 906 innocentie
902 832 1060 930 dignam,
1078 837 1135 905 cui

68 957 266 1028 redderetur
277 957 456 1048 antiquum
472 951 559 1020 illud
573 947 761 1023 seculumll
781 956 813 1022 N
814 976 881 1021 unc
891 951 1045 1045 profecto
1059 975 1137 1020 con·

67 1074 189 1142 sentire
202 1063 367 1142 decebat⁵
379 1065 424 1136 ad
437 1089 572 1158 aequum
581 1066 791 1161 bonumque,
805 1065 945 1160 expulsa
958 1065 1061 1133 alieni
1075 1089 1136 1133 cu-

67 1184 193 1278 pidine,
203 1210 244 1255 ex
254 1209 323 1278 que
332 1204 430 1251 omne
440 1180 545 1248 animi
555 1180 680 1250 melum
688 1181 799 1249 oritur
810 1207 818 1247 :
829 1180 989 1275 pietatem
996 1179 1137 1273 integri·

68 1314 234 1394 talemque
241 1323 318 1367 cum
330 1294 398 1364 lide
408 1317 449 1362 ec
456 1289 621 1362 modestia
628 1317 823 1388 resurgere,
835 1295 959 1364 etvitie
969 1290 1134 1360 diuturno

65 1415 168 1484 abusa
187 1438 295 1508 regno
312 1409 449 1480 tandem
468 1407 558 1477 felici
577 1432 618 1478 ec
635 1432 722 1503 puro
736 1408 859 1477 saeculo
878 1405 961 1476 dure
974 1401 1132 1476 ⁶locum.

110 1535 155 1602 Π.
178 1533 347 1600 Futurum
365 1527 448 1608 hoc,
463 1527 605 1608 cerm,
627 1550 667 1594 ex
688 1550 812 1620 magne
827 1540 925 1620 parte
943 1549 1082 1620 sperare
1101 1539 1137 1594 et
1164 1561 1175 1594 t

65 1647 220 1716 confiteri
237 1649 247 1694 ²
262 1643 348 1712 libet
367 1668 374 1708 :
392 1637 546 1708 tradetur
558 1639 736 1708 ietaanimi
749 1640 798 1708 tui
814 1638 1038 1710 mansuetudo
1052 1691 1061 1726 ,
1075 1638 1138 1710 dil-

64 1837 162 1910 regibns
174 1835 227 1890 enie
237 1845 342 1908 parent,
353 1829 458 1886 redeole
470 1827 575 1884 ceram
624 1831 718 1884 lectum
724 1829 766 1883 hic
776 1830 912 1902 requiritur
919 1843 1019 1905 propter
1029 1853 1137 1905 eeqnene

63 1915 203 1970 clementie.
626 1911 788 1964 redderetur:
795 1922 819 1962 ct
829 1910 865 1962 sic
876 1910 970 1962 Noster
981 1911 1052 1984 loqui
1062 1925 1138 1966 emet.

97 2010 117 2046 ι,
132 1992 253 2065 Quaeque
263 2011 291 2045 ee
302 1998 392 2045 eontra
411 1987 513 2042 viribus
529 1995 578 2039 out
657 1985 682 2052 4.
693 1987 842 2057 Antiquam
859 1990 928 2042 illud
944 1987 1076 2044 stenelum.
1095 1995 1137 2048 De

64 2064 577 2127 wimtsatntlunrnnnuittuml’anho-
625 2085 702 2118 enreo
728 2065 823 2120 seculo
843 2066 887 2140 egi
903 2066 998 2138 liquet,
1017 2070 1087 2141 qnod
1102 2085 1139 2126 eet

64 2171 119 2203 rum
127 2171 248 2224 regnum,
259 2162 313 2202 tum
324 2147 448 2222 precipue
460 2145 577 2198 barbarae
626 2143 830 2216 entiquiesirnurn
842 2146 958 2200 omnium
970 2160 1013 2201 eet.
1021 2148 1099 2203 Orid.
1109 2149 1138 2202 in

65 2229 211 2284 Germanice
222 2243 319 2300 genter,
328 2227 360 2280 de
372 2225 463 2298 quibus
471 2224 508 2277 ric
520 2223 578 2276 'l'e-
626 2222 760 2274 Metamor.
772 2223 817 2278 lib.
826 2224 853 2289 l,
872 2224 906 2296 89
916 2242 924 2278 :
934 2247 949 2274 e
958 2225 1042 2279 Aurea
1057 2226 1139 2302 prime

65 2307 121 2374 eit..
133 2307 257 2362 Germen.
269 2328 322 2382 rep.
334 2307 364 2372 37
373 2323 379 2358 :
389 2327 402 2352 e
415 2303 578 2356 Sexcenteei-
626 2313 678 2354 eete
690 2314 727 2353 eet
737 2312 809 2364 ens,
825 2313 871 2354 etc.
880 2321 894 2348 ιι

65 2405 133 2438 mum
140 2399 165 2440 et
170 2383 396 2459 quadragesimum
406 2399 503 2434 annum
509 2380 579 2442 ,Urbe
662 2381 685 2431 5.
696 2379 844 2432 Consentire
853 2380 965 2433 deubat.
977 2379 1027 2434 Pro
1034 2383 1139 2446 jamdu-

66 2477 147 2516 noetre
156 2463 265 2538 egebet,
284 2459 484 2533 quamprimum
504 2458 580 2512 Cirn-
628 2457 693 2508 dum
703 2457 868 2509 decetomnee
879 2454 997 2510 homines
1005 2459 1140 2514 unenimee

64 2539 167 2594 brorum
187 2540 273 2594 audite
291 2551 350 2592 eunt
367 2557 455 2606 erma,
475 2537 580 2590 Caecilio
629 2537 818 2608 concordesque
829 2557 890 2590 eree.

66 2619 169 2672 lletello
181 2639 212 2671 ac
224 2617 327 2690 Papirio
341 2614 460 2669 Carbone
471 2615 580 2668 romuli·
662 2614 687 2667 ὃ.
700 2614 896 2685 Nrencpmsecto
897 2651 956 2668 .......
968 2617 1141 2671 donincum.
1218 2677 1231 2698 ἃ

64 2694 116 2749 bne.
125 2699 163 2750 Ex
172 2717 227 2770 qno
234 2697 255 2748 si
264 2697 294 2748 ed
306 2696 412 2749 alterurn
421 2693 579 2768 imperatorie
628 2693 703 2746 Nunc
715 2694 840 2768 optimum
850 2707 913 2748 creet
923 2708 1038 2768 tempus,
1050 2695 1078 2748 in
1089 2715 1141 2768 quo

64 2773 168 2844 Traiani
200 2774 368 2850 consulerunt¹
383 2785 578 2845 computemur,
629 2790 710 2841 genus
722 2769 864 2827 humennm
877 2773 1031 2845 conspiraret
1043 2773 1075 2826 ed
1087 2774 1143 2826 vin-

64 2851 165 2906 ducenti
186 2853 267 2905 ferme
286 2871 315 2904 ec
333 2851 421 2904 decem
432 2849 494 2902 enni
510 2848 581 2901 colli·
629 2861 708 2902 tutem
718 2850 921 2903 etinnocentiem
934 2851 1082 2916 colendam,
1096 2865 1143 2906 ete.

63 2943 157 3003 guntur
171 2949 177 2982 :
194 2928 291 2982 untia
305 2927 445 2982 Germanic
455 2927 579 2980 vincitur!
663 2927 699 2982 ll.
710 2920 780 2982 dne.
790 2927 915 2980 Eemdem
926 2928 1144 3002 materiemperee·

65 3007 152 3060 lledio
172 3020 228 3059 tem
245 3006 317 3080 longi
334 3005 486 3080 teviepetio‚
502 3005 582 3058 multa
630 3003 876 3078 quitur;speretque
896 3009 950 3059 sore
965 3007 1034 3060 utin
1051 3007 1143 3061 eirnili·
1184 3041 1193 3048 -

65 3085 178 3140 invicem
200 3085 377 3138 demnatnon
395 3083 514 3149 Samnio,
528 3102 582 3137 non
630 3081 744 3134 tudinem
766 3084 877 3136 Neronis
895 3085 1020 3139 mausueti
1039 3099 1063 3139 et
1081 3084 1145 3140 boni

65 3163 155 3227 Poeni,
178 3183 235 3217 non
254 3163 385 3238 lliepenioe
398 3162 581 3225 Gellioere,ne
631 3160 1145 3234 omneeimperiigenteerclormentnr,et

66 3242 152 3298 Parthi
169 3241 279 3316 quidem
297 3241 387 3313 erepiue
405 3238 581 3304 admonuere3
630 3238 691 3290 recti
702 3257 785 3291 morer
801 3253 966 3294 revertentur.
978 3243 1073 3296 Tnme
1092 3264 1144 3298 me·

65 3321 158 3396 quippe
176 3339 260 3393 regno
272 3319 371 3372 Arsacis
382 3318 464 3372 ecrior
474 3330 511 3372 eet
521 3319 582 3371 Ger·
631 3318 693 3370 teria
702 3317 844 3391 paullulum
855 3318 974 3372 recedens
984 3357 991 3385 ,
1003 3320 1145 3376 consideret
1261 3381 1264 3386 y

66 3417 205 3452 manorum
216 3396 350 3452 libertae.»
631 3415 708 3468 quem
727 3397 871 3467 frequenter
881 3397 1040 3450 vehementia
1053 3410 1076 3451 et
1093 3399 1144 3452 elte

97 3499 121 3531 n.
131 3479 172 3531 In
181 3479 327 3531 concionem
337 3477 454 3527 omnium
463 3511 503 3527 .....
511 3479 583 3540 ium·
631 3476 797 3544 ἀποφθέγματα
809 3494 823 3526 a
835 3475 895 3528 virie
906 3475 989 3548 pravis
1001 3477 1140 3542 centraria,

66 3565 128 3608 rent.
138 3553 170 3609 Si
187 3571 262 3627 reges
279 3571 387 3626 regnum
403 3569 477 3604 enum
493 3552 583 3626 euepi-
630 3572 708 3624 quem
721 3573 778 3605 raro
790 3572 804 3604 e
816 3551 889 3605 bonit
900 3552 1126 3626 pronuntieteeint.

65 3647 178 3701 centur,
203 3632 313 3703 ideoque
333 3629 365 3682 de
386 3629 492 3704 imperio
508 3647 583 3702 qute-
670 3651 691 3701 7.
704 3629 828 3700 Confiteri
836 3669 843 3695 ‚
857 3643 923 3683 recte
935 3630 1050 3684 Gronov.
1060 3643 1144 3685 tnetnr

65 3733 177 3785 eumque
190 3711 261 3765 bone
273 3709 428 3784 promittent.
634 3720 722 3761 contre
735 3707 802 3780 Lipe.
817 3709 943 3778 corfidere
962 3710 1144 3780 preferentem.

96 3792 122 3846 3.
132 3791 275 3844 Jurarent.
287 3789 393 3840 Secutne
408 3805 465 3839 eum
476 3785 586 3850 Grono-
634 3786 806 3856 Praeterqnem
819 3785 888 3838 enim
898 3786 968 3856 quod
978 3799 1083 3859 recepte
1091 3787 1144 3842 lec-

64 3871 137 3923 rium
148 3869 179 3922 in
189 3887 221 3919 eo
232 3864 468 3919 temendietolreud
478 3865 585 3918 audiens
634 3864 711 3917 tinnis
729 3864 811 3933 major
833 3877 870 3917 eet
888 3866 1022 3919 auctoritas
1033 3865 1108 3921 codd.
1120 3882 1146 3922 et

65 3947 371 4021 ei‚qnodepregrsque
384 3945 468 3998 deleto
482 3949 586 3998 utinam
635 3943 697 3994 Mes.
708 3941 853 4013 exquisitius
866 3956 902 3996 est
912 3945 1079 4014 confiteri,id
1090 3961 1143 4013 eet,
1178 3993 1181 4000 ,

64 4021 142 4082 een'bi
154 4025 251 4079 maluit
261 4042 267 4078 :
274 4027 404 4094 principes
423 4027 528 4077 utinam
537 4030 586 4087 iu·
635 4020 666 4073 de
678 4039 770 4092 magne
783 4040 809 4072 re
820 4057 827 4084 ,
839 4040 886 4075 nee
906 4036 998 4076 temere
1017 4023 1145 4092 dicende,

65 4116 165 4160 rorent.
178 4106 266 4160 Antea
278 4105 379 4170 :jurent
389 4121 396 4157 t
407 4121 426 4154 e.
438 4122 477 4174 ep.
488 4103 586 4156 Erum.
636 4110 691 4170 poet
700 4099 812 4169 aliquem
824 4098 1006 4155 dubitationem
1018 4116 1061 4156 eut
1074 4105 1145 4158 disei-

63 4191 250 4248 jummentum
264 4181 374 4253 jaciant
392 4178 482 4251 (qnod
500 4191 586 4232 tamen
636 4176 812 4248 mulationem,
820 4179 929 4251 ideoque
938 4181 1146 4237 deliberationem

66 4261 165 4334 puriter
186 4259 265 4312 latine
289 4275 342 4312 non
355 4255 472 4324 dicitur).
486 4257 587 4330 imper·
638 4275 769 4330 exponere.
