2930 4956
270 461 335 530 AD
359 461 532 533 STOIC.
558 461 761 533 PHILOS.
791 463 887 530 LlB.
913 465 941 529 I.
1069 465 1140 531 lxix

104 614 175 662 tutem
188 603 292 665 rivere.
310 631 325 658 a
341 603 414 667 Non
427 603 490 668 haec
504 604 584 683 alta,
601 617 631 667 et
643 604 712 688 puri
733 603 913 686 adtereique
935 605 1029 666 animi
1051 617 1081 666 et
1092 606 1143 687 ju-

105 707 156 770 dicii
172 709 267 773 dicas?
290 709 353 773 Sed
376 731 470 774 nemo
492 711 602 774 melius
624 712 782 793 veriusque
807 711 975 796 le'gitimnm
994 709 1143 798 Cynicum

106 815 188 896 (bitot
197 818 316 901 insuper
329 818 491 897 habentne)
506 819 716 902 descripserit,
729 840 820 901 quarn
837 839 964 904 magnus
980 819 1032 881 ille
1046 817 1144 904 Epic-

104 934 180 998 ltltt,
197 922 461 988 inDissertatione
485 924 555 988 huie
575 925 622 988 rei
643 925 783 1009 propria,
800 946 892 1007 quam
910 933 968 1010 περὶ
993 939 1143 1008 linamenti,

104 1028 209 1089 &tecto
227 1031 358 1114 Cynico,
374 1032 551 1115 indigitavit·
574 1029 666 1113 (Lib.
677 1030 741 1108 lll,
757 1029 886 1094 Dissert.
900 1036 997 1111 xxti.)
1011 1030 1046 1094 ln
1063 1045 1146 1094 com·

102 1135 207 1216 prndio,
229 1151 259 1199 et
278 1139 386 1200 ordine
406 1137 508 1220 aliquo
533 1138 634 1214 dabo,
656 1159 721 1220 qne
741 1136 811 1213 ille,
837 1135 940 1200 Stoico
961 1159 1016 1200 suo
1034 1151 1144 1213 more,

103 1240 178 1303 calide
190 1255 238 1304 ant
250 1243 374 1308 confuse
391 1267 399 1304 ε
419 1271 435 1299 α
451 1242 602 1330 Cynicus,
619 1245 732 1326 inquit,
756 1243 931 1327 explorator
943 1245 1065 1326 qudam
1080 1259 1143 1320 eat,

104 1359 127 1405 ct
143 1348 213 1410 velut
231 1349 347 1433 legatur
370 1371 388 1412 a
414 1348 496 1412 Jove
514 1352 553 1412 ad
573 1351 711 1413 visendas
733 1372 784 1413 ree
805 1350 962 1412 humanas.
990 1349 1148 1435 Diogenes

103 1453 142 1514 ille
152 1499 160 1529 ‚
172 1455 243 1517 inter
256 1455 356 1540 capita
369 1458 434 1540 ejus
447 1469 551 1532 aectae,
565 1470 638 1540 post
648 1455 882 1520 Chaeronensem
897 1458 1014 1520 cladem
1025 1459 1064 1519 ad
1076 1456 1151 1518 Pti-

103 1557 196 1641 lippmr
207 1583 312 1644 regem
329 1564 490 1645 perductus
505 1561 579 1640 suit,
595 1575 629 1624 ut
648 1563 827 1646 speculator.
843 1561 951 1624 Statim
969 1562 1144 1640 summost,

104 1677 146 1742 et,
160 1663 244 1746 Sum,
260 1667 422 1744 hercules,
450 1668 562 1750 inquit,
587 1671 641 1732 aed
660 1682 717 1730 tunt
737 1667 931 1740 ambitionis,
956 1669 1095 1744 sevitie,
1117 1681 1148 1730 et
1261 1715 1263 1724 ,

103 1769 178 1834 lune
189 1771 291 1856 ltaque
312 1787 418 1837 monet
437 1789 467 1837 et
481 1775 626 1838 inclamat
646 1775 742 1838 libere
755 1796 843 1857 „qne
864 1774 965 1851 bona,
987 1795 1052 1856 qma
1064 1773 1149 1836 mala

104 1860 149 1938 sint
169 1883 371 1954 demonstrat,
395 1883 584 1965 appetenda.
607 1880 766 1965 fugienda3
785 1893 815 1942 et
833 1880 912 1942 elata
930 1902 1044 1957 manu,
1066 1880 1149 1943 velut

104 1986 195 2068 tragica
215 2009 304 2052 scena
323 2008 505 2064 conscensa,
526 1987 665 2050 homines
686 1988 882 2052 miseriarum
902 2007 1040 2062 euanmm
1061 1999 1091 2048 et
1104 1987 1149 2048 vi-

66 2111 67 2118 *
104 2091 195 2154 tiortnn
212 2097 375 2172 admonet,
398 2094 439 2156 ab
461 2094 556 2176 iisqne
574 2095 612 2155 ad
632 2093 769 2156 meliora.
782 2093 990 2175 (quantumin
1003 2093 1070 2175 ipso
1083 2093 1150 2172 est)

105 2199 250 2281 conpellit,
266 2199 356 2264 Idem
369 2213 415 2262 eet
433 2200 571 2284 publicus
586 2202 692 2263 doctor
708 2213 741 2263 et
751 2204 931 2286 poedagogus
948 2201 1069 2285 generis
1089 2199 1150 2261 hn-

105 2307 181 2382 mani,
194 2308 315 2370 instruit
329 2306 418 2370 aimnl
432 2329 469 2370 ac
482 2305 815 2391 castiga-(Liuttt,
831 2307 1058 2385 Dicaert..vttt.)
1068 2307 1154 2369 Idem

103 2411 217 2476 ntdstue
232 2428 262 2476 et
277 2413 364 2477 velut
381 2411 578 2498 menapios
593 2415 715 2495 qnidam
732 2438 740 2474 r
755 2415 809 2496 qui
831 2415 932 2477 atatim
945 2417 1154 2478 demonstrare

102 2519 197 2598 pouit,
214 2533 244 2583 et
255 2521 328 2583 illoe
342 2520 368 2583 si
382 2520 536 2583 curatione
550 2541 604 2582 sua
615 2523 940 2598 utanttnsanoalore,
956 2535 987 2584 et
1001 2543 1086 2583 suam
1100 2541 1153 2583 va-

103 2621 246 2688 letudinem
268 2627 303 2688 in
325 2640 535 2712 argumentum
548 2626 706 2711 prolerre..
719 2624 888 2690 Conuenite
903 2648 1026 2703 omnes,
1040 2627 1151 2707 inquit,

103 2732 144 2809 qui
157 2735 332 2816 etpedibus,
353 2755 373 2796 e
389 2734 505 2817 capite,
523 2734 575 2815 qui
595 2733 674 2796 fetri
698 2733 862 2811 laboratis,
884 2733 1041 2796 convenite
1058 2734 1127 2796 caeci
1140 2779 1155 2809 ,A

103 2853 243 2912 amentem.
261 2861 299 2904 ac
326 2839 424 2902 videte
446 2861 496 2901 me
511 2839 551 2902 ab
572 2841 656 2901 omni
681 2840 764 2901 malo
790 2853 945 2923 expertem
967 2852 997 2902 et
1023 2840 1149 2901 ealcum.

103 2937 227 3025 Denique
234 2945 377 3009 dominus
390 2959 421 3008 et
430 2965 482 3008 rex
492 2957 665 3029 esteceptro
678 2959 709 3008 et
721 2945 915 3007 diadematea
926 2943 997 3008 Deo
1009 2959 1131 3018 ornatus
1145 2971 1153 3005 :

103 3051 145 3130 qui
161 3052 232 3116 tales
252 3051 357 3116 lacere
380 3051 546 3136 pollicetur
562 3051 619 3114 eibi
642 3051 806 3114 audientes.
822 3049 866 3112 Ut
889 3051 1004 3127 acinus,
1026 3074 1046 3113 o
1066 3074 1155 3114 mor-

104 3155 184 3235 oles,
201 3179 254 3223 voa
267 3159 446 3223 felicitatem
460 3172 490 3221 et
503 3157 769 3240 tranquillitatem,
780 3158 906 3219 ubinon
917 3171 979 3232 est,
994 3181 1127 3240 quaerere
1144 3184 1151 3218 ι

103 3286 162 3326 ecce
174 3288 228 3351 ego
242 3265 451 3350 exemplmna
464 3263 536 3327 Deo
550 3265 637 3327 vohis
652 3286 722 3327 stnn
734 3265 852 3326 miron
867 3263 939 3326 Non
952 3285 1020 3325 rem
1034 3265 1152 3342 habeo,

100 3389 190 3453 agros,
207 3375 348 3444 dommm
363 3391 425 3434 non
439 3390 587 3458 uxorem,
603 3369 732 3444 liberos,
747 3369 913 3442 familiam
929 3370 992 3431 imo
1005 3391 1061 3432 nec
1075 3384 1153 3432 stra-

102 3476 206 3556 gnlmn,
224 3491 276 3541 ant
288 3477 440 3553 tunicam,
457 3489 510 3538 aut
526 3475 608 3537 aliud
622 3495 735 3537 rasum.
749 3473 868 3536 Videtis
883 3487 986 3536 tamen
999 3495 1090 3556 quam
1101 3496 1154 3538 aa·

102 3601 148 3644 noe
157 3583 333 3648 similacite
344 3583 404 3644 mei
413 3581 591 3665 pericnlum.
605 3579 691 3643 Niltil
699 3581 815 3658 habco,
827 3579 902 3641 nihil
913 3601 1005 3663 egeo,
1017 3602 1055 3644 ne
1066 3584 1154 3667 cupio
1218 3643 1224 3656 Ι

102 3689 209 3767 quidem
225 3713 234 3748 z
249 3709 319 3751 non
330 3687 503 3765 hominem,
520 3707 582 3750 non
595 3687 711 3763 locum,
727 3707 788 3748 non
801 3686 1101 3764 oblectatiunculam,
1114 3690 1157 3750 si·

103 3798 231 3878 tutpueri
240 3796 413 3858 vindemia
421 3795 545 3860 ffieeant
555 3792 835 3872 leriam-(lterum
844 3813 861 3852 e
871 3790 917 3853 lll
931 3791 1058 3856 Dissert
1068 3795 1158 3875 xxti.)

105 3897 206 3983 Faqnid
217 3903 296 3964 miti
311 3901 412 3964 deest?
422 3919 525 3962 nonne
534 3901 599 3962 eine
608 3912 691 3962 metu
703 3921 770 3960 eum
780 3900 793 3961 ἓ
803 3919 903 3960 nonne
916 3899 1015 3962 liber?
1028 3897 1157 3980 Quando

105 4007 247 4089 quaquun
260 4027 315 4070 me
333 4007 365 4068 in
379 4007 516 4068 vovendo
530 4005 704 4068 stornatum
718 4004 813 4066 vidit?
831 4005 950 4084 quaudo
971 4006 1001 4065 in
1017 4005 1156 4067 vitando?

106 4107 223 4190 Quando
236 4116 331 4178 deum
341 4111 394 4190 ¹vel
405 4110 562 4174 hominem
574 4109 710 4191 aliquem.
719 4109 869 4172 incusavi?
882 4109 1044 4189 Quomodo
1059 4124 1159 4174 antem

107 4215 234 4285 alroeret
250 4231 372 4282 erectos
384 4217 509 4284 inoedol
523 4217 675 4297 quomodo
691 4233 744 4278 eos
756 4227 852 4278 tracto
863 4224 892 4276 et
902 4215 1047 4278 convenio
1062 4259 1070 4292 ‚
1083 4235 1159 4297 quos
