<?xml version="1.0" encoding="UTF-8"?>
<!DOCTYPE html PUBLIC "-//W3C//DTD XHTML 1.0 Transitional//EN"
    "http://www.w3.org/TR/xhtml1/DTD/xhtml1-transitional.dtd">
<html xmlns="http://www.w3.org/1999/xhtml" xml:lang="en" lang="en">
 <head>
  <title>
</title>
<meta http-equiv="Content-Type" content="text/html;charset=utf-8" />
  <meta name='ocr-system' content='tesseract 3.04.00' />
  <meta name='ocr-capabilities' content='ocr_page ocr_carea ocr_par ocr_line ocrx_word'/>
</head>
<body>
  <div class='ocr_page' id='page_1' title='image "./lannsenecparspr01bouigoog_0589.png"; bbox 0 0 2894 4954; ppageno 0'>
   <div class='ocr_carea' id='block_1_1' title="bbox 312 485 1223 578">
    <p class='ocr_par' dir='ltr' id='par_1_1' title="bbox 312 485 1223 578">
     <span class='ocr_line' id='line_1_1' title="bbox 312 485 1223 578; baseline 0.003 -20"><span class='ocrx_word' id='word_1_1' title='bbox 312 489 377 576; x_wconf 76' lang='lat'><strong>340</strong></span> <span class='ocrx_word' id='word_1_2' title='bbox 460 485 529 554; x_wconf 81' lang='lat' dir='ltr'><strong>ou</strong></span> <span class='ocrx_word' id='word_1_3' title='bbox 552 485 1039 578; x_wconf 74' lang='lat' dir='ltr'><strong>Tainoummreru</strong></span> <span class='ocrx_word' id='word_1_4' title='bbox 1061 491 1223 562; x_wconf 75' lang='lat' dir='ltr'><strong>auum</strong></span> 
     </span>
    </p>
   </div>
   <div class='ocr_carea' id='block_1_2' title="bbox 269 615 1377 2445">
    <p class='ocr_par' dir='ltr' id='par_1_2' title="bbox 269 615 1377 2445">
     <span class='ocr_line' id='line_1_2' title="bbox 309 615 1377 712; baseline 0.003 -26"><span class='ocrx_word' id='word_1_5' title='bbox 309 617 524 686; x_wconf 87' lang='lat' dir='ltr'><strong>videbantur.</strong></span> <span class='ocrx_word' id='word_1_6' title='bbox 546 615 716 686; x_wconf 79' lang='lat' dir='ltr'><strong>Elevanda</strong></span> <span class='ocrx_word' id='word_1_7' title='bbox 740 639 823 712; x_wconf 77' lang='lat' dir='ltr'><strong>ergo</strong></span> <span class='ocrx_word' id='word_1_8' title='bbox 848 621 959 688; x_wconf 90' lang='lat' dir='ltr'><strong>omnia</strong></span> <span class='ocrx_word' id='word_1_9' title='bbox 973 626 997 703; x_wconf 90' lang='lat'><strong>¹,</strong></span> <span class='ocrx_word' id='word_1_10' title='bbox 1024 635 1059 688; x_wconf 86' lang='lat' dir='ltr'><strong>et</strong></span> <span class='ocrx_word' id='word_1_11' title='bbox 1084 622 1173 690; x_wconf 84' lang='lat' dir='ltr'><strong>facili</strong></span> <span class='ocrx_word' id='word_1_12' title='bbox 1190 625 1311 692; x_wconf 84' lang='lat' dir='ltr'><strong>animo</strong></span> <span class='ocrx_word' id='word_1_13' title='bbox 1331 623 1377 689; x_wconf 84' lang='lat' dir='ltr'><strong>le·</strong></span> 
     </span>
     <span class='ocr_line' id='line_1_3' title="bbox 310 729 1372 834; baseline 0 -32"><span class='ocrx_word' id='word_1_14' title='bbox 310 733 416 802; x_wconf 85' lang='lat' dir='ltr'><strong>reuda</strong></span> <span class='ocrx_word' id='word_1_15' title='bbox 435 761 442 799; x_wconf 90' lang='lat'>:</span> <span class='ocrx_word' id='word_1_16' title='bbox 458 729 639 802; x_wconf 80' lang='lat' dir='ltr'><strong>humanius</strong></span> <span class='ocrx_word' id='word_1_17' title='bbox 659 748 711 800; x_wconf 83' lang='lat' dir='ltr'><strong>est</strong></span> <span class='ocrx_word' id='word_1_18' title='bbox 728 731 885 804; x_wconf 86' lang='lat' dir='ltr'><strong>deridere</strong></span> <span class='ocrx_word' id='word_1_19' title='bbox 903 737 1027 820; x_wconf 86' lang='lat' dir='ltr'><strong>vitam,</strong></span> <span class='ocrx_word' id='word_1_20' title='bbox 1051 761 1152 830; x_wconf 85' lang='lat' dir='ltr'><strong>quam</strong></span> <span class='ocrx_word' id='word_1_21' title='bbox 1175 739 1372 834; x_wconf 81' lang='lat' dir='ltr'><strong>deplorare.</strong></span> 
     </span>
     <span class='ocr_line' id='line_1_4' title="bbox 269 847 1376 945; baseline 0.003 -29"><span class='ocrx_word' id='word_1_22' title='bbox 269 855 286 906; x_wconf 85' lang='lat'>3</span> <span class='ocrx_word' id='word_1_23' title='bbox 309 849 429 943; x_wconf 83' lang='lat' dir='ltr'><strong>Adjioe</strong></span> <span class='ocrx_word' id='word_1_24' title='bbox 445 899 454 932; x_wconf 91' lang='lat'><strong>,</strong></span> <span class='ocrx_word' id='word_1_25' title='bbox 472 847 564 942; x_wconf 90' lang='lat' dir='ltr'><strong>qnod</strong></span> <span class='ocrx_word' id='word_1_26' title='bbox 577 848 620 917; x_wconf 86' lang='lat' dir='ltr'><strong>de</strong></span> <span class='ocrx_word' id='word_1_27' title='bbox 637 848 784 917; x_wconf 85' lang='lat' dir='ltr'><strong>humano</strong></span> <span class='ocrx_word' id='word_1_28' title='bbox 797 875 932 943; x_wconf 88' lang='lat' dir='ltr'><strong>quoque</strong></span> <span class='ocrx_word' id='word_1_29' title='bbox 946 875 1072 945; x_wconf 75' lang='lat' dir='ltr'><strong>genere</strong></span> <span class='ocrx_word' id='word_1_30' title='bbox 1089 853 1206 922; x_wconf 84' lang='lat' dir='ltr'><strong>melius</strong></span> <span class='ocrx_word' id='word_1_31' title='bbox 1220 871 1376 923; x_wconf 87' lang='lat' dir='ltr'><strong>meretur</strong></span> 
     </span>
     <span class='ocr_line' id='line_1_5' title="bbox 309 964 1374 1063; baseline 0.002 -27"><span class='ocrx_word' id='word_1_32' title='bbox 309 970 368 1060; x_wconf 92' lang='lat' dir='ltr'><strong>qui</strong></span> <span class='ocrx_word' id='word_1_33' title='bbox 387 967 478 1036; x_wconf 85' lang='lat' dir='ltr'><strong>ridet</strong></span> <span class='ocrx_word' id='word_1_34' title='bbox 498 964 606 1049; x_wconf 90' lang='lat' dir='ltr'><strong>illud,</strong></span> <span class='ocrx_word' id='word_1_35' title='bbox 629 989 729 1058; x_wconf 90' lang='lat' dir='ltr'><strong>quam</strong></span> <span class='ocrx_word' id='word_1_36' title='bbox 747 967 806 1058; x_wconf 95' lang='lat' dir='ltr'><strong>qui</strong></span> <span class='ocrx_word' id='word_1_37' title='bbox 823 967 929 1061; x_wconf 77' lang='lat' dir='ltr'><strong>luget.</strong></span> <span class='ocrx_word' id='word_1_38' title='bbox 955 968 1017 1037; x_wconf 90' lang='lat' dir='ltr'><strong>Ille</strong></span> <span class='ocrx_word' id='word_1_39' title='bbox 1034 984 1069 1037; x_wconf 90' lang='lat' dir='ltr'><strong>et</strong></span> <span class='ocrx_word' id='word_1_40' title='bbox 1090 971 1163 1063; x_wconf 83' lang='lat' dir='ltr'><strong>spei</strong></span> <span class='ocrx_word' id='word_1_41' title='bbox 1184 971 1287 1040; x_wconf 82' lang='lat' dir='ltr'><strong>bonae</strong></span> <span class='ocrx_word' id='word_1_42' title='bbox 1311 972 1374 1039; x_wconf 90' lang='lat' dir='ltr'><strong>ali·</strong></span> 
     </span>
     <span class='ocr_line' id='line_1_6' title="bbox 308 1079 1374 1176; baseline 0.002 -27"><span class='ocrx_word' id='word_1_43' title='bbox 308 1081 394 1173; x_wconf 91' lang='lat' dir='ltr'><strong>quid</strong></span> <span class='ocrx_word' id='word_1_44' title='bbox 421 1079 616 1172; x_wconf 92' lang='lat' dir='ltr'><strong>relinquit:</strong></span> <span class='ocrx_word' id='word_1_45' title='bbox 641 1079 699 1147; x_wconf 90' lang='lat' dir='ltr'><strong>hic</strong></span> <span class='ocrx_word' id='word_1_46' title='bbox 726 1093 837 1147; x_wconf 88' lang='lat' dir='ltr'><strong>tamen</strong></span> <span class='ocrx_word' id='word_1_47' title='bbox 864 1079 965 1148; x_wconf 87' lang='lat' dir='ltr'><strong>stulte</strong></span> <span class='ocrx_word' id='word_1_48' title='bbox 993 1080 1112 1162; x_wconf 86' lang='lat' dir='ltr'><strong>deflet,</strong></span> <span class='ocrx_word' id='word_1_49' title='bbox 1141 1105 1216 1174; x_wconf 74' lang='lat' dir='ltr'><strong>qun</strong></span> <span class='ocrx_word' id='word_1_50' title='bbox 1242 1085 1374 1176; x_wconf 72' lang='lat' dir='ltr'><strong>oorngi</strong></span> 
     </span>
     <span class='ocr_line' id='line_1_7' title="bbox 309 1195 1373 1291; baseline 0.001 -25"><span class='ocrx_word' id='word_1_51' title='bbox 309 1221 406 1291; x_wconf 82' lang='lat' dir='ltr'><strong>posse</strong></span> <span class='ocrx_word' id='word_1_52' title='bbox 421 1195 599 1290; x_wconf 70' lang='lat' dir='ltr'><strong>desperat,</strong></span> <span class='ocrx_word' id='word_1_53' title='bbox 615 1211 650 1264; x_wconf 89' lang='lat' dir='ltr'><strong>et</strong></span> <span class='ocrx_word' id='word_1_54' title='bbox 662 1197 821 1264; x_wconf 85' lang='lat' dir='ltr'><strong>universa</strong></span> <span class='ocrx_word' id='word_1_55' title='bbox 835 1197 1080 1289; x_wconf 73' lang='lat' dir='ltr'><strong>contemplatus</strong></span> <span class='ocrx_word' id='word_1_56' title='bbox 1094 1247 1103 1280; x_wconf 91' lang='lat'><strong>,</strong></span> <span class='ocrx_word' id='word_1_57' title='bbox 1119 1199 1254 1291; x_wconf 86' lang='lat' dir='ltr'><strong>majoris</strong></span> <span class='ocrx_word' id='word_1_58' title='bbox 1264 1203 1373 1269; x_wconf 82' lang='lat' dir='ltr'><strong>animi</strong></span> 
     </span>
     <span class='ocr_line' id='line_1_8' title="bbox 311 1314 1374 1408; baseline 0 -24"><span class='ocrx_word' id='word_1_59' title='bbox 311 1331 382 1398; x_wconf 85' lang='lat' dir='ltr'><strong>est,</strong></span> <span class='ocrx_word' id='word_1_60' title='bbox 404 1316 463 1406; x_wconf 94' lang='lat' dir='ltr'><strong>qui</strong></span> <span class='ocrx_word' id='word_1_61' title='bbox 486 1315 590 1382; x_wconf 84' lang='lat' dir='ltr'><strong>risum</strong></span> <span class='ocrx_word' id='word_1_62' title='bbox 609 1336 678 1380; x_wconf 92' lang='lat' dir='ltr'><strong>non</strong></span> <span class='ocrx_word' id='word_1_63' title='bbox 705 1327 814 1394; x_wconf 88' lang='lat' dir='ltr'><strong>tenet,</strong></span> <span class='ocrx_word' id='word_1_64' title='bbox 840 1336 941 1404; x_wconf 89' lang='lat' dir='ltr'><strong>quam</strong></span> <span class='ocrx_word' id='word_1_65' title='bbox 960 1315 1019 1406; x_wconf 93' lang='lat' dir='ltr'><strong>qui</strong></span> <span class='ocrx_word' id='word_1_66' title='bbox 1042 1314 1210 1398; x_wconf 83' lang='lat' dir='ltr'><strong>lacrimas,</strong></span> <span class='ocrx_word' id='word_1_67' title='bbox 1232 1316 1374 1408; x_wconf 90' lang='lat' dir='ltr'><strong>quando</strong></span> 
     </span>
     <span class='ocr_line' id='line_1_9' title="bbox 311 1426 1370 1523; baseline 0.004 -27"><span class='ocrx_word' id='word_1_68' title='bbox 311 1430 517 1499; x_wconf 82' lang='lat' dir='ltr'><strong>levissimum</strong></span> <span class='ocrx_word' id='word_1_69' title='bbox 546 1426 703 1494; x_wconf 84' lang='lat' dir='ltr'><strong>affectum</strong></span> <span class='ocrx_word' id='word_1_70' title='bbox 728 1427 832 1494; x_wconf 89' lang='lat' dir='ltr'><strong>animi</strong></span> <span class='ocrx_word' id='word_1_71' title='bbox 856 1443 989 1509; x_wconf 84' lang='lat' dir='ltr'><strong>movet,</strong></span> <span class='ocrx_word' id='word_1_72' title='bbox 1010 1446 1044 1497; x_wconf 91' lang='lat' dir='ltr'><strong>et</strong></span> <span class='ocrx_word' id='word_1_73' title='bbox 1065 1429 1152 1498; x_wconf 92' lang='lat' dir='ltr'><strong>nihil</strong></span> <span class='ocrx_word' id='word_1_74' title='bbox 1181 1444 1370 1523; x_wconf 73' lang='lat' dir='ltr'><strong>magnum,</strong></span> 
     </span>
     <span class='ocr_line' id='line_1_10' title="bbox 310 1529 1372 1638; baseline 0.001 -27"><span class='ocrx_word' id='word_1_75' title='bbox 310 1543 398 1612; x_wconf 87' lang='lat' dir='ltr'><strong>nihil</strong></span> <span class='ocrx_word' id='word_1_76' title='bbox 416 1565 594 1623; x_wconf 83' lang='lat' dir='ltr'><strong>severum,</strong></span> <span class='ocrx_word' id='word_1_77' title='bbox 614 1563 679 1608; x_wconf 89' lang='lat' dir='ltr'><strong>nec</strong></span> <span class='ocrx_word' id='word_1_78' title='bbox 703 1542 827 1609; x_wconf 83' lang='lat' dir='ltr'><strong>serium</strong></span> <span class='ocrx_word' id='word_1_79' title='bbox 850 1541 1011 1634; x_wconf 91' lang='lat' dir='ltr'><strong>quidem,</strong></span> <span class='ocrx_word' id='word_1_80' title='bbox 1035 1567 1076 1610; x_wconf 84' lang='lat' dir='ltr'><strong>ex</strong></span> <span class='ocrx_word' id='word_1_81' title='bbox 1099 1529 1189 1612; x_wconf 82' lang='lat' dir='ltr'><strong>tantd</strong></span> <span class='ocrx_word' id='word_1_82' title='bbox 1204 1563 1372 1638; x_wconf 75' lang='lat' dir='ltr'><strong>apparatu</strong></span> 
     </span>
     <span class='ocr_line' id='line_1_11' title="bbox 309 1657 1372 1755; baseline -0.002 -27"><span class='ocrx_word' id='word_1_83' title='bbox 309 1676 417 1755; x_wconf 85' lang='lat' dir='ltr'><strong>putat.</strong></span> <span class='ocrx_word' id='word_1_84' title='bbox 434 1657 599 1753; x_wconf 81' lang='lat' dir='ltr'><strong>Singula,</strong></span> <span class='ocrx_word' id='word_1_85' title='bbox 621 1673 761 1750; x_wconf 84' lang='lat' dir='ltr'><strong>propter</strong></span> <span class='ocrx_word' id='word_1_86' title='bbox 777 1681 852 1748; x_wconf 84' lang='lat' dir='ltr'><strong>quae</strong></span> <span class='ocrx_word' id='word_1_87' title='bbox 868 1657 934 1726; x_wconf 85' lang='lat' dir='ltr'><strong>laeti</strong></span> <span class='ocrx_word' id='word_1_88' title='bbox 953 1683 993 1728; x_wconf 89' lang='lat' dir='ltr'><strong>ac</strong></span> <span class='ocrx_word' id='word_1_89' title='bbox 1012 1661 1123 1728; x_wconf 86' lang='lat' dir='ltr'><strong>tristes</strong></span> <span class='ocrx_word' id='word_1_90' title='bbox 1146 1685 1284 1744; x_wconf 84' lang='lat' dir='ltr'><strong>sumus,</strong></span> <span class='ocrx_word' id='word_1_91' title='bbox 1310 1664 1372 1730; x_wconf 85' lang='lat' dir='ltr'><strong>sihi</strong></span> 
     </span>
     <span class='ocr_line' id='line_1_12' title="bbox 311 1771 1369 1869; baseline -0.002 -27"><span class='ocrx_word' id='word_1_92' title='bbox 311 1777 456 1869; x_wconf 84' lang='lat' dir='ltr'><strong>quisque</strong></span> <span class='ocrx_word' id='word_1_93' title='bbox 467 1787 634 1867; x_wconf 79' lang='lat' dir='ltr'><strong>proponat</strong></span> <span class='ocrx_word' id='word_1_94' title='bbox 646 1821 656 1852; x_wconf 91' lang='lat'><strong>,</strong></span> <span class='ocrx_word' id='word_1_95' title='bbox 669 1785 704 1838; x_wconf 86' lang='lat' dir='ltr'><strong>et</strong></span> <span class='ocrx_word' id='word_1_96' title='bbox 713 1771 797 1839; x_wconf 83' lang='lat' dir='ltr'><strong>aciat</strong></span> <span class='ocrx_word' id='word_1_97' title='bbox 808 1795 928 1840; x_wconf 83' lang='lat' dir='ltr'><strong>verum</strong></span> <span class='ocrx_word' id='word_1_98' title='bbox 940 1795 1013 1842; x_wconf 82' lang='lat' dir='ltr'><strong>esse</strong></span> <span class='ocrx_word' id='word_1_99' title='bbox 1027 1822 1036 1855; x_wconf 92' lang='lat'>‚</span> <span class='ocrx_word' id='word_1_100' title='bbox 1053 1773 1145 1865; x_wconf 91' lang='lat' dir='ltr'><strong>quod</strong></span> <span class='ocrx_word' id='word_1_101' title='bbox 1151 1776 1253 1842; x_wconf 83' lang='lat' dir='ltr'><strong>Bi0n²</strong></span> <span class='ocrx_word' id='word_1_102' title='bbox 1263 1774 1369 1843; x_wconf 84' lang='lat' dir='ltr'><strong>dixit:</strong></span> 
     </span>
     <span class='ocr_line' id='line_1_13' title="bbox 315 1882 1370 1978; baseline 0.001 -21"><span class='ocrx_word' id='word_1_103' title='bbox 315 1919 329 1957; x_wconf 84' lang='grc' dir='ltr'><strong>ι</strong></span> <span class='ocrx_word' id='word_1_104' title='bbox 350 1889 475 1960; x_wconf 89' lang='lat' dir='ltr'><strong>Omnia</strong></span> <span class='ocrx_word' id='word_1_105' title='bbox 499 1888 673 1955; x_wconf 87' lang='lat' dir='ltr'><strong>hominum</strong></span> <span class='ocrx_word' id='word_1_106' title='bbox 697 1885 833 1978; x_wconf 82' lang='lat' dir='ltr'><strong>negotia</strong></span> <span class='ocrx_word' id='word_1_107' title='bbox 857 1885 978 1954; x_wconf 82' lang='lat' dir='ltr'><strong>similia</strong></span> <span class='ocrx_word' id='word_1_108' title='bbox 1004 1882 1171 1955; x_wconf 78' lang='lat' dir='ltr'><strong>mimicis³</strong></span> <span class='ocrx_word' id='word_1_109' title='bbox 1189 1911 1287 1972; x_wconf 79' lang='lat' dir='ltr'><strong>esse,</strong></span> <span class='ocrx_word' id='word_1_110' title='bbox 1310 1915 1370 1958; x_wconf 87' lang='lat' dir='ltr'><strong>nec</strong></span> 
     </span>
     <span class='ocr_line' id='line_1_14' title="bbox 314 2005 1370 2098; baseline 0.001 -25"><span class='ocrx_word' id='word_1_111' title='bbox 314 2035 331 2073; x_wconf 87' lang='grc' dir='ltr'><strong>ιι</strong></span> <span class='ocrx_word' id='word_1_112' title='bbox 352 2009 455 2077; x_wconf 86' lang='lat' dir='ltr'><strong>vitam</strong></span> <span class='ocrx_word' id='word_1_113' title='bbox 473 2005 608 2074; x_wconf 90' lang='lat' dir='ltr'><strong>illorum</strong></span> <span class='ocrx_word' id='word_1_114' title='bbox 628 2005 735 2097; x_wconf 79' lang='lat' dir='ltr'><strong>magis</strong></span> <span class='ocrx_word' id='word_1_115' title='bbox 748 2018 896 2071; x_wconf 82' lang='lat' dir='ltr'><strong>sanctam</strong></span> <span class='ocrx_word' id='word_1_116' title='bbox 912 2019 971 2070; x_wconf 87' lang='lat' dir='ltr'><strong>aut</strong></span> <span class='ocrx_word' id='word_1_117' title='bbox 988 2027 1138 2074; x_wconf 85' lang='lat' dir='ltr'><strong>severam</strong></span> <span class='ocrx_word' id='word_1_118' title='bbox 1156 2027 1249 2089; x_wconf 85' lang='lat' dir='ltr'><strong>esse,</strong></span> <span class='ocrx_word' id='word_1_119' title='bbox 1267 2031 1370 2098; x_wconf 85' lang='lat' dir='ltr'><strong>qnam</strong></span> 
     </span>
     <span class='ocr_line' id='line_1_15' title="bbox 269 2118 1370 2216; baseline 0.004 -27"><span class='ocrx_word' id='word_1_120' title='bbox 269 2134 285 2199; x_wconf 73' lang='lat' dir='ltr'><strong>l</strong></span> <span class='ocrx_word' id='word_1_121' title='bbox 316 2154 332 2190; x_wconf 89' lang='grc' dir='ltr'><strong>ιι</strong></span> <span class='ocrx_word' id='word_1_122' title='bbox 352 2139 534 2216; x_wconf 83' lang='lat' dir='ltr'><strong>conceptue</strong></span> <span class='ocrx_word' id='word_1_123' title='bbox 552 2123 738 2190; x_wconf 76' lang='lat' dir='ltr'><strong>inchoatos·</strong></span> <span class='ocrx_word' id='word_1_124' title='bbox 758 2147 774 2182; x_wconf 75' lang='lat' dir='ltr'><strong>o</strong></span> <span class='ocrx_word' id='word_1_125' title='bbox 796 2118 863 2188; x_wconf 91' lang='lat' dir='ltr'><strong>Sed</strong></span> <span class='ocrx_word' id='word_1_126' title='bbox 882 2121 985 2188; x_wconf 84' lang='lat' dir='ltr'><strong>satius</strong></span> <span class='ocrx_word' id='word_1_127' title='bbox 1000 2136 1069 2202; x_wconf 87' lang='lat' dir='ltr'><strong>eat,</strong></span> <span class='ocrx_word' id='word_1_128' title='bbox 1089 2121 1242 2214; x_wconf 84' lang='lat' dir='ltr'><strong>puhlioos</strong></span> <span class='ocrx_word' id='word_1_129' title='bbox 1259 2148 1370 2193; x_wconf 80' lang='lat' dir='ltr'><strong>mores</strong></span> 
     </span>
     <span class='ocr_line' id='line_1_16' title="bbox 311 2231 1370 2330; baseline -0.002 -20"><span class='ocrx_word' id='word_1_130' title='bbox 311 2259 346 2311; x_wconf 87' lang='lat' dir='ltr'><strong>et</strong></span> <span class='ocrx_word' id='word_1_131' title='bbox 360 2243 508 2309; x_wconf 89' lang='lat' dir='ltr'><strong>humana</strong></span> <span class='ocrx_word' id='word_1_132' title='bbox 525 2239 606 2306; x_wconf 76' lang='lat' dir='ltr'><strong>vitia</strong></span> <span class='ocrx_word' id='word_1_133' title='bbox 625 2234 759 2330; x_wconf 85' lang='lat' dir='ltr'><strong>placide</strong></span> <span class='ocrx_word' id='word_1_134' title='bbox 776 2235 930 2327; x_wconf 84' lang='lat' dir='ltr'><strong>accipere</strong></span> <span class='ocrx_word' id='word_1_135' title='bbox 946 2285 955 2317; x_wconf 89' lang='lat'><strong>,</strong></span> <span class='ocrx_word' id='word_1_136' title='bbox 975 2259 1040 2304; x_wconf 86' lang='lat' dir='ltr'><strong>nec</strong></span> <span class='ocrx_word' id='word_1_137' title='bbox 1053 2237 1089 2304; x_wconf 91' lang='lat' dir='ltr'><strong>in</strong></span> <span class='ocrx_word' id='word_1_138' title='bbox 1103 2231 1207 2305; x_wconf 83' lang='lat' dir='ltr'><strong>risum</strong></span> <span class='ocrx_word' id='word_1_139' title='bbox 1223 2287 1232 2320; x_wconf 93' lang='lat'><strong>,</strong></span> <span class='ocrx_word' id='word_1_140' title='bbox 1252 2263 1319 2307; x_wconf 89' lang='lat' dir='ltr'><strong>nec</strong></span> <span class='ocrx_word' id='word_1_141' title='bbox 1335 2241 1370 2308; x_wconf 90' lang='lat' dir='ltr'><strong>in</strong></span> 
     </span>
     <span class='ocr_line' id='line_1_17' title="bbox 311 2351 1367 2445; baseline -0.004 -18"><span class='ocrx_word' id='word_1_142' title='bbox 311 2360 466 2427; x_wconf 78' lang='lat' dir='ltr'><strong>lacrimas</strong></span> <span class='ocrx_word' id='word_1_143' title='bbox 484 2355 652 2424; x_wconf 88' lang='lat' dir='ltr'><strong>excidere.</strong></span> <span class='ocrx_word' id='word_1_144' title='bbox 674 2356 759 2420; x_wconf 87' lang='lat' dir='ltr'><strong>Nam</strong></span> <span class='ocrx_word' id='word_1_145' title='bbox 783 2351 903 2420; x_wconf 80' lang='lat' dir='ltr'><strong>alienis</strong></span> <span class='ocrx_word' id='word_1_146' title='bbox 927 2352 1022 2420; x_wconf 85' lang='lat' dir='ltr'><strong>malis</strong></span> <span class='ocrx_word' id='word_1_147' title='bbox 1045 2355 1222 2445; x_wconf 84' lang='lat' dir='ltr'><strong>torqueri,</strong></span> <span class='ocrx_word' id='word_1_148' title='bbox 1245 2369 1367 2423; x_wconf 78' lang='lat' dir='ltr'><strong>aterna</strong></span> 
     </span>
    </p>
   </div>
   <div class='ocr_carea' id='block_1_3' title="bbox 311 2465 1435 2791">
    <p class='ocr_par' dir='ltr' id='par_1_3' title="bbox 311 2465 1435 2791">
     <span class='ocr_line' id='line_1_18' title="bbox 313 2465 1435 2560; baseline -0.005 -18"><span class='ocrx_word' id='word_1_149' title='bbox 313 2474 448 2542; x_wconf 85' lang='lat' dir='ltr'><strong>miseria</strong></span> <span class='ocrx_word' id='word_1_150' title='bbox 461 2487 513 2540; x_wconf 84' lang='lat' dir='ltr'><strong>est</strong></span> <span class='ocrx_word' id='word_1_151' title='bbox 529 2497 537 2536; x_wconf 90' lang='lat'>:</span> <span class='ocrx_word' id='word_1_152' title='bbox 553 2468 673 2538; x_wconf 85' lang='lat' dir='ltr'><strong>alienis</strong></span> <span class='ocrx_word' id='word_1_153' title='bbox 687 2465 848 2534; x_wconf 86' lang='lat' dir='ltr'><strong>delectari</strong></span> <span class='ocrx_word' id='word_1_154' title='bbox 864 2465 982 2548; x_wconf 85' lang='lat' dir='ltr'><strong>malie,</strong></span> <span class='ocrx_word' id='word_1_155' title='bbox 998 2466 1150 2560; x_wconf 81' lang='lat' dir='ltr'><strong>voluptas</strong></span> <span class='ocrx_word' id='word_1_156' title='bbox 1165 2469 1367 2538; x_wconf 88' lang='lat' dir='ltr'><strong>inhumana:</strong></span> <span class='ocrx_word' id='word_1_157' title='bbox 1434 2501 1435 2544; x_wconf 70' lang='grc' dir='ltr'><strong>ι</strong></span> 
     </span>
     <span class='ocr_line' id='line_1_19' title="bbox 312 2581 1369 2676; baseline -0.003 -18"><span class='ocrx_word' id='word_1_158' title='bbox 312 2591 399 2658; x_wconf 86' lang='lat' dir='ltr'><strong>sicut</strong></span> <span class='ocrx_word' id='word_1_159' title='bbox 418 2590 476 2657; x_wconf 92' lang='lat' dir='ltr'><strong>illa</strong></span> <span class='ocrx_word' id='word_1_160' title='bbox 498 2587 627 2656; x_wconf 86' lang='lat' dir='ltr'><strong>inutilis</strong></span> <span class='ocrx_word' id='word_1_161' title='bbox 651 2584 863 2664; x_wconf 83' lang='lat' dir='ltr'><strong>humanitus,</strong></span> <span class='ocrx_word' id='word_1_162' title='bbox 892 2581 1000 2664; x_wconf 86' lang='lat' dir='ltr'><strong>llere,</strong></span> <span class='ocrx_word' id='word_1_163' title='bbox 1023 2585 1103 2675; x_wconf 88' lang='lat' dir='ltr'><strong>quia</strong></span> <span class='ocrx_word' id='word_1_164' title='bbox 1122 2583 1244 2676; x_wconf 85' lang='lat' dir='ltr'><strong>uliquis</strong></span> <span class='ocrx_word' id='word_1_165' title='bbox 1267 2585 1369 2655; x_wconf 85' lang='lat' dir='ltr'><strong>liliam</strong></span> 
     </span>
     <span class='ocr_line' id='line_1_20' title="bbox 311 2691 1435 2791; baseline -0.006 -17"><span class='ocrx_word' id='word_1_166' title='bbox 311 2707 431 2774; x_wconf 84' lang='lat' dir='ltr'><strong>efferat</strong></span> <span class='ocrx_word' id='word_1_167' title='bbox 446 2755 455 2788; x_wconf 92' lang='lat'><strong>,</strong></span> <span class='ocrx_word' id='word_1_168' title='bbox 472 2719 506 2772; x_wconf 85' lang='lat' dir='ltr'><strong>et</strong></span> <span class='ocrx_word' id='word_1_169' title='bbox 519 2703 663 2771; x_wconf 85' lang='lat' dir='ltr'><strong>frontem</strong></span> <span class='ocrx_word' id='word_1_170' title='bbox 679 2723 771 2768; x_wconf 84' lang='lat' dir='ltr'><strong>auam</strong></span> <span class='ocrx_word' id='word_1_171' title='bbox 788 2699 919 2790; x_wconf 78' lang='lat' dir='ltr'><strong>fingere</strong></span> <span class='ocrx_word' id='word_1_172' title='bbox 933 2691 960 2763; x_wconf 80' lang='lat'><strong>⁴.</strong></span> <span class='ocrx_word' id='word_1_173' title='bbox 983 2699 1022 2764; x_wconf 91' lang='lat' dir='ltr'><strong>In</strong></span> <span class='ocrx_word' id='word_1_174' title='bbox 1043 2699 1110 2766; x_wconf 87' lang='lat' dir='ltr'><strong>tuis</strong></span> <span class='ocrx_word' id='word_1_175' title='bbox 1122 2723 1257 2791; x_wconf 90' lang='lat' dir='ltr'><strong>quoque</strong></span> <span class='ocrx_word' id='word_1_176' title='bbox 1275 2702 1369 2770; x_wconf 80' lang='lat' dir='ltr'><strong>malis</strong></span> <span class='ocrx_word' id='word_1_177' title='bbox 1434 2743 1435 2790; x_wconf 66' lang='lat'><strong>,</strong></span> 
     </span>
    </p>
   </div>
   <div class='ocr_carea' id='block_1_4' title="bbox 312 2846 1435 4319">
    <p class='ocr_par' dir='ltr' id='par_1_4' title="bbox 312 2846 1435 4089">
     <span class='ocr_line' id='line_1_21' title="bbox 348 2846 1369 2924; baseline -0.006 -14"><span class='ocrx_word' id='word_1_178' title='bbox 348 2877 368 2909; x_wconf 86' lang='lat' dir='ltr'><strong>a.</strong></span> <span class='ocrx_word' id='word_1_179' title='bbox 380 2857 518 2910; x_wconf 74' lang='lat' dir='ltr'><strong>Elevanda</strong></span> <span class='ocrx_word' id='word_1_180' title='bbox 529 2875 589 2924; x_wconf 64' lang='lat' dir='ltr'><strong>ergo</strong></span> <span class='ocrx_word' id='word_1_181' title='bbox 599 2855 697 2905; x_wconf 78' lang='lat' dir='ltr'><strong>omnia.</strong></span> <span class='ocrx_word' id='word_1_182' title='bbox 711 2849 818 2904; x_wconf 87' lang='lat' dir='ltr'><strong>Coneris</strong></span> <span class='ocrx_word' id='word_1_183' title='bbox 867 2847 981 2900; x_wconf 73' lang='lat' dir='ltr'><strong>malimali</strong></span> <span class='ocrx_word' id='word_1_184' title='bbox 995 2847 1022 2899; x_wconf 92' lang='lat' dir='ltr'><strong>in</strong></span> <span class='ocrx_word' id='word_1_185' title='bbox 1034 2846 1179 2919; x_wconf 75' lang='lat' dir='ltr'><strong>antiquitate</strong></span> <span class='ocrx_word' id='word_1_186' title='bbox 1194 2852 1342 2914; x_wconf 81' lang='lat' dir='ltr'><strong>occurrerit,</strong></span> <span class='ocrx_word' id='word_1_187' title='bbox 1357 2875 1369 2904; x_wconf 85' lang='lat' dir='ltr'><strong>e</strong></span> 
     </span>
     <span class='ocr_line' id='line_1_22' title="bbox 312 2923 1435 3002; baseline -0.01 -14"><span class='ocrx_word' id='word_1_188' title='bbox 312 2949 340 2988; x_wconf 87' lang='lat' dir='ltr'><strong>ut</strong></span> <span class='ocrx_word' id='word_1_189' title='bbox 351 2938 445 2988; x_wconf 66' lang='lat' dir='ltr'><strong>horem</strong></span> <span class='ocrx_word' id='word_1_190' title='bbox 456 2934 543 2987; x_wconf 89' lang='lat' dir='ltr'><strong>omnia</strong></span> <span class='ocrx_word' id='word_1_191' title='bbox 558 2931 628 2994; x_wconf 81' lang='lat' dir='ltr'><strong>fiant,</strong></span> <span class='ocrx_word' id='word_1_192' title='bbox 642 2927 760 3002; x_wconf 76' lang='lat' dir='ltr'><strong>qnapati</strong></span> <span class='ocrx_word' id='word_1_193' title='bbox 768 2943 820 2978; x_wconf 85' lang='lat' dir='ltr'><strong>ne·</strong></span> <span class='ocrx_word' id='word_1_194' title='bbox 866 2923 1074 2996; x_wconf 70' lang='lat' dir='ltr'><strong>nsgmmfinjm</strong></span> <span class='ocrx_word' id='word_1_195' title='bbox 1082 2923 1276 2997; x_wconf 72' lang='lat' dir='ltr'><strong>eolliginequit:</strong></span> <span class='ocrx_word' id='word_1_196' title='bbox 1289 2947 1368 2998; x_wconf 80' lang='lat' dir='ltr'><strong>neque</strong></span> <span class='ocrx_word' id='word_1_197' title='bbox 1434 2943 1435 2966; x_wconf 50' lang='grc' dir='ltr'><strong>ι</strong></span> 
     </span>
     <span class='ocr_line' id='line_1_23' title="bbox 313 3002 1367 3082; baseline -0.011 -16"><span class='ocrx_word' id='word_1_198' title='bbox 313 3032 378 3066; x_wconf 84' lang='lat' dir='ltr'><strong>cesse</strong></span> <span class='ocrx_word' id='word_1_199' title='bbox 396 3025 450 3076; x_wconf 85' lang='lat' dir='ltr'><strong>est,</strong></span> <span class='ocrx_word' id='word_1_200' title='bbox 468 3010 593 3082; x_wconf 85' lang='lat' dir='ltr'><strong>siqnidem</strong></span> <span class='ocrx_word' id='word_1_201' title='bbox 615 3007 753 3066; x_wconf 71' lang='lat' dir='ltr'><strong>«Durum,</strong></span> <span class='ocrx_word' id='word_1_202' title='bbox 776 3005 819 3056; x_wconf 87' lang='lat' dir='ltr'><strong>sed</strong></span> <span class='ocrx_word' id='word_1_203' title='bbox 868 3002 922 3056; x_wconf 76' lang='lat' dir='ltr'><strong>hat</strong></span> <span class='ocrx_word' id='word_1_204' title='bbox 940 3002 1008 3074; x_wconf 84' lang='lat' dir='ltr'><strong>ipsa,</strong></span> <span class='ocrx_word' id='word_1_205' title='bbox 1027 3015 1146 3072; x_wconf 81' lang='lat' dir='ltr'><strong>quantum</strong></span> <span class='ocrx_word' id='word_1_206' title='bbox 1158 3004 1252 3068; x_wconf 87' lang='lat' dir='ltr'><strong>seiam,</strong></span> <span class='ocrx_word' id='word_1_207' title='bbox 1265 3023 1367 3074; x_wconf 80' lang='lat' dir='ltr'><strong>usquam</strong></span> 
     </span>
     <span class='ocr_line' id='line_1_24' title="bbox 312 3079 1369 3163; baseline -0.014 -19"><span class='ocrx_word' id='word_1_208' title='bbox 312 3094 392 3145; x_wconf 80' lang='lat' dir='ltr'><strong>levius</strong></span> <span class='ocrx_word' id='word_1_209' title='bbox 412 3088 440 3142; x_wconf 83' lang='lat' dir='ltr'><strong>lit</strong></span> <span class='ocrx_word' id='word_1_210' title='bbox 454 3089 574 3163; x_wconf 87' lang='lat' dir='ltr'><strong>patientia</strong></span> <span class='ocrx_word' id='word_1_211' title='bbox 592 3083 723 3155; x_wconf 83' lang='lat' dir='ltr'><strong>Quidquid</strong></span> <span class='ocrx_word' id='word_1_212' title='bbox 741 3081 820 3135; x_wconf 86' lang='lat' dir='ltr'><strong>corri-</strong></span> <span class='ocrx_word' id='word_1_213' title='bbox 869 3097 947 3152; x_wconf 71' lang='lat' dir='ltr'><strong>grace</strong></span> <span class='ocrx_word' id='word_1_214' title='bbox 959 3099 1025 3132; x_wconf 84' lang='lat' dir='ltr'><strong>nnnc</strong></span> <span class='ocrx_word' id='word_1_215' title='bbox 1037 3091 1123 3132; x_wconf 84' lang='lat' dir='ltr'><strong>exstat.</strong></span> <span class='ocrx_word' id='word_1_216' title='bbox 1135 3079 1258 3133; x_wconf 67' lang='lat' dir='ltr'><strong>Ceterum</strong></span> <span class='ocrx_word' id='word_1_217' title='bbox 1273 3081 1306 3135; x_wconf 84' lang='lat' dir='ltr'><strong>el.</strong></span> <span class='ocrx_word' id='word_1_218' title='bbox 1318 3101 1369 3132; x_wconf 73' lang='lat' dir='ltr'><strong>var.</strong></span> 
     </span>
     <span class='ocr_line' id='line_1_25' title="bbox 314 3157 925 3244; baseline -0.026 -21"><span class='ocrx_word' id='word_1_219' title='bbox 314 3190 373 3244; x_wconf 85' lang='lat' dir='ltr'><strong>gere</strong></span> <span class='ocrx_word' id='word_1_220' title='bbox 393 3181 429 3221; x_wconf 89' lang='lat' dir='ltr'><strong>est</strong></span> <span class='ocrx_word' id='word_1_221' title='bbox 445 3169 522 3220; x_wconf 85' lang='lat' dir='ltr'><strong>nefas.</strong></span> <span class='ocrx_word' id='word_1_222' title='bbox 533 3187 547 3213; x_wconf 75' lang='lat' dir='ltr'><strong>s</strong></span> <span class='ocrx_word' id='word_1_223' title='bbox 566 3165 653 3217; x_wconf 80' lang='lat' dir='ltr'><strong>Horat.</strong></span> <span class='ocrx_word' id='word_1_224' title='bbox 670 3161 714 3214; x_wconf 88' lang='lat' dir='ltr'><strong>lih.</strong></span> <span class='ocrx_word' id='word_1_225' title='bbox 725 3160 753 3225; x_wconf 88' lang='lat' dir='ltr'><strong>l,</strong></span> <span class='ocrx_word' id='word_1_226' title='bbox 768 3157 820 3209; x_wconf 88' lang='lat' dir='ltr'><strong>Od.</strong></span> <span class='ocrx_word' id='word_1_227' title='bbox 868 3157 925 3210; x_wconf 86' lang='lat' dir='ltr'><strong>lect.</strong></span> 
     </span>
     <span class='ocr_line' id='line_1_26' title="bbox 314 3233 1368 3318; baseline -0.013 -18"><span class='ocrx_word' id='word_1_228' title='bbox 314 3239 821 3318; x_wconf 76' lang='lat' dir='ltr'><strong>xxiv,vss.pennlt.etultim.Eleonraest</strong></span> <span class='ocrx_word' id='word_1_229' title='bbox 901 3233 925 3284; x_wconf 83' lang='lat'><strong>3.</strong></span> <span class='ocrx_word' id='word_1_230' title='bbox 943 3233 1065 3288; x_wconf 76' lang='lat' dir='ltr'><strong>Mlme&#39;a&#39;s.</strong></span> <span class='ocrx_word' id='word_1_231' title='bbox 1086 3234 1148 3287; x_wconf 78' lang='lat' dir='ltr'><strong>llere</strong></span> <span class='ocrx_word' id='word_1_232' title='bbox 1169 3233 1245 3286; x_wconf 79' lang='lat' dir='ltr'><strong>lectio</strong></span> <span class='ocrx_word' id='word_1_233' title='bbox 1266 3234 1368 3288; x_wconf 73' lang='lat' dir='ltr'><strong>deleatur</strong></span> 
     </span>
     <span class='ocr_line' id='line_1_27' title="bbox 315 3311 1369 3392; baseline -0.014 -14"><span class='ocrx_word' id='word_1_234' title='bbox 315 3325 384 3378; x_wconf 87' lang='lat' dir='ltr'><strong>euim</strong></span> <span class='ocrx_word' id='word_1_235' title='bbox 395 3327 508 3376; x_wconf 76' lang='lat' dir='ltr'><strong>nslmoere</strong></span> <span class='ocrx_word' id='word_1_236' title='bbox 522 3333 547 3374; x_wconf 89' lang='lat' dir='ltr'><strong>et</strong></span> <span class='ocrx_word' id='word_1_237' title='bbox 557 3319 629 3392; x_wconf 87' lang='lat' dir='ltr'><strong>quasi</strong></span> <span class='ocrx_word' id='word_1_238' title='bbox 640 3322 741 3378; x_wconf 76' lang='lat' dir='ltr'><strong>levare,</strong></span> <span class='ocrx_word' id='word_1_239' title='bbox 754 3315 821 3367; x_wconf 81' lang='lat' dir='ltr'><strong>sub-</strong></span> <span class='ocrx_word' id='word_1_240' title='bbox 869 3311 1010 3374; x_wconf 79' lang='lat' dir='ltr'><strong>Plariano,</strong></span> <span class='ocrx_word' id='word_1_241' title='bbox 1028 3312 1071 3366; x_wconf 88' lang='lat' dir='ltr'><strong>eui</strong></span> <span class='ocrx_word' id='word_1_242' title='bbox 1088 3323 1112 3363; x_wconf 88' lang='lat' dir='ltr'><strong>et</strong></span> <span class='ocrx_word' id='word_1_243' title='bbox 1124 3313 1223 3384; x_wconf 77' lang='lat' dir='ltr'><strong>Lipsius</strong></span> <span class='ocrx_word' id='word_1_244' title='bbox 1241 3324 1265 3364; x_wconf 84' lang='lat' dir='ltr'><strong>et</strong></span> <span class='ocrx_word' id='word_1_245' title='bbox 1279 3313 1369 3366; x_wconf 77' lang='lat' dir='ltr'><strong>Gatah.</strong></span> 
     </span>
     <span class='ocr_line' id='line_1_28' title="bbox 314 3387 1371 3463; baseline -0.026 -7"><span class='ocrx_word' id='word_1_246' title='bbox 314 3406 413 3463; x_wconf 80' lang='lat' dir='ltr'><strong>levore,</strong></span> <span class='ocrx_word' id='word_1_247' title='bbox 433 3404 553 3454; x_wconf 75' lang='lat' dir='ltr'><strong>allevare.</strong></span> <span class='ocrx_word' id='word_1_248' title='bbox 572 3397 652 3451; x_wconf 84' lang='lat' dir='ltr'><strong>Cicer.</strong></span> <span class='ocrx_word' id='word_1_249' title='bbox 672 3395 703 3448; x_wconf 88' lang='lat' dir='ltr'><strong>de</strong></span> <span class='ocrx_word' id='word_1_250' title='bbox 722 3395 820 3446; x_wconf 82' lang='lat' dir='ltr'><strong>lavent.</strong></span> <span class='ocrx_word' id='word_1_251' title='bbox 869 3387 901 3440; x_wconf 88' lang='lat' dir='ltr'><strong>ad</strong></span> <span class='ocrx_word' id='word_1_252' title='bbox 922 3389 1044 3441; x_wconf 78' lang='lat' dir='ltr'><strong>Antonin.</strong></span> <span class='ocrx_word' id='word_1_253' title='bbox 1063 3409 1120 3463; x_wconf 79' lang='lat' dir='ltr'><strong>pag.</strong></span> <span class='ocrx_word' id='word_1_254' title='bbox 1141 3389 1204 3461; x_wconf 77' lang='lat'><strong>389,</strong></span> <span class='ocrx_word' id='word_1_255' title='bbox 1225 3409 1270 3454; x_wconf 63' lang='grc' dir='ltr'><strong>ιο,</strong></span> <span class='ocrx_word' id='word_1_256' title='bbox 1287 3409 1371 3442; x_wconf 58' lang='lat' dir='ltr'><strong>mn.</strong></span> 
     </span>
     <span class='ocr_line' id='line_1_29' title="bbox 316 3464 1369 3548; baseline -0.016 -16"><span class='ocrx_word' id='word_1_257' title='bbox 316 3480 360 3532; x_wconf 90' lang='lat' dir='ltr'><strong>lih.</strong></span> <span class='ocrx_word' id='word_1_258' title='bbox 380 3481 407 3544; x_wconf 87' lang='lat' dir='ltr'><strong>l,</strong></span> <span class='ocrx_word' id='word_1_259' title='bbox 428 3497 480 3548; x_wconf 82' lang='lat' dir='ltr'><strong>cap.</strong></span> <span class='ocrx_word' id='word_1_260' title='bbox 498 3476 552 3545; x_wconf 83' lang='lat'><strong>78:</strong></span> <span class='ocrx_word' id='word_1_261' title='bbox 573 3471 769 3546; x_wconf 72' lang='lat' dir='ltr'><strong>«Reprehensio</strong></span> <span class='ocrx_word' id='word_1_262' title='bbox 786 3481 822 3521; x_wconf 87' lang='lat' dir='ltr'><strong>est</strong></span> <span class='ocrx_word' id='word_1_263' title='bbox 871 3467 974 3518; x_wconf 77' lang='lat' dir='ltr'><strong>liuntur.</strong></span> <span class='ocrx_word' id='word_1_264' title='bbox 994 3465 1110 3536; x_wconf 82' lang='lat' dir='ltr'><strong>Plerique</strong></span> <span class='ocrx_word' id='word_1_265' title='bbox 1129 3464 1189 3517; x_wconf 85' lang='lat' dir='ltr'><strong>lllss.</strong></span> <span class='ocrx_word' id='word_1_266' title='bbox 1207 3468 1308 3526; x_wconf 65' lang='lat' dir='ltr'><strong>initiis,</strong></span> <span class='ocrx_word' id='word_1_267' title='bbox 1326 3465 1369 3516; x_wconf 82' lang='lat' dir='ltr'><strong>alii</strong></span> 
     </span>
     <span class='ocr_line' id='line_1_30' title="bbox 315 3543 1371 3633; baseline -0.014 -23"><span class='ocrx_word' id='word_1_268' title='bbox 315 3579 358 3633; x_wconf 90' lang='lat' dir='ltr'><strong>per</strong></span> <span class='ocrx_word' id='word_1_269' title='bbox 368 3575 443 3627; x_wconf 83' lang='lat' dir='ltr'><strong>quam</strong></span> <span class='ocrx_word' id='word_1_270' title='bbox 455 3543 654 3625; x_wconf 74' lang='lat' dir='ltr'><strong>argumentando</strong></span> <span class='ocrx_word' id='word_1_271' title='bbox 666 3547 821 3600; x_wconf 85' lang='lat' dir='ltr'><strong>adversario·</strong></span> <span class='ocrx_word' id='word_1_272' title='bbox 869 3547 973 3612; x_wconf 78' lang='lat' dir='ltr'><strong>nuptiis.</strong></span> <span class='ocrx_word' id='word_1_273' title='bbox 986 3543 1091 3616; x_wconf 77' lang='lat' dir='ltr'><strong>Reliqua</strong></span> <span class='ocrx_word' id='word_1_274' title='bbox 1103 3559 1186 3596; x_wconf 84' lang='lat' dir='ltr'><strong>tamen</strong></span> <span class='ocrx_word' id='word_1_275' title='bbox 1196 3563 1269 3596; x_wconf 83' lang='lat' dir='ltr'><strong>seusu</strong></span> <span class='ocrx_word' id='word_1_276' title='bbox 1279 3543 1371 3597; x_wconf 78' lang='lat' dir='ltr'><strong>idoneo</strong></span> 
     </span>
     <span class='ocr_line' id='line_1_31' title="bbox 315 3621 1370 3691; baseline -0.018 -2"><span class='ocrx_word' id='word_1_277' title='bbox 315 3656 371 3688; x_wconf 86' lang='lat' dir='ltr'><strong>rum</strong></span> <span class='ocrx_word' id='word_1_278' title='bbox 382 3632 540 3688; x_wconf 79' lang='lat' dir='ltr'><strong>confirmatio</strong></span> <span class='ocrx_word' id='word_1_279' title='bbox 548 3629 667 3690; x_wconf 88' lang='lat' dir='ltr'><strong>diluitur,</strong></span> <span class='ocrx_word' id='word_1_280' title='bbox 687 3636 730 3677; x_wconf 90' lang='lat' dir='ltr'><strong>aut</strong></span> <span class='ocrx_word' id='word_1_281' title='bbox 741 3621 820 3674; x_wconf 89' lang='lat' dir='ltr'><strong>inlir-</strong></span> <span class='ocrx_word' id='word_1_282' title='bbox 870 3635 954 3676; x_wconf 76' lang='lat' dir='ltr'><strong>eamnt</strong></span> <span class='ocrx_word' id='word_1_283' title='bbox 966 3640 973 3674; x_wconf 78' lang='lat' dir='ltr'><strong>t</strong></span> <span class='ocrx_word' id='word_1_284' title='bbox 984 3643 1065 3691; x_wconf 79' lang='lat' dir='ltr'><strong>quam</strong></span> <span class='ocrx_word' id='word_1_285' title='bbox 1083 3634 1214 3688; x_wconf 77' lang='lat' dir='ltr'><strong>wneeptus</strong></span> <span class='ocrx_word' id='word_1_286' title='bbox 1225 3622 1370 3676; x_wconf 62' lang='lat' dir='ltr'><strong>iubentes.-</strong></span> 
     </span>
     <span class='ocr_line' id='line_1_32' title="bbox 316 3699 1369 3777; baseline -0.019 -10"><span class='ocrx_word' id='word_1_287' title='bbox 316 3727 410 3777; x_wconf 82' lang='lat' dir='ltr'><strong>matur,</strong></span> <span class='ocrx_word' id='word_1_288' title='bbox 421 3724 464 3764; x_wconf 88' lang='lat' dir='ltr'><strong>aut</strong></span> <span class='ocrx_word' id='word_1_289' title='bbox 476 3713 597 3763; x_wconf 77' lang='lat' dir='ltr'><strong>elevatur.</strong></span> <span class='ocrx_word' id='word_1_290' title='bbox 610 3727 623 3752; x_wconf 93' lang='grc' dir='ltr'><strong>ιι</strong></span> <span class='ocrx_word' id='word_1_291' title='bbox 636 3705 699 3756; x_wconf 92' lang='lat' dir='ltr'><strong>ltem</strong></span> <span class='ocrx_word' id='word_1_292' title='bbox 715 3699 819 3753; x_wconf 84' lang='lat' dir='ltr'><strong>Tusenl.</strong></span> <span class='ocrx_word' id='word_1_293' title='bbox 870 3719 926 3772; x_wconf 75' lang='lat' dir='ltr'><strong>quar</strong></span> <span class='ocrx_word' id='word_1_294' title='bbox 944 3699 1048 3772; x_wconf 88' lang='lat' dir='ltr'><strong>quidem</strong></span> <span class='ocrx_word' id='word_1_295' title='bbox 1060 3699 1132 3752; x_wconf 81' lang='lat' dir='ltr'><strong>lectio</strong></span> <span class='ocrx_word' id='word_1_296' title='bbox 1144 3703 1207 3752; x_wconf 84' lang='lat' dir='ltr'><strong>laeta</strong></span> <span class='ocrx_word' id='word_1_297' title='bbox 1220 3711 1279 3752; x_wconf 83' lang='lat' dir='ltr'><strong>este</strong></span> <span class='ocrx_word' id='word_1_298' title='bbox 1290 3699 1369 3772; x_wconf 78' lang='lat' dir='ltr'><strong>script.</strong></span> 
     </span>
     <span class='ocr_line' id='line_1_33' title="bbox 315 3777 1369 3862; baseline -0.02 -16"><span class='ocrx_word' id='word_1_299' title='bbox 315 3793 360 3846; x_wconf 88' lang='lat' dir='ltr'><strong>lih.</strong></span> <span class='ocrx_word' id='word_1_300' title='bbox 379 3791 417 3843; x_wconf 94' lang='lat' dir='ltr'><strong>lll</strong></span> <span class='ocrx_word' id='word_1_301' title='bbox 429 3827 436 3854; x_wconf 82' lang='lat'><strong>,</strong></span> <span class='ocrx_word' id='word_1_302' title='bbox 448 3809 500 3862; x_wconf 86' lang='lat' dir='ltr'><strong>cap.</strong></span> <span class='ocrx_word' id='word_1_303' title='bbox 519 3786 550 3851; x_wconf 69' lang='lat'><strong>²4</strong></span> <span class='ocrx_word' id='word_1_304' title='bbox 563 3805 569 3838; x_wconf 92' lang='lat'><strong>:</strong></span> <span class='ocrx_word' id='word_1_305' title='bbox 583 3809 596 3832; x_wconf 82' lang='grc' dir='ltr'><strong>ιι</strong></span> <span class='ocrx_word' id='word_1_306' title='bbox 609 3783 681 3836; x_wconf 87' lang='lat' dir='ltr'><strong>Nihil</strong></span> <span class='ocrx_word' id='word_1_307' title='bbox 700 3777 822 3849; x_wconf 87' lang='lat' dir='ltr'><strong>estquod</strong></span> <span class='ocrx_word' id='word_1_308' title='bbox 870 3777 944 3830; x_wconf 81' lang='lat' dir='ltr'><strong>codd.</strong></span> <span class='ocrx_word' id='word_1_309' title='bbox 960 3787 1091 3847; x_wconf 78' lang='lat' dir='ltr'><strong>eouoeplus</strong></span> <span class='ocrx_word' id='word_1_310' title='bbox 1106 3777 1186 3828; x_wconf 76' lang='lat' dir='ltr'><strong>nihilo</strong></span> <span class='ocrx_word' id='word_1_311' title='bbox 1205 3787 1297 3838; x_wconf 63' lang='lat' dir='ltr'><strong>auton</strong></span> <span class='ocrx_word' id='word_1_312' title='bbox 1312 3791 1369 3836; x_wconf 80' lang='lat' dir='ltr'><strong>ant,</strong></span> 
     </span>
     <span class='ocr_line' id='line_1_34' title="bbox 315 3853 1370 3932; baseline -0.017 -12"><span class='ocrx_word' id='word_1_313' title='bbox 315 3865 627 3930; x_wconf 80' lang='lat' dir='ltr'><strong>tamobtundsteleoelque</strong></span> <span class='ocrx_word' id='word_1_314' title='bbox 634 3856 821 3932; x_wconf 74' lang='lat' dir='ltr'><strong>aegritudinem,</strong></span> <span class='ocrx_word' id='word_1_315' title='bbox 869 3865 1013 3924; x_wconf 80' lang='lat' dir='ltr'><strong>conceptum</strong></span> <span class='ocrx_word' id='word_1_316' title='bbox 1033 3854 1112 3906; x_wconf 79' lang='lat' dir='ltr'><strong>nihilo</strong></span> <span class='ocrx_word' id='word_1_317' title='bbox 1133 3864 1234 3906; x_wconf 71' lang='lat' dir='ltr'><strong>nahem.</strong></span> <span class='ocrx_word' id='word_1_318' title='bbox 1254 3853 1370 3905; x_wconf 79' lang='lat' dir='ltr'><strong>flariola-</strong></span> 
     </span>
     <span class='ocr_line' id='line_1_35' title="bbox 315 3930 1372 4020; baseline -0.02 -20"><span class='ocrx_word' id='word_1_319' title='bbox 315 3966 410 4020; x_wconf 85' lang='lat' dir='ltr'><strong>qnam,</strong></span> <span class='ocrx_word' id='word_1_320' title='bbox 433 3957 479 3997; x_wconf 86' lang='lat' dir='ltr'><strong>etc.</strong></span> <span class='ocrx_word' id='word_1_321' title='bbox 491 3965 504 3988; x_wconf 90' lang='grc' dir='ltr'><strong>ιι</strong></span> <span class='ocrx_word' id='word_1_322' title='bbox 516 3939 633 4004; x_wconf 76' lang='lat' dir='ltr'><strong>Persius,</strong></span> <span class='ocrx_word' id='word_1_323' title='bbox 654 3935 730 3990; x_wconf 81' lang='lat' dir='ltr'><strong>Satir.</strong></span> <span class='ocrx_word' id='word_1_324' title='bbox 745 3935 773 3998; x_wconf 90' lang='lat' dir='ltr'><strong>l,</strong></span> <span class='ocrx_word' id='word_1_325' title='bbox 786 3952 821 3985; x_wconf 82' lang='lat' dir='ltr'><strong>vs.</strong></span> <span class='ocrx_word' id='word_1_326' title='bbox 870 3931 980 3983; x_wconf 81' lang='lat' dir='ltr'><strong>tionibus</strong></span> <span class='ocrx_word' id='word_1_327' title='bbox 999 3949 1054 3982; x_wconf 87' lang='lat' dir='ltr'><strong>non</strong></span> <span class='ocrx_word' id='word_1_328' title='bbox 1075 3930 1212 4001; x_wconf 77' lang='lat' dir='ltr'><strong>indulgeo,</strong></span> <span class='ocrx_word' id='word_1_329' title='bbox 1232 3943 1372 4003; x_wconf 72' lang='lat' dir='ltr'><strong>exspertem</strong></span> 
     </span>
     <span class='ocr_line' id='line_1_36' title="bbox 316 4009 1068 4089; baseline -0.024 -11"><span class='ocrx_word' id='word_1_330' title='bbox 316 4030 379 4078; x_wconf 73' lang='lat'><strong>52«</strong></span> <span class='ocrx_word' id='word_1_331' title='bbox 392 4025 472 4086; x_wconf 82' lang='lat' dir='ltr'><strong>Non,</strong></span> <span class='ocrx_word' id='word_1_332' title='bbox 494 4019 515 4071; x_wconf 89' lang='lat' dir='ltr'><strong>si</strong></span> <span class='ocrx_word' id='word_1_333' title='bbox 536 4017 598 4089; x_wconf 89' lang='lat' dir='ltr'><strong>quid</strong></span> <span class='ocrx_word' id='word_1_334' title='bbox 619 4015 719 4068; x_wconf 79' lang='lat' dir='ltr'><strong>turbida</strong></span> <span class='ocrx_word' id='word_1_335' title='bbox 739 4011 821 4064; x_wconf 81' lang='lat' dir='ltr'><strong>Roma</strong></span> <span class='ocrx_word' id='word_1_336' title='bbox 870 4011 984 4064; x_wconf 84' lang='lat' dir='ltr'><strong>meliores</strong></span> <span class='ocrx_word' id='word_1_337' title='bbox 996 4009 1068 4062; x_wconf 89' lang='lat' dir='ltr'><strong>codd.</strong></span> 
     </span>
    </p>

    <p class='ocr_par' dir='ltr' id='par_1_5' title="bbox 316 4087 1369 4164">
     <span class='ocr_line' id='line_1_37' title="bbox 316 4087 1369 4164; baseline -0.017 -11"><span class='ocrx_word' id='word_1_338' title='bbox 316 4103 405 4154; x_wconf 85' lang='lat' dir='ltr'><strong>Elevet</strong></span> <span class='ocrx_word' id='word_1_339' title='bbox 417 4138 423 4164; x_wconf 88' lang='lat'><strong>,</strong></span> <span class='ocrx_word' id='word_1_340' title='bbox 434 4096 544 4150; x_wconf 83' lang='lat' dir='ltr'><strong>accedas.</strong></span> <span class='ocrx_word' id='word_1_341' title='bbox 557 4117 570 4140; x_wconf 69' lang='grc' dir='ltr'>υ</span> <span class='ocrx_word' id='word_1_342' title='bbox 902 4091 924 4154; x_wconf 76' lang='grc'><strong>4.</strong></span> <span class='ocrx_word' id='word_1_343' title='bbox 938 4087 1061 4140; x_wconf 79' lang='lat' dir='ltr'><strong>Frontem</strong></span> <span class='ocrx_word' id='word_1_344' title='bbox 1073 4087 1262 4156; x_wconf 67' lang='lat' dir='ltr'><strong>snomfiogm.</strong></span> <span class='ocrx_word' id='word_1_345' title='bbox 1274 4087 1369 4155; x_wconf 62' lang='lat' dir='ltr'><strong>Nempe</strong></span> 
     </span>
    </p>

    <p class='ocr_par' dir='ltr' id='par_1_6' title="bbox 315 4162 1370 4319">
     <span class='ocr_line' id='line_1_38' title="bbox 349 4162 1370 4242; baseline -0.016 -13"><span class='ocrx_word' id='word_1_346' title='bbox 349 4198 371 4228; x_wconf 79' lang='lat' dir='ltr'><strong>a.</strong></span> <span class='ocrx_word' id='word_1_347' title='bbox 384 4176 463 4229; x_wconf 81' lang='lat' dir='ltr'><strong>Bion.</strong></span> <span class='ocrx_word' id='word_1_348' title='bbox 481 4172 552 4224; x_wconf 77' lang='lat' dir='ltr'><strong>Cous</strong></span> <span class='ocrx_word' id='word_1_349' title='bbox 559 4191 633 4242; x_wconf 72' lang='lat' dir='ltr'><strong>supr.</strong></span> <span class='ocrx_word' id='word_1_350' title='bbox 646 4169 677 4220; x_wconf 89' lang='lat' dir='ltr'><strong>ad</strong></span> <span class='ocrx_word' id='word_1_351' title='bbox 688 4187 741 4238; x_wconf 85' lang='lat' dir='ltr'><strong>cap.</strong></span> <span class='ocrx_word' id='word_1_352' title='bbox 752 4167 784 4230; x_wconf 88' lang='lat' dir='ltr'><strong>ll,</strong></span> <span class='ocrx_word' id='word_1_353' title='bbox 796 4183 819 4216; x_wconf 82' lang='lat' dir='ltr'><strong>s.</strong></span> <span class='ocrx_word' id='word_1_354' title='bbox 869 4166 896 4220; x_wconf 88' lang='lat' dir='ltr'><strong>in</strong></span> <span class='ocrx_word' id='word_1_355' title='bbox 905 4166 1007 4219; x_wconf 74' lang='lat' dir='ltr'><strong>tristitia</strong></span> <span class='ocrx_word' id='word_1_356' title='bbox 1015 4165 1135 4236; x_wconf 69' lang='lat' dir='ltr'><strong>speeiem</strong></span> <span class='ocrx_word' id='word_1_357' title='bbox 1145 4162 1212 4233; x_wconf 87' lang='lat' dir='ltr'><strong>quod</strong></span> <span class='ocrx_word' id='word_1_358' title='bbox 1223 4181 1312 4214; x_wconf 81' lang='lat' dir='ltr'><strong>omnes</strong></span> <span class='ocrx_word' id='word_1_359' title='bbox 1321 4163 1370 4214; x_wconf 81' lang='lat' dir='ltr'><strong>lere</strong></span> 
     </span>
     <span class='ocr_line' id='line_1_39' title="bbox 315 4237 1328 4319; baseline -0.018 -13"><span class='ocrx_word' id='word_1_360' title='bbox 315 4254 366 4306; x_wconf 89' lang='lat' dir='ltr'><strong>Ubi</strong></span> <span class='ocrx_word' id='word_1_361' title='bbox 376 4267 461 4305; x_wconf 84' lang='lat' dir='ltr'><strong>tamen</strong></span> <span class='ocrx_word' id='word_1_362' title='bbox 469 4249 521 4304; x_wconf 75' lang='lat' dir='ltr'><strong>hae</strong></span> <span class='ocrx_word' id='word_1_363' title='bbox 532 4246 685 4319; x_wconf 84' lang='lat' dir='ltr'><strong>eomparatio</strong></span> <span class='ocrx_word' id='word_1_364' title='bbox 694 4243 819 4316; x_wconf 83' lang='lat' dir='ltr'><strong>scriptoris</strong></span> <span class='ocrx_word' id='word_1_365' title='bbox 869 4243 974 4306; x_wconf 79' lang='lat' dir='ltr'><strong>faciunt,</strong></span> <span class='ocrx_word' id='word_1_366' title='bbox 988 4239 1027 4293; x_wconf 87' lang='lat' dir='ltr'><strong>vel</strong></span> <span class='ocrx_word' id='word_1_367' title='bbox 1039 4239 1143 4292; x_wconf 87' lang='lat' dir='ltr'><strong>minime</strong></span> <span class='ocrx_word' id='word_1_368' title='bbox 1155 4237 1328 4292; x_wconf 77' lang='lat' dir='ltr'><strong>condolentes.</strong></span> 
     </span>
    </p>
   </div>
   <div class='ocr_carea' id='block_1_5' title="bbox 0 0 1455 4954">
    <p class='ocr_par' dir='ltr' id='par_1_7' title="bbox 0 0 1455 4954">
     <span class='ocr_line' id='line_1_40' title="bbox 0 0 1455 4954; baseline 0 0"><span class='ocrx_word' id='word_1_369' title='bbox 0 0 1455 4954; x_wconf 95' lang='lat' dir='ltr'><strong> </strong></span> 
     </span>
    </p>
   </div>
  </div>
 </body>
</html>
