2926 4958
207 501 272 568 AD
297 501 465 570 STOIC.
491 500 696 568 PHILOS.
723 497 816 567 LIB.
843 498 894 564 ΙΙ.
1010 503 1090 567 xcix

67 666 169 724 genus.»
187 646 244 724 (ln
260 644 366 710 Lucnl.
378 649 393 724 )
407 643 450 708 Et
464 645 538 707 alibi
556 667 564 706 r
583 671 599 699 r
614 643 688 706 Non
706 641 787 706 enim
804 663 907 706 sumus
921 643 965 720 ii,
983 643 1092 724 quibus

66 749 116 810 nihil
127 773 215 814 verum
228 773 295 816 esse
308 752 465 828 rideatur,
483 754 536 814 sed
549 751 601 834 qui
615 751 756 814 omnibus
770 751 850 814 reris
865 747 940 824 salsa
957 753 1092 832 qoedam

67 859 165 936 adjuncta
180 881 241 922 csse
265 860 417 936 dicamus,
438 857 753 931 consimilitudine,
772 873 805 920 ut
823 858 906 920 nulla
924 854 997 920 insit
1009 871 1093 921 certa

66 964 173 1042 judicandi
187 981 215 1028 et
226 967 417 1029 discernendi
426 980 508 1028 nota.
517 993 531 1020 υ
544 964 649 1048 ltaque
660 966 717 1028 hac
732 987 768 1028 re
781 965 822 1027 ab
832 964 970 1028 Arcesila
981 965 1092 1042 abivit,

66 1084 157 1149 negante
168 1093 258 1132 verum
283 1083 334 1132 out
344 1071 456 1152 salsum
472 1092 538 1135 esse
555 1097 563 1131 ε
579 1073 652 1134 item
670 1071 750 1149 alia,
767 1075 848 1154 quod
864 1074 919 1134 etsi
938 1093 1094 1134 assensum

65 1173 186 1250 retineret,
196 1195 255 1236 non
267 1188 371 1238 tamen
383 1175 531 1254 probabile
543 1175 672 1256 aliquid,
691 1189 742 1237 aut
758 1189 882 1254 contra,
901 1176 1048 1260 negabat,
1064 1177 1096 1238 id

65 1291 94 1336 est
103 1285 195 1344 cotuh
204 1301 265 1342 non
280 1279 428 1359 tollebat,
452 1281 597 1345 Arcesilas
617 1281 739 1346 tactum.
762 1281 916 1362 (Numen.
933 1285 1013 1366 apud
1026 1280 1096 1378 Eu7

63 1385 178 1448 sthlV
186 1386 347 1472 Praeparat.
356 1387 482 1472 Erang.)
497 1387 608 1452 Cicero
624 1411 631 1448 :
656 1417 672 1442 a
683 1388 818 1472 Reliquit
831 1388 1006 1454 Carneades
1018 1391 1096 1474 ejus-

61 1494 120 1554 nodi
131 1496 183 1556 risa
195 1497 381 1577 (φαντασίας)
397 1495 506 1578 quibus
529 1499 569 1558 ad
584 1499 735 1560 actionem
751 1497 916 1560 excitemur
937 1521 945 1557 ε
969 1498 1042 1560 item
1060 1519 1098 1561 ea

61 1619 108 1676 tta
120 1601 281 1687 interrogati
295 1604 326 1665 in
339 1617 498 1684 utramque
515 1617 635 1687 partem
654 1605 839 1686 respondere
856 1606 1027 1689 possimus,
1047 1627 1099 1667 se-

59 1721 153 1783 quotes
170 1713 377 1772 tantummodo
399 1713 479 1790 qnod
499 1710 540 1772 ita
565 1711 662 1771 visum
684 1711 740 1786 sit,
758 1712 829 1773 dum
849 1712 914 1773 sine
934 1720 1067 1774 assensu.
1081 1739 1097 1766 a

60 1809 108 1886 (Ν
118 1813 219 1895 head.)
233 1816 327 1879 Plura
340 1831 370 1878 et
382 1817 447 1900 ipsc
462 1813 592 1894 Cicero,
608 1831 639 1879 et
659 1813 837 1879 Plutarchus
851 1818 995 1879 adversus
1005 1815 1099 1880 Colo·

59 1929 112 1978 tenc
122 1919 227 2001 Quarta
239 1970 249 1999 ,
264 1921 404 1986 Philonis
416 1923 473 1984 fuit
484 1970 492 2002 ,
510 1943 601 2005 quem
616 1943 634 1983 a
648 1919 808 1986 Carneade
822 1936 852 1985 et
865 1925 929 2005 ejus
940 1923 1098 2006 discipulo,

60 2042 99 2082 ⁵⁰0
116 2045 288 2114 preceptore
300 2027 513 2106 Clitomacho,
534 2028 654 2105 abisse,
675 2025 786 2092 Cicero
803 2028 914 2110 aliique
930 2039 1098 2091 testantur:

58 2150 100 2206 qua
112 2149 205 2213 parte,
220 2137 305 2196 haud
319 2137 390 2198 satis
405 2135 507 2217 liquet,
521 2133 651 2196 Videtur
665 2147 767 2195 tamen
781 2135 907 2217 propius
918 2136 957 2196 ad
973 2135 1100 2194 Veterem

59 2249 79 2292 ct
95 2233 262 2304 Platonicam
285 2243 469 2318 accessisse,
489 2261 547 2302 nec
562 2237 709 2324 Epochcn
725 2239 816 2322 plene
830 2261 986 2316 servasse,
1007 2259 1101 2320 quum

59 2337 225 2424 -Sapienron
244 2348 366 2432 opinari
384 2367 446 2408 non
466 2345 675 2430 prohiberet.»
700 2344 854 2409 Numenio
878 2347 919 2408 ita
946 2346 1101 2430 scriptum.

56 2442 135 2527 (Apud
147 2447 255 2514 Euseb.
268 2450 372 2532 XVI.)
382 2449 444 2514 Sed
459 2466 489 2514 et
498 2480 512 2505 ιι
521 2434 738 2536 comprehendi
751 2453 887 2532 quadarn
899 2479 915 2506 υ
930 2473 1020 2534 posse
1034 2452 1102 2513 aie-

56 2550 94 2612 hat
114 2576 121 2610 =
142 2557 192 2618 etsi
208 2578 271 2619 non
294 2555 396 2621 Stoica
419 2557 471 2620 illa
493 2572 524 2620 et
543 2571 625 2620 certa
644 2557 824 2641 phantasia,
847 2558 895 2620 cui
914 2558 1021 2621 similis
1040 2557 1100 2620 alia

54 2656 177 2744 obrepere
198 2686 262 2726 non
286 2665 391 2748 possit.
406 2662 539 2745 Quinta,
562 2662 726 2740 Antiochi,
746 2665 798 2745 qni
812 2661 948 2726 Philonis
962 2665 1100 2740 auditor,

54 2758 192 2830 Evidentiae
211 2791 260 2848 ac·
273 2769 424 2834 Sensuum
444 2790 566 2832 cansam
588 2770 736 2852 suscepit,
765 2783 795 2831 et
817 2791 852 2832 re
875 2772 915 2833 ad
941 2766 1048 2832 Stoam
1069 2791 1102 2832 se

51 2875 193 2952 transtulit,
208 2878 386 2940 Academici
400 2891 502 2938 umen
512 2877 636 2940 nomine
646 2890 777 2938 retento.
788 2874 893 2956 ltaque
904 2874 1103 2939 Academiam

53 2975 173 3043 Veterem
184 2984 265 3046 visus
282 2998 329 3046 est
344 2984 525 3046 instaurasse
537 3029 546 3060 ,
563 2982 619 3044 etsi
631 2983 669 3044 dc
683 2979 817 3046 Critcrio
832 3003 900 3044 cum
912 2979 1022 3047 Stoicis
1036 3005 1103 3046 sen-

51 3083 143 3148 tiebat:
155 3090 215 3154 imo
226 3091 286 3171 (ait
296 3087 416 3162 Cicero)
434 3117 449 3144 ιι
460 3089 486 3151 si
498 3109 649 3172 perpauca
658 3090 845 3166 mutavisset,
856 3092 1103 3170 germanissimus

50 3187 155 3258 Stoicus
166 3225 180 3250 n
190 3203 205 3279 (
211 3197 262 3261 IV
268 3197 386 3275 Acad.)
396 3195 477 3279 *Ejus
492 3197 672 3258 sententiam
688 3209 801 3268 totam,
824 3217 860 3260 ex
875 3197 912 3258 iis
924 3219 988 3278 quac
999 3197 1102 3260 Varro

51 3304 111 3379 tpttd
119 3308 254 3369 emndem
261 3303 448 3369 Ciceronem
462 3303 596 3379 disserit,
610 3314 655 3364 est
668 3301 780 3364 videre.
791 3299 923 3385 Sceptici
932 3319 1103 3388 superstmt,

51 3407 259 3498 quihusPyrrlro
267 3413 328 3472 dux
338 3423 479 3474 etauctor
490 3409 553 3471 luit.
563 3407 682 3470 Eorum
689 3409 835 3470 sententia
849 3433 855 3468 :
869 3439 884 3464 u
893 3409 957 3473 Res
969 3435 1005 3473 cx
1017 3433 1102 3494 ecquo

52 3509 244 3594 indifferentes,
260 3517 415 3594 incertas,
432 3514 650 3599 injudicabiles.
665 3511 739 3576 Ideo
754 3537 810 3577 nec
827 3537 945 3590 sensus,
959 3540 1016 3581 nec
1032 3521 1104 3602 opi·

51 3615 131 3684 oioocs
146 3638 267 3688 nostras
285 3645 392 3686 rerum
410 3636 461 3685 aut
481 3623 591 3685 salsum
608 3623 718 3685 dicere.
742 3620 826 3706 Ergo
849 3645 905 3687 nec
920 3626 993 3708 ipsis
1012 3626 1103 3689 fidem

51 3721 217 3818 bdandam,
245 3735 303 3796 sed
319 3731 500 3816 opinationis
520 3744 657 3814 expertes
677 3747 801 3796 manere
817 3753 874 3795 nos
889 3734 1022 3804 dehere,
1039 3735 1104 3797 sine

51 3831 244 3917 inclinatione,
262 3839 329 3902 sine
345 3838 480 3900 motione
497 3864 504 3909 ;
521 3839 558 3899 dc
572 3857 690 3918 quaque
700 3837 816 3922 singula
827 3860 862 3900 re
876 3841 1025 3903 dicentes:
1042 3862 1104 3904 non

51 3944 125 4024 mgis
140 3961 201 4024 cst,
225 3964 399 4029 qnamnon
414 3959 461 4007 cst
476 3969 484 4004 :
502 3944 656 4025 itemque,
678 3955 723 4006 est
733 3991 745 4020 ,
769 3966 830 4008 non
846 3953 911 4024 est',
931 3969 1029 4028 neque
1042 3971 1106 4011 non

50 4063 91 4108 est
101 4079 113 4102 n
127 4051 331 4132 (Aristoteles
345 4053 425 4135 apud
436 4049 549 4114 Etucb.
568 4050 621 4112 lib.
634 4049 739 4129 XIV.)
752 4051 858 4114 Plures
877 4054 1004 4117 istorum
1016 4078 1106 4119 voces

51 4149 72 4210 it
83 4151 163 4222 Serto
176 4157 347 4244 Empirico
360 4157 562 4239 (quicumque
579 4157 603 4218 is
617 4157 689 4229 fuit;
706 4158 829 4238 quidam
839 4156 992 4222 Plutarchi
1009 4183 1044 4222 ex
1059 4182 1107 4223 so-

51 4277 103 4320 mre
115 4280 278 4348 cognatum
290 4276 432 4340 censent,
451 4265 502 4326 sed
516 4263 715 4345 quicumque,
734 4263 854 4347 ingenio
870 4278 900 4327 et
913 4266 1035 4348 argutiis
1050 4289 1104 4327 va-

50 4360 130 4448 lidos),
147 4373 175 4434 in
201 4373 260 4434 illo
275 4417 286 4448 ,
313 4373 456 4452 inquam,
480 4370 571 4432 etiam
590 4369 651 4430 istoe
673 4397 679 4428 :
696 4397 711 4422 «
720 4367 792 4431 Non
806 4371 902 4452 magis
915 4371 995 4450 hoc,
1016 4394 1106 4453 quam
