<?xml version="1.0" encoding="UTF-8"?>
<!DOCTYPE html PUBLIC "-//W3C//DTD XHTML 1.0 Transitional//EN"
    "http://www.w3.org/TR/xhtml1/DTD/xhtml1-transitional.dtd">
<html xmlns="http://www.w3.org/1999/xhtml" xml:lang="en" lang="en">
 <head>
  <title>
</title>
<meta http-equiv="Content-Type" content="text/html;charset=utf-8" />
  <meta name='ocr-system' content='tesseract 3.04.00' />
  <meta name='ocr-capabilities' content='ocr_page ocr_carea ocr_par ocr_line ocrx_word'/>
</head>
<body>
  <div class='ocr_page' id='page_1' title='image "./lannsenecparspr01bouigoog_0245.png"; bbox 0 0 2896 4958; ppageno 0'>
   <div class='ocr_carea' id='block_1_1' title="bbox 304 444 1210 530">
    <p class='ocr_par' dir='ltr' id='par_1_1' title="bbox 304 444 1210 530">
     <span class='ocr_line' id='line_1_1' title="bbox 304 444 1210 530; baseline 0.018 -20"><span class='ocrx_word' id='word_1_1' title='bbox 304 449 445 530; x_wconf 78' lang='lat' dir='ltr'><strong>ccxxxvj</strong></span> <span class='ocrx_word' id='word_1_2' title='bbox 491 444 522 512; x_wconf 90' lang='lat' dir='ltr'><strong>J.</strong></span> <span class='ocrx_word' id='word_1_3' title='bbox 549 445 713 515; x_wconf 90' lang='lat' dir='ltr'><strong>LIPSll</strong></span> <span class='ocrx_word' id='word_1_4' title='bbox 739 448 1210 526; x_wconf 84' lang='lat' dir='ltr'><strong>MANUDUCTIONIS</strong></span> 
     </span>
    </p>
   </div>
   <div class='ocr_carea' id='block_1_2' title="bbox 302 589 1427 1965">
    <p class='ocr_par' dir='ltr' id='par_1_2' title="bbox 302 589 1427 1965">
     <span class='ocr_line' id='line_1_2' title="bbox 303 589 1380 675; baseline 0.014 -25"><span class='ocrx_word' id='word_1_5' title='bbox 303 609 360 650; x_wconf 89' lang='lat' dir='ltr'><strong>nec</strong></span> <span class='ocrx_word' id='word_1_6' title='bbox 382 589 497 670; x_wconf 83' lang='lat' dir='ltr'><strong>injussu</strong></span> <span class='ocrx_word' id='word_1_7' title='bbox 522 593 605 674; x_wconf 83' lang='lat' dir='ltr'><strong>ejus,</strong></span> <span class='ocrx_word' id='word_1_8' title='bbox 625 613 721 674; x_wconf 85' lang='lat' dir='ltr'><strong>aquo</strong></span> <span class='ocrx_word' id='word_1_9' title='bbox 743 593 795 656; x_wconf 90' lang='lat' dir='ltr'><strong>ille</strong></span> <span class='ocrx_word' id='word_1_10' title='bbox 821 608 866 658; x_wconf 87' lang='lat' dir='ltr'><strong>est</strong></span> <span class='ocrx_word' id='word_1_11' title='bbox 889 597 994 675; x_wconf 87' lang='lat' dir='ltr'><strong>datus,</strong></span> <span class='ocrx_word' id='word_1_12' title='bbox 1016 599 1230 664; x_wconf 77' lang='lat' dir='ltr'><strong>exhominans</strong></span> <span class='ocrx_word' id='word_1_13' title='bbox 1245 602 1306 663; x_wconf 81' lang='lat' dir='ltr'><strong>rita</strong></span> <span class='ocrx_word' id='word_1_14' title='bbox 1331 605 1380 664; x_wconf 87' lang='lat' dir='ltr'><strong>mi-</strong></span> 
     </span>
     <span class='ocr_line' id='line_1_3' title="bbox 302 697 1382 789; baseline 0.015 -34"><span class='ocrx_word' id='word_1_15' title='bbox 302 697 450 777; x_wconf 89' lang='lat' dir='ltr'><strong>grandum</strong></span> <span class='ocrx_word' id='word_1_16' title='bbox 475 717 565 769; x_wconf 83' lang='lat' dir='ltr'><strong>esse;</strong></span> <span class='ocrx_word' id='word_1_17' title='bbox 597 719 636 762; x_wconf 91' lang='lat' dir='ltr'><strong>ne</strong></span> <span class='ocrx_word' id='word_1_18' title='bbox 657 720 766 766; x_wconf 87' lang='lat' dir='ltr'><strong>munus</strong></span> <span class='ocrx_word' id='word_1_19' title='bbox 784 700 969 781; x_wconf 85' lang='lat' dir='ltr'><strong>humanum,</strong></span> <span class='ocrx_word' id='word_1_20' title='bbox 993 705 1182 789; x_wconf 84' lang='lat' dir='ltr'><strong>adsignatum</strong></span> <span class='ocrx_word' id='word_1_21' title='bbox 1196 727 1215 768; x_wconf 87' lang='lat' dir='ltr'><strong>a</strong></span> <span class='ocrx_word' id='word_1_22' title='bbox 1228 705 1315 784; x_wconf 88' lang='lat' dir='ltr'><strong>Deo,</strong></span> <span class='ocrx_word' id='word_1_23' title='bbox 1337 711 1382 770; x_wconf 87' lang='lat' dir='ltr'><strong>de-</strong></span> 
     </span>
     <span class='ocr_line' id='line_1_4' title="bbox 302 801 1379 894; baseline 0.012 -33"><span class='ocrx_word' id='word_1_24' title='bbox 302 801 414 885; x_wconf 79' lang='lat' dir='ltr'><strong>fugisse</strong></span> <span class='ocrx_word' id='word_1_25' title='bbox 425 802 592 866; x_wconf 82' lang='lat' dir='ltr'><strong>rideamur.</strong></span> <span class='ocrx_word' id='word_1_26' title='bbox 603 831 618 860; x_wconf 86' lang='grc' dir='ltr'><strong>ιι</strong></span> <span class='ocrx_word' id='word_1_27' title='bbox 632 801 719 888; x_wconf 71' lang='lat' dir='ltr'><strong>(Cic.</strong></span> <span class='ocrx_word' id='word_1_28' title='bbox 727 808 759 868; x_wconf 93' lang='lat' dir='ltr'><strong>in</strong></span> <span class='ocrx_word' id='word_1_29' title='bbox 770 805 876 868; x_wconf 88' lang='lat' dir='ltr'><strong>Somn.</strong></span> <span class='ocrx_word' id='word_1_30' title='bbox 889 805 988 892; x_wconf 85' lang='lat' dir='ltr'><strong>Scip.)</strong></span> <span class='ocrx_word' id='word_1_31' title='bbox 1001 805 1042 871; x_wconf 87' lang='lat' dir='ltr'><strong>Et</strong></span> <span class='ocrx_word' id='word_1_32' title='bbox 1054 810 1200 894; x_wconf 84' lang='lat' dir='ltr'><strong>Apuleius</strong></span> <span class='ocrx_word' id='word_1_33' title='bbox 1212 813 1292 875; x_wconf 88' lang='lat' dir='ltr'><strong>inter</strong></span> <span class='ocrx_word' id='word_1_34' title='bbox 1306 814 1379 874; x_wconf 89' lang='lat' dir='ltr'><strong>illius</strong></span> 
     </span>
     <span class='ocr_line' id='line_1_5' title="bbox 304 909 1381 998; baseline 0.008 -27"><span class='ocrx_word' id='word_1_35' title='bbox 304 911 446 992; x_wconf 81' lang='lat' dir='ltr'><strong>dogmata</strong></span> <span class='ocrx_word' id='word_1_36' title='bbox 464 934 473 970; x_wconf 76' lang='grc' dir='ltr'><strong>ι</strong></span> <span class='ocrx_word' id='word_1_37' title='bbox 490 909 644 996; x_wconf 78' lang='lat' dir='ltr'><strong>«Sapiens</strong></span> <span class='ocrx_word' id='word_1_38' title='bbox 661 933 771 997; x_wconf 84' lang='lat' dir='ltr'><strong>corpus</strong></span> <span class='ocrx_word' id='word_1_39' title='bbox 787 934 850 976; x_wconf 89' lang='lat' dir='ltr'><strong>non</strong></span> <span class='ocrx_word' id='word_1_40' title='bbox 861 915 1013 998; x_wconf 83' lang='lat' dir='ltr'><strong>relinquet</strong></span> <span class='ocrx_word' id='word_1_41' title='bbox 1026 917 1120 980; x_wconf 82' lang='lat' dir='ltr'><strong>inrito</strong></span> <span class='ocrx_word' id='word_1_42' title='bbox 1138 917 1220 981; x_wconf 89' lang='lat' dir='ltr'><strong>Deo.</strong></span> <span class='ocrx_word' id='word_1_43' title='bbox 1233 917 1317 982; x_wconf 89' lang='lat' dir='ltr'><strong>Nam</strong></span> <span class='ocrx_word' id='word_1_44' title='bbox 1332 920 1381 981; x_wconf 88' lang='lat' dir='ltr'><strong>etsi</strong></span> 
     </span>
     <span class='ocr_line' id='line_1_6' title="bbox 303 1017 1427 1106; baseline 0.007 -27"><span class='ocrx_word' id='word_1_45' title='bbox 303 1017 334 1080; x_wconf 91' lang='lat' dir='ltr'><strong>in</strong></span> <span class='ocrx_word' id='word_1_46' title='bbox 349 1019 413 1099; x_wconf 86' lang='lat' dir='ltr'><strong>ejus</strong></span> <span class='ocrx_word' id='word_1_47' title='bbox 426 1039 520 1080; x_wconf 88' lang='lat' dir='ltr'><strong>mann</strong></span> <span class='ocrx_word' id='word_1_48' title='bbox 539 1033 586 1084; x_wconf 86' lang='lat' dir='ltr'><strong>est</strong></span> <span class='ocrx_word' id='word_1_49' title='bbox 600 1022 710 1083; x_wconf 87' lang='lat' dir='ltr'><strong>mortis</strong></span> <span class='ocrx_word' id='word_1_50' title='bbox 729 1021 878 1098; x_wconf 73' lang='lat' dir='ltr'><strong>facultas,</strong></span> <span class='ocrx_word' id='word_1_51' title='bbox 898 1037 928 1086; x_wconf 88' lang='lat' dir='ltr'><strong>ot</strong></span> <span class='ocrx_word' id='word_1_52' title='bbox 951 1027 1090 1106; x_wconf 67' lang='lat' dir='ltr'><strong>mamus</strong></span> <span class='ocrx_word' id='word_1_53' title='bbox 1105 1027 1180 1089; x_wconf 87' lang='lat' dir='ltr'><strong>sciat</strong></span> <span class='ocrx_word' id='word_1_54' title='bbox 1202 1049 1234 1090; x_wconf 87' lang='lat' dir='ltr'><strong>se</strong></span> <span class='ocrx_word' id='word_1_55' title='bbox 1257 1028 1379 1090; x_wconf 84' lang='lat' dir='ltr'><strong>terrenis</strong></span> <span class='ocrx_word' id='word_1_56' title='bbox 1422 1021 1427 1037; x_wconf 84' lang='lat'><em>&#39;</em></span> 
     </span>
     <span class='ocr_line' id='line_1_7' title="bbox 303 1119 1379 1216; baseline 0.007 -31"><span class='ocrx_word' id='word_1_57' title='bbox 303 1119 416 1186; x_wconf 87' lang='lat' dir='ltr'><strong>relictis</strong></span> <span class='ocrx_word' id='word_1_58' title='bbox 432 1141 664 1190; x_wconf 87' lang='lat' dir='ltr'><strong>consecutunnn</strong></span> <span class='ocrx_word' id='word_1_59' title='bbox 679 1147 745 1190; x_wconf 89' lang='lat' dir='ltr'><strong>esse</strong></span> <span class='ocrx_word' id='word_1_60' title='bbox 759 1128 908 1201; x_wconf 79' lang='lat' dir='ltr'><strong>meliora3</strong></span> <span class='ocrx_word' id='word_1_61' title='bbox 925 1131 983 1192; x_wconf 91' lang='lat' dir='ltr'><strong>nisi</strong></span> <span class='ocrx_word' id='word_1_62' title='bbox 997 1133 1228 1216; x_wconf 81' lang='lat' dir='ltr'><strong>perpetiendum</strong></span> <span class='ocrx_word' id='word_1_63' title='bbox 1244 1133 1323 1195; x_wconf 86' lang='lat' dir='ltr'><strong>istud</strong></span> <span class='ocrx_word' id='word_1_64' title='bbox 1336 1133 1379 1194; x_wconf 82' lang='lat' dir='ltr'><strong>lex</strong></span> 
     </span>
     <span class='ocr_line' id='line_1_8' title="bbox 303 1231 1378 1310; baseline 0.008 -18"><span class='ocrx_word' id='word_1_65' title='bbox 303 1231 403 1292; x_wconf 88' lang='lat' dir='ltr'><strong>divina</strong></span> <span class='ocrx_word' id='word_1_66' title='bbox 424 1233 610 1310; x_wconf 74' lang='lat' dir='ltr'><strong>demererit,</strong></span> <span class='ocrx_word' id='word_1_67' title='bbox 627 1236 775 1298; x_wconf 88' lang='lat' dir='ltr'><strong>accersire</strong></span> <span class='ocrx_word' id='word_1_68' title='bbox 795 1251 897 1300; x_wconf 74' lang='lat' dir='ltr'><strong>umen</strong></span> <span class='ocrx_word' id='word_1_69' title='bbox 917 1259 988 1300; x_wconf 89' lang='lat' dir='ltr'><strong>cnm</strong></span> <span class='ocrx_word' id='word_1_70' title='bbox 1011 1253 1142 1302; x_wconf 86' lang='lat' dir='ltr'><strong>mortem</strong></span> <span class='ocrx_word' id='word_1_71' title='bbox 1156 1260 1217 1302; x_wconf 87' lang='lat' dir='ltr'><strong>non</strong></span> <span class='ocrx_word' id='word_1_72' title='bbox 1238 1241 1378 1304; x_wconf 61' lang='lat' dir='ltr'><strong>deberet»</strong></span> 
     </span>
     <span class='ocr_line' id='line_1_9' title="bbox 303 1337 1381 1428; baseline 0.007 -28"><span class='ocrx_word' id='word_1_73' title='bbox 303 1337 375 1417; x_wconf 91' lang='lat' dir='ltr'><strong>(De</strong></span> <span class='ocrx_word' id='word_1_74' title='bbox 387 1337 526 1418; x_wconf 88' lang='lat' dir='ltr'><strong>Philus.)</strong></span> <span class='ocrx_word' id='word_1_75' title='bbox 536 1338 622 1404; x_wconf 87' lang='lat' dir='ltr'><strong>Siout</strong></span> <span class='ocrx_word' id='word_1_76' title='bbox 633 1342 714 1404; x_wconf 89' lang='lat' dir='ltr'><strong>enim</strong></span> <span class='ocrx_word' id='word_1_77' title='bbox 724 1343 1000 1428; x_wconf 79' lang='lat' dir='ltr'><strong>quosmagistratus</strong></span> <span class='ocrx_word' id='word_1_78' title='bbox 1011 1345 1042 1407; x_wconf 93' lang='lat' dir='ltr'><strong>in</strong></span> <span class='ocrx_word' id='word_1_79' title='bbox 1057 1367 1213 1410; x_wconf 80' lang='lat' dir='ltr'><strong>carcerem</strong></span> <span class='ocrx_word' id='word_1_80' title='bbox 1224 1359 1277 1408; x_wconf 89' lang='lat' dir='ltr'><strong>ant</strong></span> <span class='ocrx_word' id='word_1_81' title='bbox 1291 1360 1381 1408; x_wconf 77' lang='lat' dir='ltr'><strong>custo</strong></span> 
     </span>
     <span class='ocr_line' id='line_1_10' title="bbox 307 1447 1381 1536; baseline 0.006 -29"><span class='ocrx_word' id='word_1_82' title='bbox 307 1447 389 1508; x_wconf 70' lang='lat' dir='ltr'><strong>dam</strong></span> <span class='ocrx_word' id='word_1_83' title='bbox 405 1448 486 1508; x_wconf 84' lang='lat' dir='ltr'><strong>dedit</strong></span> <span class='ocrx_word' id='word_1_84' title='bbox 496 1493 505 1525; x_wconf 90' lang='lat'><strong>,</strong></span> <span class='ocrx_word' id='word_1_85' title='bbox 515 1448 574 1509; x_wconf 93' lang='lat' dir='ltr'><strong>nisi</strong></span> <span class='ocrx_word' id='word_1_86' title='bbox 586 1449 650 1531; x_wconf 89' lang='lat' dir='ltr'><strong>ejus</strong></span> <span class='ocrx_word' id='word_1_87' title='bbox 664 1450 751 1510; x_wconf 83' lang='lat' dir='ltr'><strong>venia</strong></span> <span class='ocrx_word' id='word_1_88' title='bbox 768 1470 831 1512; x_wconf 92' lang='lat' dir='ltr'><strong>non</strong></span> <span class='ocrx_word' id='word_1_89' title='bbox 845 1467 954 1515; x_wconf 86' lang='lat' dir='ltr'><strong>exeunt</strong></span> <span class='ocrx_word' id='word_1_90' title='bbox 971 1477 979 1528; x_wconf 82' lang='lat'><em>3</em></span> <span class='ocrx_word' id='word_1_91' title='bbox 998 1453 1023 1516; x_wconf 88' lang='lat' dir='ltr'><strong>si</strong></span> <span class='ocrx_word' id='word_1_92' title='bbox 1041 1453 1173 1528; x_wconf 80' lang='lat' dir='ltr'><strong>faciunt,</strong></span> <span class='ocrx_word' id='word_1_93' title='bbox 1192 1475 1316 1536; x_wconf 79' lang='lat' dir='ltr'><strong>poenam</strong></span> <span class='ocrx_word' id='word_1_94' title='bbox 1330 1452 1381 1514; x_wconf 85' lang='lat' dir='ltr'><strong>sibi</strong></span> 
     </span>
     <span class='ocr_line' id='line_1_11' title="bbox 306 1553 1381 1637; baseline 0.006 -25"><span class='ocrx_word' id='word_1_95' title='bbox 306 1553 456 1636; x_wconf 78' lang='lat' dir='ltr'><strong>adaugent</strong></span> <span class='ocrx_word' id='word_1_96' title='bbox 477 1576 484 1613; x_wconf 81' lang='grc' dir='ltr'><strong>ι</strong></span> <span class='ocrx_word' id='word_1_97' title='bbox 506 1554 548 1616; x_wconf 92' lang='lat' dir='ltr'><strong>ita</strong></span> <span class='ocrx_word' id='word_1_98' title='bbox 565 1555 589 1616; x_wconf 93' lang='lat' dir='ltr'><strong>si</strong></span> <span class='ocrx_word' id='word_1_99' title='bbox 607 1555 674 1637; x_wconf 82' lang='lat' dir='ltr'><strong>quis</strong></span> <span class='ocrx_word' id='word_1_100' title='bbox 690 1555 773 1617; x_wconf 82' lang='lat' dir='ltr'><strong>velut</strong></span> <span class='ocrx_word' id='word_1_101' title='bbox 790 1555 900 1619; x_wconf 76' lang='lat' dir='ltr'><strong>furtiva</strong></span> <span class='ocrx_word' id='word_1_102' title='bbox 914 1558 1097 1622; x_wconf 81' lang='lat' dir='ltr'><strong>discessione</strong></span> <span class='ocrx_word' id='word_1_103' title='bbox 1111 1581 1129 1621; x_wconf 87' lang='lat' dir='ltr'><strong>e</strong></span> <span class='ocrx_word' id='word_1_104' title='bbox 1143 1559 1204 1621; x_wconf 84' lang='lat' dir='ltr'><strong>vita</strong></span> <span class='ocrx_word' id='word_1_105' title='bbox 1220 1558 1306 1632; x_wconf 89' lang='lat' dir='ltr'><strong>abit,</strong></span> <span class='ocrx_word' id='word_1_106' title='bbox 1326 1579 1381 1619; x_wconf 91' lang='lat' dir='ltr'><strong>non</strong></span> 
     </span>
     <span class='ocr_line' id='line_1_12' title="bbox 306 1659 1380 1750; baseline 0.006 -28"><span class='ocrx_word' id='word_1_107' title='bbox 306 1659 395 1722; x_wconf 89' lang='lat' dir='ltr'><strong>vitari</strong></span> <span class='ocrx_word' id='word_1_108' title='bbox 407 1661 563 1724; x_wconf 89' lang='lat' dir='ltr'><strong>miseriam</strong></span> <span class='ocrx_word' id='word_1_109' title='bbox 577 1708 585 1740; x_wconf 91' lang='lat'><strong>,</strong></span> <span class='ocrx_word' id='word_1_110' title='bbox 600 1665 653 1726; x_wconf 92' lang='lat' dir='ltr'><strong>sed</strong></span> <span class='ocrx_word' id='word_1_111' title='bbox 665 1664 824 1750; x_wconf 84' lang='lat' dir='ltr'><strong>cumulari.</strong></span> <span class='ocrx_word' id='word_1_112' title='bbox 833 1665 920 1729; x_wconf 84' lang='lat' dir='ltr'><strong>Talis</strong></span> <span class='ocrx_word' id='word_1_113' title='bbox 934 1666 1015 1729; x_wconf 89' lang='lat' dir='ltr'><strong>enim</strong></span> <span class='ocrx_word' id='word_1_114' title='bbox 1025 1667 1126 1729; x_wconf 86' lang='lat' dir='ltr'><strong>anima</strong></span> <span class='ocrx_word' id='word_1_115' title='bbox 1140 1681 1241 1744; x_wconf 88' lang='lat' dir='ltr'><strong>metu,</strong></span> <span class='ocrx_word' id='word_1_116' title='bbox 1258 1668 1380 1738; x_wconf 87' lang='lat' dir='ltr'><strong>dolore,</strong></span> 
     </span>
     <span class='ocr_line' id='line_1_13' title="bbox 307 1768 1382 1854; baseline -0.001 -24"><span class='ocrx_word' id='word_1_117' title='bbox 307 1769 377 1830; x_wconf 94' lang='lat' dir='ltr'><strong>odio</strong></span> <span class='ocrx_word' id='word_1_118' title='bbox 391 1768 497 1832; x_wconf 81' lang='lat' dir='ltr'><strong>secisse</strong></span> <span class='ocrx_word' id='word_1_119' title='bbox 511 1769 542 1832; x_wconf 92' lang='lat' dir='ltr'><strong>id</strong></span> <span class='ocrx_word' id='word_1_120' title='bbox 556 1771 673 1833; x_wconf 82' lang='lat' dir='ltr'><strong>videtur</strong></span> <span class='ocrx_word' id='word_1_121' title='bbox 687 1797 695 1842; x_wconf 86' lang='lat'><strong>;</strong></span> <span class='ocrx_word' id='word_1_122' title='bbox 708 1792 782 1852; x_wconf 89' lang='lat' dir='ltr'><strong>quas</strong></span> <span class='ocrx_word' id='word_1_123' title='bbox 792 1773 948 1854; x_wconf 82' lang='lat' dir='ltr'><strong>passiones</strong></span> <span class='ocrx_word' id='word_1_124' title='bbox 964 1795 1067 1837; x_wconf 86' lang='lat' dir='ltr'><strong>secum</strong></span> <span class='ocrx_word' id='word_1_125' title='bbox 1078 1773 1193 1849; x_wconf 79' lang='lat' dir='ltr'><strong>aufert,</strong></span> <span class='ocrx_word' id='word_1_126' title='bbox 1207 1787 1237 1836; x_wconf 85' lang='lat' dir='ltr'><strong>et</strong></span> <span class='ocrx_word' id='word_1_127' title='bbox 1249 1773 1298 1834; x_wconf 82' lang='lat' dir='ltr'><strong>lais</strong></span> <span class='ocrx_word' id='word_1_128' title='bbox 1308 1773 1382 1833; x_wconf 85' lang='lat' dir='ltr'><strong>velot</strong></span> 
     </span>
     <span class='ocr_line' id='line_1_14' title="bbox 307 1875 1381 1965; baseline 0.001 -29"><span class='ocrx_word' id='word_1_129' title='bbox 307 1875 446 1940; x_wconf 89' lang='lat' dir='ltr'><strong>sordibus</strong></span> <span class='ocrx_word' id='word_1_130' title='bbox 460 1875 569 1941; x_wconf 87' lang='lat' dir='ltr'><strong>insecta</strong></span> <span class='ocrx_word' id='word_1_131' title='bbox 582 1923 592 1954; x_wconf 90' lang='lat'><strong>,</strong></span> <span class='ocrx_word' id='word_1_132' title='bbox 607 1899 670 1940; x_wconf 90' lang='lat' dir='ltr'><strong>non</strong></span> <span class='ocrx_word' id='word_1_133' title='bbox 682 1878 765 1941; x_wconf 76' lang='lat' dir='ltr'><strong>venit</strong></span> <span class='ocrx_word' id='word_1_134' title='bbox 775 1881 814 1942; x_wconf 88' lang='lat' dir='ltr'><strong>ad</strong></span> <span class='ocrx_word' id='word_1_135' title='bbox 828 1879 943 1943; x_wconf 85' lang='lat' dir='ltr'><strong>liberos</strong></span> <span class='ocrx_word' id='word_1_136' title='bbox 956 1901 1108 1965; x_wconf 87' lang='lat' dir='ltr'><strong>purosque</strong></span> <span class='ocrx_word' id='word_1_137' title='bbox 1124 1879 1193 1942; x_wconf 89' lang='lat' dir='ltr'><strong>illos</strong></span> <span class='ocrx_word' id='word_1_138' title='bbox 1211 1881 1307 1943; x_wconf 90' lang='lat' dir='ltr'><strong>locos.</strong></span> <span class='ocrx_word' id='word_1_139' title='bbox 1315 1879 1381 1938; x_wconf 84' lang='lat' dir='ltr'><strong>Vir·</strong></span> 
     </span>
    </p>
   </div>
   <div class='ocr_carea' id='block_1_3' title="bbox 308 1981 1145 2431">
    <p class='ocr_par' dir='ltr' id='par_1_3' title="bbox 308 1981 1145 2431">
     <span class='ocr_line' id='line_1_15' title="bbox 308 1981 633 2066; baseline 0.003 -23"><span class='ocrx_word' id='word_1_140' title='bbox 308 1983 396 2066; x_wconf 90' lang='lat' dir='ltr'><strong>gilius</strong></span> <span class='ocrx_word' id='word_1_141' title='bbox 408 1981 612 2046; x_wconf 88' lang='lat' dir='ltr'><strong>Platonissans</strong></span> <span class='ocrx_word' id='word_1_142' title='bbox 625 2008 633 2044; x_wconf 75' lang='grc' dir='ltr'><strong>ε</strong></span> 
     </span>
     <span class='ocr_line' id='line_1_16' title="bbox 438 2081 1145 2155; baseline 0.001 -20"><span class='ocrx_word' id='word_1_143' title='bbox 438 2083 557 2136; x_wconf 84' lang='lat' dir='ltr'><strong>Proxima</strong></span> <span class='ocrx_word' id='word_1_144' title='bbox 567 2081 660 2136; x_wconf 83' lang='lat' dir='ltr'><strong>deinde</strong></span> <span class='ocrx_word' id='word_1_145' title='bbox 672 2097 757 2137; x_wconf 84' lang='lat' dir='ltr'><strong>tenent</strong></span> <span class='ocrx_word' id='word_1_146' title='bbox 771 2084 853 2138; x_wconf 75' lang='lat' dir='ltr'><strong>measti</strong></span> <span class='ocrx_word' id='word_1_147' title='bbox 864 2085 919 2138; x_wconf 81' lang='lat' dir='ltr'><strong>loca</strong></span> <span class='ocrx_word' id='word_1_148' title='bbox 931 2123 940 2152; x_wconf 88' lang='lat'><strong>,</strong></span> <span class='ocrx_word' id='word_1_149' title='bbox 953 2085 997 2155; x_wconf 91' lang='lat' dir='ltr'><strong>qui</strong></span> <span class='ocrx_word' id='word_1_150' title='bbox 1009 2083 1057 2138; x_wconf 79' lang='lat' dir='ltr'><strong>sibi</strong></span> <span class='ocrx_word' id='word_1_151' title='bbox 1068 2085 1145 2140; x_wconf 87' lang='lat' dir='ltr'><strong>letum</strong></span> 
     </span>
     <span class='ocr_line' id='line_1_17' title="bbox 443 2173 1032 2248; baseline 0.003 -24"><span class='ocrx_word' id='word_1_152' title='bbox 443 2173 558 2225; x_wconf 87' lang='lat' dir='ltr'><strong>lnsontcs</strong></span> <span class='ocrx_word' id='word_1_153' title='bbox 569 2193 687 2248; x_wconf 83' lang='lat' dir='ltr'><strong>peperere</strong></span> <span class='ocrx_word' id='word_1_154' title='bbox 698 2193 778 2227; x_wconf 78' lang='lat' dir='ltr'><strong>manu</strong></span> <span class='ocrx_word' id='word_1_155' title='bbox 788 2215 795 2242; x_wconf 87' lang='lat'><strong>,</strong></span> <span class='ocrx_word' id='word_1_156' title='bbox 806 2173 939 2244; x_wconf 85' lang='lat' dir='ltr'><strong>lucemque</strong></span> <span class='ocrx_word' id='word_1_157' title='bbox 950 2173 1032 2246; x_wconf 86' lang='lat' dir='ltr'><strong>perosi</strong></span> 
     </span>
     <span class='ocr_line' id='line_1_18' title="bbox 439 2259 1112 2336; baseline -0.001 -20"><span class='ocrx_word' id='word_1_158' title='bbox 439 2259 576 2336; x_wconf 69' lang='lat' dir='ltr'><strong>projecere</strong></span> <span class='ocrx_word' id='word_1_159' title='bbox 589 2265 686 2318; x_wconf 85' lang='lat' dir='ltr'><strong>animas</strong></span> <span class='ocrx_word' id='word_1_160' title='bbox 699 2283 707 2328; x_wconf 73' lang='grc' dir='ltr'>ς</span> <span class='ocrx_word' id='word_1_161' title='bbox 719 2285 796 2336; x_wconf 87' lang='lat' dir='ltr'><strong>qnam</strong></span> <span class='ocrx_word' id='word_1_162' title='bbox 808 2265 903 2318; x_wconf 87' lang='lat' dir='ltr'><strong>vellent</strong></span> <span class='ocrx_word' id='word_1_163' title='bbox 914 2264 1007 2318; x_wconf 71' lang='lat' dir='ltr'><strong>ethere</strong></span> <span class='ocrx_word' id='word_1_164' title='bbox 1021 2264 1048 2318; x_wconf 89' lang='lat' dir='ltr'><strong>in</strong></span> <span class='ocrx_word' id='word_1_165' title='bbox 1062 2263 1112 2316; x_wconf 84' lang='lat' dir='ltr'><strong>alto</strong></span> 
     </span>
     <span class='ocr_line' id='line_1_19' title="bbox 441 2357 1099 2431; baseline -0.003 -21"><span class='ocrx_word' id='word_1_166' title='bbox 441 2357 518 2410; x_wconf 82' lang='lat' dir='ltr'><strong>Nune</strong></span> <span class='ocrx_word' id='word_1_167' title='bbox 527 2370 552 2410; x_wconf 86' lang='lat' dir='ltr'><strong>et</strong></span> <span class='ocrx_word' id='word_1_168' title='bbox 564 2357 725 2430; x_wconf 82' lang='lat' dir='ltr'><strong>pauperiem,</strong></span> <span class='ocrx_word' id='word_1_169' title='bbox 740 2370 764 2410; x_wconf 90' lang='lat' dir='ltr'><strong>et</strong></span> <span class='ocrx_word' id='word_1_170' title='bbox 777 2358 852 2411; x_wconf 87' lang='lat' dir='ltr'><strong>duros</strong></span> <span class='ocrx_word' id='word_1_171' title='bbox 862 2358 974 2431; x_wconf 81' lang='lat' dir='ltr'><strong>perferre</strong></span> <span class='ocrx_word' id='word_1_172' title='bbox 984 2357 1082 2409; x_wconf 86' lang='lat' dir='ltr'><strong>labores</strong></span> <span class='ocrx_word' id='word_1_173' title='bbox 1093 2357 1099 2409; x_wconf 93' lang='lat'>!</span> 
     </span>
    </p>
   </div>
   <div class='ocr_carea' id='block_1_4' title="bbox 307 2443 1382 2532">
    <p class='ocr_par' dir='ltr' id='par_1_4' title="bbox 307 2443 1382 2532">
     <span class='ocr_line' id='line_1_20' title="bbox 307 2443 1382 2532; baseline -0.004 -22"><span class='ocrx_word' id='word_1_174' title='bbox 307 2448 378 2510; x_wconf 87' lang='lat' dir='ltr'><strong>Una</strong></span> <span class='ocrx_word' id='word_1_175' title='bbox 390 2451 533 2511; x_wconf 85' lang='lat' dir='ltr'><strong>duntaxat</strong></span> <span class='ocrx_word' id='word_1_176' title='bbox 545 2471 631 2512; x_wconf 90' lang='lat' dir='ltr'><strong>mors</strong></span> <span class='ocrx_word' id='word_1_177' title='bbox 641 2451 744 2529; x_wconf 82' lang='lat' dir='ltr'><strong>lleita,</strong></span> <span class='ocrx_word' id='word_1_178' title='bbox 763 2463 851 2532; x_wconf 88' lang='lat' dir='ltr'><strong>atquc</strong></span> <span class='ocrx_word' id='word_1_179' title='bbox 866 2451 942 2512; x_wconf 91' lang='lat' dir='ltr'><strong>adeo</strong></span> <span class='ocrx_word' id='word_1_180' title='bbox 954 2449 1073 2511; x_wconf 90' lang='lat' dir='ltr'><strong>laudata</strong></span> <span class='ocrx_word' id='word_1_181' title='bbox 1087 2473 1094 2520; x_wconf 89' lang='lat'>;</span> <span class='ocrx_word' id='word_1_182' title='bbox 1118 2447 1171 2508; x_wconf 88' lang='lat' dir='ltr'><strong>illa</strong></span> <span class='ocrx_word' id='word_1_183' title='bbox 1183 2491 1197 2523; x_wconf 85' lang='lat'><strong>,</strong></span> <span class='ocrx_word' id='word_1_184' title='bbox 1207 2467 1303 2528; x_wconf 82' lang='lat' dir='ltr'><strong>quum</strong></span> <span class='ocrx_word' id='word_1_185' title='bbox 1312 2443 1382 2508; x_wconf 82' lang='lat' dir='ltr'><strong>Ani-</strong></span> 
     </span>
    </p>
   </div>
   <div class='ocr_carea' id='block_1_5' title="bbox 206 2555 1385 2642">
    <p class='ocr_par' dir='ltr' id='par_1_5' title="bbox 206 2555 1385 2642">
     <span class='ocr_line' id='line_1_21' title="bbox 206 2555 1385 2642; baseline -0.006 -22"><span class='ocrx_word' id='word_1_186' title='bbox 206 2559 212 2572; x_wconf 87' lang='lat'><strong><em>‘</em></strong></span> <span class='ocrx_word' id='word_1_187' title='bbox 307 2578 356 2619; x_wconf 90' lang='lat' dir='ltr'><strong>ma</strong></span> <span class='ocrx_word' id='word_1_188' title='bbox 372 2563 537 2642; x_wconf 73' lang='lat' dir='ltr'><strong>corporeas</strong></span> <span class='ocrx_word' id='word_1_189' title='bbox 554 2557 736 2636; x_wconf 87' lang='lat' dir='ltr'><strong>illecebras,</strong></span> <span class='ocrx_word' id='word_1_190' title='bbox 756 2557 852 2621; x_wconf 87' lang='lat' dir='ltr'><strong>adhuc</strong></span> <span class='ocrx_word' id='word_1_191' title='bbox 865 2559 898 2620; x_wconf 92' lang='lat' dir='ltr'><strong>in</strong></span> <span class='ocrx_word' id='word_1_192' title='bbox 911 2578 1041 2642; x_wconf 87' lang='lat' dir='ltr'><strong>corpore</strong></span> <span class='ocrx_word' id='word_1_193' title='bbox 1055 2555 1236 2633; x_wconf 88' lang='lat' dir='ltr'><strong>constituta,</strong></span> <span class='ocrx_word' id='word_1_194' title='bbox 1258 2567 1385 2618; x_wconf 87' lang='lat' dir='ltr'><strong>contem-</strong></span> 
     </span>
    </p>
   </div>
   <div class='ocr_carea' id='block_1_6' title="bbox 307 2661 1388 3713">
    <p class='ocr_par' dir='ltr' id='par_1_6' title="bbox 307 2661 1388 3713">
     <span class='ocr_line' id='line_1_22' title="bbox 307 2661 1383 2742; baseline -0.009 -16"><span class='ocrx_word' id='word_1_195' title='bbox 307 2665 370 2742; x_wconf 90' lang='lat' dir='ltr'><strong>nit,</strong></span> <span class='ocrx_word' id='word_1_196' title='bbox 384 2678 414 2726; x_wconf 77' lang='grc' dir='ltr'><strong>ιι</strong></span> <span class='ocrx_word' id='word_1_197' title='bbox 423 2665 522 2728; x_wconf 90' lang='lat' dir='ltr'><strong>soluta</strong></span> <span class='ocrx_word' id='word_1_198' title='bbox 533 2664 594 2727; x_wconf 91' lang='lat' dir='ltr'><strong>illis</strong></span> <span class='ocrx_word' id='word_1_199' title='bbox 604 2663 732 2728; x_wconf 85' lang='lat' dir='ltr'><strong>vinculis</strong></span> <span class='ocrx_word' id='word_1_200' title='bbox 743 2663 815 2726; x_wconf 76' lang='lat' dir='ltr'><strong>nelo</strong></span> <span class='ocrx_word' id='word_1_201' title='bbox 826 2678 856 2725; x_wconf 86' lang='lat' dir='ltr'><strong>ct</strong></span> <span class='ocrx_word' id='word_1_202' title='bbox 867 2663 1015 2726; x_wconf 87' lang='lat' dir='ltr'><strong>sideribus</strong></span> <span class='ocrx_word' id='word_1_203' title='bbox 1029 2661 1224 2724; x_wconf 86' lang='lat' dir='ltr'><strong>meditatione</strong></span> <span class='ocrx_word' id='word_1_204' title='bbox 1240 2661 1383 2723; x_wconf 80' lang='lat' dir='ltr'><strong>insertur:</strong></span> 
     </span>
     <span class='ocr_line' id='line_1_23' title="bbox 308 2767 1384 2854; baseline -0.007 -20"><span class='ocrx_word' id='word_1_205' title='bbox 308 2774 345 2834; x_wconf 92' lang='lat' dir='ltr'><strong>de</strong></span> <span class='ocrx_word' id='word_1_206' title='bbox 356 2793 415 2854; x_wconf 89' lang='lat' dir='ltr'><strong>qua</strong></span> <span class='ocrx_word' id='word_1_207' title='bbox 426 2773 589 2849; x_wconf 86' lang='lat' dir='ltr'><strong>sentimus,</strong></span> <span class='ocrx_word' id='word_1_208' title='bbox 605 2793 698 2854; x_wconf 87' lang='lat' dir='ltr'><strong>quum</strong></span> <span class='ocrx_word' id='word_1_209' title='bbox 714 2772 858 2846; x_wconf 90' lang='lat' dir='ltr'><strong>dicimus,</strong></span> <span class='ocrx_word' id='word_1_210' title='bbox 873 2768 1126 2853; x_wconf 71' lang='lat' dir='ltr'><strong>«Philosophiam</strong></span> <span class='ocrx_word' id='word_1_211' title='bbox 1137 2768 1249 2830; x_wconf 86' lang='lat' dir='ltr'><strong>mortis</strong></span> <span class='ocrx_word' id='word_1_212' title='bbox 1261 2767 1384 2832; x_wconf 87' lang='lat' dir='ltr'><strong>studium</strong></span> 
     </span>
     <span class='ocr_line' id='line_1_24' title="bbox 307 2874 1384 2963; baseline -0.009 -21"><span class='ocrx_word' id='word_1_213' title='bbox 307 2901 384 2942; x_wconf 90' lang='lat' dir='ltr'><strong>esse.</strong></span> <span class='ocrx_word' id='word_1_214' title='bbox 392 2908 407 2932; x_wconf 89' lang='grc' dir='ltr'><strong>ιι</strong></span> <span class='ocrx_word' id='word_1_215' title='bbox 418 2879 508 2941; x_wconf 85' lang='lat' dir='ltr'><strong>Talia</strong></span> <span class='ocrx_word' id='word_1_216' title='bbox 520 2926 528 2954; x_wconf 92' lang='lat'><strong>,</strong></span> <span class='ocrx_word' id='word_1_217' title='bbox 546 2893 576 2940; x_wconf 85' lang='lat' dir='ltr'><strong>ot</strong></span> <span class='ocrx_word' id='word_1_218' title='bbox 590 2878 677 2963; x_wconf 87' lang='lat' dir='ltr'><strong>plura</strong></span> <span class='ocrx_word' id='word_1_219' title='bbox 690 2923 699 2953; x_wconf 89' lang='lat'><strong>,</strong></span> <span class='ocrx_word' id='word_1_220' title='bbox 712 2876 882 2940; x_wconf 88' lang='lat' dir='ltr'><strong>Platonici:</strong></span> <span class='ocrx_word' id='word_1_221' title='bbox 898 2879 962 2960; x_wconf 86' lang='lat' dir='ltr'><strong>jam</strong></span> <span class='ocrx_word' id='word_1_222' title='bbox 974 2875 1155 2938; x_wconf 83' lang='lat' dir='ltr'><strong>Aristoteles</strong></span> <span class='ocrx_word' id='word_1_223' title='bbox 1169 2921 1176 2949; x_wconf 90' lang='lat'><strong>,</strong></span> <span class='ocrx_word' id='word_1_224' title='bbox 1193 2875 1299 2957; x_wconf 90' lang='lat' dir='ltr'><strong>palam</strong></span> <span class='ocrx_word' id='word_1_225' title='bbox 1313 2874 1384 2935; x_wconf 79' lang='lat' dir='ltr'><strong>lianc</strong></span> 
     </span>
     <span class='ocr_line' id='line_1_25' title="bbox 307 2979 1384 3068; baseline -0.009 -20"><span class='ocrx_word' id='word_1_226' title='bbox 307 2999 505 3068; x_wconf 91' lang='lat' dir='ltr'><strong>spontaneam</strong></span> <span class='ocrx_word' id='word_1_227' title='bbox 520 3000 651 3048; x_wconf 87' lang='lat' dir='ltr'><strong>mortem</strong></span> <span class='ocrx_word' id='word_1_228' title='bbox 666 2988 807 3057; x_wconf 89' lang='lat' dir='ltr'><strong>damnat;</strong></span> <span class='ocrx_word' id='word_1_229' title='bbox 821 2997 909 3066; x_wconf 86' lang='lat' dir='ltr'><strong>atque</strong></span> <span class='ocrx_word' id='word_1_230' title='bbox 921 2984 952 3046; x_wconf 90' lang='lat' dir='ltr'><strong>id</strong></span> <span class='ocrx_word' id='word_1_231' title='bbox 963 2983 1091 3045; x_wconf 83' lang='lat' dir='ltr'><strong>ratione.</strong></span> <span class='ocrx_word' id='word_1_232' title='bbox 1113 2979 1166 3042; x_wconf 78' lang='lat' dir='ltr'><strong>Ait</strong></span> <span class='ocrx_word' id='word_1_233' title='bbox 1179 2981 1265 3043; x_wconf 91' lang='lat' dir='ltr'><strong>enim</strong></span> <span class='ocrx_word' id='word_1_234' title='bbox 1275 2994 1384 3041; x_wconf 89' lang='lat' dir='ltr'><strong>tantum</strong></span> 
     </span>
     <span class='ocr_line' id='line_1_26' title="bbox 309 3088 1386 3178; baseline -0.006 -24"><span class='ocrx_word' id='word_1_235' title='bbox 309 3092 426 3170; x_wconf 85' lang='lat' dir='ltr'><strong>abesse,</strong></span> <span class='ocrx_word' id='word_1_236' title='bbox 443 3107 476 3154; x_wconf 91' lang='lat' dir='ltr'><strong>ut</strong></span> <span class='ocrx_word' id='word_1_237' title='bbox 491 3095 549 3154; x_wconf 86' lang='lat' dir='ltr'><strong>viri</strong></span> <span class='ocrx_word' id='word_1_238' title='bbox 563 3093 649 3158; x_wconf 87' lang='lat' dir='ltr'><strong>sortis</strong></span> <span class='ocrx_word' id='word_1_239' title='bbox 666 3108 717 3156; x_wconf 88' lang='lat' dir='ltr'><strong>ant</strong></span> <span class='ocrx_word' id='word_1_240' title='bbox 730 3093 916 3178; x_wconf 86' lang='lat' dir='ltr'><strong>magnanimi</strong></span> <span class='ocrx_word' id='word_1_241' title='bbox 932 3093 1000 3154; x_wconf 87' lang='lat' dir='ltr'><strong>talis</strong></span> <span class='ocrx_word' id='word_1_242' title='bbox 1016 3091 1105 3154; x_wconf 83' lang='lat' dir='ltr'><strong>exitio</strong></span> <span class='ocrx_word' id='word_1_243' title='bbox 1122 3088 1170 3168; x_wconf 88' lang='lat' dir='ltr'><strong>sit,</strong></span> <span class='ocrx_word' id='word_1_244' title='bbox 1186 3103 1220 3150; x_wconf 90' lang='lat' dir='ltr'><strong>nt</strong></span> <span class='ocrx_word' id='word_1_245' title='bbox 1232 3089 1386 3152; x_wconf 85' lang='lat' dir='ltr'><strong>contrati-</strong></span> 
     </span>
     <span class='ocr_line' id='line_1_27' title="bbox 307 3197 1384 3284; baseline -0.006 -22"><span class='ocrx_word' id='word_1_246' title='bbox 307 3200 382 3263; x_wconf 88' lang='lat' dir='ltr'><strong>midi</strong></span> <span class='ocrx_word' id='word_1_247' title='bbox 399 3215 429 3262; x_wconf 89' lang='lat' dir='ltr'><strong>et</strong></span> <span class='ocrx_word' id='word_1_248' title='bbox 447 3200 557 3283; x_wconf 82' lang='lat' dir='ltr'><strong>ignavi.</strong></span> <span class='ocrx_word' id='word_1_249' title='bbox 570 3199 678 3263; x_wconf 87' lang='lat' dir='ltr'><strong>Verba</strong></span> <span class='ocrx_word' id='word_1_250' title='bbox 692 3202 756 3284; x_wconf 84' lang='lat' dir='ltr'><strong>ejus</strong></span> <span class='ocrx_word' id='word_1_251' title='bbox 773 3223 781 3260; x_wconf 81' lang='grc' dir='ltr'><strong>ι</strong></span> <span class='ocrx_word' id='word_1_252' title='bbox 800 3197 908 3260; x_wconf 82' lang='lat' dir='ltr'><strong>«Mori</strong></span> <span class='ocrx_word' id='word_1_253' title='bbox 924 3199 965 3262; x_wconf 89' lang='lat' dir='ltr'><strong>ob</strong></span> <span class='ocrx_word' id='word_1_254' title='bbox 981 3197 1139 3281; x_wconf 89' lang='lat' dir='ltr'><strong>inopiam,</strong></span> <span class='ocrx_word' id='word_1_255' title='bbox 1155 3209 1208 3257; x_wconf 90' lang='lat' dir='ltr'><strong>aut</strong></span> <span class='ocrx_word' id='word_1_256' title='bbox 1223 3215 1384 3270; x_wconf 83' lang='lat' dir='ltr'><strong>autorem,</strong></span> 
     </span>
     <span class='ocr_line' id='line_1_28' title="bbox 307 3301 1383 3384; baseline -0.008 -14"><span class='ocrx_word' id='word_1_257' title='bbox 307 3322 360 3370; x_wconf 86' lang='lat' dir='ltr'><strong>ant</strong></span> <span class='ocrx_word' id='word_1_258' title='bbox 370 3309 452 3369; x_wconf 90' lang='lat' dir='ltr'><strong>aliud</strong></span> <span class='ocrx_word' id='word_1_259' title='bbox 461 3307 635 3384; x_wconf 88' lang='lat' dir='ltr'><strong>molestum,</strong></span> <span class='ocrx_word' id='word_1_260' title='bbox 647 3330 709 3369; x_wconf 91' lang='lat' dir='ltr'><strong>non</strong></span> <span class='ocrx_word' id='word_1_261' title='bbox 720 3321 764 3370; x_wconf 90' lang='lat' dir='ltr'><strong>est</strong></span> <span class='ocrx_word' id='word_1_262' title='bbox 774 3307 861 3368; x_wconf 89' lang='lat' dir='ltr'><strong>lortis</strong></span> <span class='ocrx_word' id='word_1_263' title='bbox 872 3307 940 3384; x_wconf 79' lang='lat' dir='ltr'><strong>riri,</strong></span> <span class='ocrx_word' id='word_1_264' title='bbox 950 3309 1002 3368; x_wconf 89' lang='lat' dir='ltr'><strong>sed</strong></span> <span class='ocrx_word' id='word_1_265' title='bbox 1017 3304 1123 3366; x_wconf 88' lang='lat' dir='ltr'><strong>timidi.</strong></span> <span class='ocrx_word' id='word_1_266' title='bbox 1134 3301 1287 3367; x_wconf 86' lang='lat' dir='ltr'><strong>Mollities</strong></span> <span class='ocrx_word' id='word_1_267' title='bbox 1298 3303 1383 3374; x_wconf 90' lang='lat' dir='ltr'><strong>enim,</strong></span> 
     </span>
     <span class='ocr_line' id='line_1_29' title="bbox 307 3411 1386 3498; baseline -0.006 -22"><span class='ocrx_word' id='word_1_268' title='bbox 307 3415 412 3498; x_wconf 88' lang='lat' dir='ltr'><strong>lugere</strong></span> <span class='ocrx_word' id='word_1_269' title='bbox 431 3414 564 3477; x_wconf 85' lang='lat' dir='ltr'><strong>difficilia</strong></span> <span class='ocrx_word' id='word_1_270' title='bbox 581 3428 610 3476; x_wconf 88' lang='lat' dir='ltr'><strong>et</strong></span> <span class='ocrx_word' id='word_1_271' title='bbox 624 3435 749 3498; x_wconf 85' lang='lat' dir='ltr'><strong>aspera,</strong></span> <span class='ocrx_word' id='word_1_272' title='bbox 768 3435 866 3496; x_wconf 91' lang='lat' dir='ltr'><strong>neque</strong></span> <span class='ocrx_word' id='word_1_273' title='bbox 886 3427 1037 3490; x_wconf 87' lang='lat' dir='ltr'><strong>mortem,</strong></span> <span class='ocrx_word' id='word_1_274' title='bbox 1059 3425 1092 3473; x_wconf 89' lang='lat' dir='ltr'><strong>ut</strong></span> <span class='ocrx_word' id='word_1_275' title='bbox 1109 3411 1228 3474; x_wconf 87' lang='lat' dir='ltr'><strong>bonum</strong></span> <span class='ocrx_word' id='word_1_276' title='bbox 1245 3411 1386 3482; x_wconf 87' lang='lat' dir='ltr'><strong>sustinet,</strong></span> 
     </span>
     <span class='ocr_line' id='line_1_30' title="bbox 308 3515 1388 3606; baseline -0.006 -22"><span class='ocrx_word' id='word_1_277' title='bbox 308 3524 361 3584; x_wconf 90' lang='lat' dir='ltr'><strong>sed</strong></span> <span class='ocrx_word' id='word_1_278' title='bbox 372 3521 488 3583; x_wconf 89' lang='lat' dir='ltr'><strong>malum</strong></span> <span class='ocrx_word' id='word_1_279' title='bbox 502 3521 629 3606; x_wconf 86' lang='lat' dir='ltr'><strong>lugiens.</strong></span> <span class='ocrx_word' id='word_1_280' title='bbox 640 3549 655 3577; x_wconf 90' lang='grc' dir='ltr'><strong>ιι</strong></span> <span class='ocrx_word' id='word_1_281' title='bbox 667 3520 736 3601; x_wconf 91' lang='lat' dir='ltr'><strong>(lll</strong></span> <span class='ocrx_word' id='word_1_282' title='bbox 746 3518 849 3583; x_wconf 86' lang='lat' dir='ltr'><strong>Ethic.</strong></span> <span class='ocrx_word' id='word_1_283' title='bbox 863 3522 902 3582; x_wconf 90' lang='lat' dir='ltr'><strong>ad</strong></span> <span class='ocrx_word' id='word_1_284' title='bbox 914 3518 1037 3582; x_wconf 88' lang='lat' dir='ltr'><strong>Nicom.</strong></span> <span class='ocrx_word' id='word_1_285' title='bbox 1052 3540 1116 3602; x_wconf 88' lang='lat' dir='ltr'><strong>cap.</strong></span> <span class='ocrx_word' id='word_1_286' title='bbox 1133 3541 1149 3602; x_wconf 86' lang='lat'>7</span> <span class='ocrx_word' id='word_1_287' title='bbox 1163 3563 1171 3594; x_wconf 91' lang='lat'><strong>,</strong></span> <span class='ocrx_word' id='word_1_288' title='bbox 1190 3531 1222 3579; x_wconf 87' lang='lat' dir='ltr'><strong>et</strong></span> <span class='ocrx_word' id='word_1_289' title='bbox 1236 3521 1277 3580; x_wconf 90' lang='lat' dir='ltr'><strong>ad</strong></span> <span class='ocrx_word' id='word_1_290' title='bbox 1292 3515 1388 3579; x_wconf 87' lang='lat' dir='ltr'><strong>Eum-</strong></span> 
     </span>
     <span class='ocr_line' id='line_1_31' title="bbox 308 3625 1312 3713; baseline -0.008 -21"><span class='ocrx_word' id='word_1_291' title='bbox 308 3633 386 3692; x_wconf 88' lang='lat' dir='ltr'><strong>dem.</strong></span> <span class='ocrx_word' id='word_1_292' title='bbox 403 3631 456 3692; x_wconf 88' lang='lat' dir='ltr'><strong>lib.</strong></span> <span class='ocrx_word' id='word_1_293' title='bbox 472 3629 545 3708; x_wconf 83' lang='grc' dir='ltr'>ΙΙΙ.)</span> <span class='ocrx_word' id='word_1_294' title='bbox 559 3627 721 3713; x_wconf 89' lang='lat' dir='ltr'><strong>Euripides</strong></span> <span class='ocrx_word' id='word_1_295' title='bbox 736 3625 903 3692; x_wconf 87' lang='lat' dir='ltr'><strong>Herculem</strong></span> <span class='ocrx_word' id='word_1_296' title='bbox 920 3627 1002 3708; x_wconf 87' lang='lat' dir='ltr'><strong>loqui</strong></span> <span class='ocrx_word' id='word_1_297' title='bbox 1016 3625 1218 3689; x_wconf 85' lang='lat' dir='ltr'><strong>consimiliter</strong></span> <span class='ocrx_word' id='word_1_298' title='bbox 1229 3625 1312 3688; x_wconf 84' lang='lat' dir='ltr'><strong>lacit.</strong></span> 
     </span>
    </p>
   </div>
   <div class='ocr_carea' id='block_1_7' title="bbox 440 3727 1011 4262">
    <p class='ocr_par' dir='ltr' id='par_1_7' title="bbox 442 3727 945 3806">
     <span class='ocr_line' id='line_1_32' title="bbox 442 3727 945 3806; baseline -0.008 -17"><span class='ocrx_word' id='word_1_299' title='bbox 442 3727 581 3806; x_wconf 60' lang='grc' dir='ltr'>ἐσκεψάμην</span> <span class='ocrx_word' id='word_1_300' title='bbox 593 3738 619 3791; x_wconf 77' lang='lat' dir='ltr'><strong>dl</strong></span> <span class='ocrx_word' id='word_1_301' title='bbox 630 3773 638 3801; x_wconf 83' lang='lat'><strong><em>‚</em></strong></span> <span class='ocrx_word' id='word_1_302' title='bbox 652 3737 735 3804; x_wconf 71' lang='grc' dir='ltr'>καίπερ</span> <span class='ocrx_word' id='word_1_303' title='bbox 746 3735 770 3788; x_wconf 71' lang='lat' dir='ltr'><strong>lt</strong></span> <span class='ocrx_word' id='word_1_304' title='bbox 781 3743 885 3789; x_wconf 74' lang='grc' dir='ltr'><strong>κακοῖσιν</strong></span> <span class='ocrx_word' id='word_1_305' title='bbox 897 3731 945 3798; x_wconf 68' lang='grc' dir='ltr'><strong>ὃν,</strong></span> 
     </span>
    </p>

    <p class='ocr_par' dir='ltr' id='par_1_8' title="bbox 446 3826 927 3894">
     <span class='ocr_line' id='line_1_33' title="bbox 446 3826 927 3894; baseline -0.01 -15"><span class='ocrx_word' id='word_1_306' title='bbox 446 3828 487 3884; x_wconf 75' lang='grc' dir='ltr'><strong>Μὴ</strong></span> <span class='ocrx_word' id='word_1_307' title='bbox 498 3828 585 3880; x_wconf 74' lang='lat' dir='ltr'><strong>dulles</strong></span> <span class='ocrx_word' id='word_1_308' title='bbox 597 3826 661 3894; x_wconf 69' lang='grc' dir='ltr'><strong>ὄφλω</strong></span> <span class='ocrx_word' id='word_1_309' title='bbox 672 3826 716 3880; x_wconf 75' lang='grc' dir='ltr'><strong>τιν’</strong></span> <span class='ocrx_word' id='word_1_310' title='bbox 723 3865 731 3890; x_wconf 82' lang='grc'><strong>,</strong></span> <span class='ocrx_word' id='word_1_311' title='bbox 744 3826 847 3882; x_wconf 69' lang='lat' dir='ltr'><strong>islandis</strong></span> <span class='ocrx_word' id='word_1_312' title='bbox 858 3826 927 3891; x_wconf 72' lang='grc' dir='ltr'><strong>φέιος.</strong></span> 
     </span>
    </p>

    <p class='ocr_par' dir='ltr' id='par_1_9' title="bbox 440 3916 989 3989">
     <span class='ocr_line' id='line_1_34' title="bbox 440 3916 989 3989; baseline -0.007 -17"><span class='ocrx_word' id='word_1_313' title='bbox 440 3929 498 3981; x_wconf 78' lang='grc' dir='ltr'><strong>Ταῖς</strong></span> <span class='ocrx_word' id='word_1_314' title='bbox 511 3927 640 3989; x_wconf 71' lang='grc' dir='ltr'><strong>συμφοραῖς</strong></span> <span class='ocrx_word' id='word_1_315' title='bbox 651 3920 694 3988; x_wconf 74' lang='lat' dir='ltr'><strong>ydtp</strong></span> <span class='ocrx_word' id='word_1_316' title='bbox 704 3919 767 3980; x_wconf 69' lang='grc' dir='ltr'><strong>ὅστις</strong></span> <span class='ocrx_word' id='word_1_317' title='bbox 780 3916 835 3987; x_wconf 79' lang='grc' dir='ltr'>ὂυχ’</span> <span class='ocrx_word' id='word_1_318' title='bbox 848 3919 969 3983; x_wconf 69' lang='grc' dir='ltr'><strong>ὑφίσταται</strong></span> <span class='ocrx_word' id='word_1_319' title='bbox 981 3951 989 3979; x_wconf 84' lang='grc'>,</span> 
     </span>
    </p>

    <p class='ocr_par' dir='ltr' id='par_1_10' title="bbox 442 3999 992 4078">
     <span class='ocr_line' id='line_1_35' title="bbox 442 3999 992 4078; baseline -0.011 -15"><span class='ocrx_word' id='word_1_320' title='bbox 442 3999 477 4064; x_wconf 63' lang='lat' dir='ltr'><strong>ou</strong></span> <span class='ocrx_word' id='word_1_321' title='bbox 489 4009 512 4063; x_wconf 83' lang='grc' dir='ltr'><strong>ι’</strong></span> <span class='ocrx_word' id='word_1_322' title='bbox 523 4010 641 4078; x_wconf 56' lang='lat' dir='ltr'><strong>aaut.</strong></span> <span class='ocrx_word' id='word_1_323' title='bbox 653 4008 759 4064; x_wconf 56' lang='lat' dir='ltr'><strong>assata·</strong></span> <span class='ocrx_word' id='word_1_324' title='bbox 770 4009 902 4066; x_wconf 58' lang='lat' dir='ltr'><strong>aaran,</strong></span> <span class='ocrx_word' id='word_1_325' title='bbox 915 4007 992 4066; x_wconf 59' lang='lat' dir='ltr'><strong>erta-</strong></span> 
     </span>
    </p>

    <p class='ocr_par' dir='ltr' id='par_1_11' title="bbox 443 4096 1011 4262">
     <span class='ocr_line' id='line_1_36' title="bbox 445 4096 1011 4184; baseline -0.009 -32"><span class='ocrx_word' id='word_1_326' title='bbox 445 4099 611 4152; x_wconf 83' lang='lat' dir='ltr'><strong>Considcravi</strong></span> <span class='ocrx_word' id='word_1_327' title='bbox 624 4119 671 4171; x_wconf 82' lang='lat' dir='ltr'><strong>ego</strong></span> <span class='ocrx_word' id='word_1_328' title='bbox 683 4139 690 4162; x_wconf 95' lang='lat'><strong>,</strong></span> <span class='ocrx_word' id='word_1_329' title='bbox 702 4097 774 4152; x_wconf 81' lang='lat' dir='ltr'><strong>malis</strong></span> <span class='ocrx_word' id='word_1_330' title='bbox 785 4098 831 4150; x_wconf 84' lang='lat' dir='ltr'><strong>etsi</strong></span> <span class='ocrx_word' id='word_1_331' title='bbox 843 4096 960 4158; x_wconf 81' lang='lat' dir='ltr'><strong>obrutus,</strong></span> <span class='ocrx_word' id='word_1_332' title='bbox 1005 4159 1011 4184; x_wconf 40' lang='grc' dir='ltr'>ι</span> 
     </span>
     <span class='ocr_line' id='line_1_37' title="bbox 443 4188 988 4262; baseline -0.015 -18"><span class='ocrx_word' id='word_1_333' title='bbox 443 4191 483 4244; x_wconf 84' lang='lat' dir='ltr'><strong>Ne</strong></span> <span class='ocrx_word' id='word_1_334' title='bbox 493 4191 550 4262; x_wconf 88' lang='lat' dir='ltr'><strong>quis</strong></span> <span class='ocrx_word' id='word_1_335' title='bbox 561 4191 695 4255; x_wconf 86' lang='lat' dir='ltr'><strong>timorem,</strong></span> <span class='ocrx_word' id='word_1_336' title='bbox 708 4189 760 4241; x_wconf 87' lang='lat' dir='ltr'><strong>vita</strong></span> <span class='ocrx_word' id='word_1_337' title='bbox 769 4188 838 4242; x_wconf 85' lang='lat' dir='ltr'><strong>abire</strong></span> <span class='ocrx_word' id='word_1_338' title='bbox 850 4226 858 4255; x_wconf 82' lang='grc'><strong>,</strong></span> <span class='ocrx_word' id='word_1_339' title='bbox 871 4199 970 4240; x_wconf 84' lang='lat' dir='ltr'><strong>censeat</strong></span> <span class='ocrx_word' id='word_1_340' title='bbox 982 4205 988 4236; x_wconf 91' lang='lat'>:</span> 
     </span>
    </p>
   </div>
   <div class='ocr_carea' id='block_1_8' title="bbox 447 4265 1138 4422">
    <p class='ocr_par' dir='ltr' id='par_1_12' title="bbox 447 4265 1138 4422">
     <span class='ocr_line' id='line_1_38' title="bbox 447 4265 1138 4352; baseline -0.007 -19"><span class='ocrx_word' id='word_1_341' title='bbox 447 4283 513 4333; x_wconf 85' lang='lat' dir='ltr'><strong>Nam</strong></span> <span class='ocrx_word' id='word_1_342' title='bbox 522 4281 566 4352; x_wconf 88' lang='lat' dir='ltr'><strong>qui</strong></span> <span class='ocrx_word' id='word_1_343' title='bbox 578 4281 651 4334; x_wconf 87' lang='lat' dir='ltr'><strong>malis</strong></span> <span class='ocrx_word' id='word_1_344' title='bbox 662 4279 795 4333; x_wconf 82' lang='lat' dir='ltr'><strong>subsistere</strong></span> <span class='ocrx_word' id='word_1_345' title='bbox 804 4265 1000 4348; x_wconf 57' lang='lat' dir='ltr'><strong>haudquaquam</strong></span> <span class='ocrx_word' id='word_1_346' title='bbox 1012 4289 1046 4330; x_wconf 84' lang='lat' dir='ltr'><strong>est</strong></span> <span class='ocrx_word' id='word_1_347' title='bbox 1062 4277 1138 4350; x_wconf 85' lang='lat' dir='ltr'><strong>potis,</strong></span> 
     </span>
     <span class='ocr_line' id='line_1_39' title="bbox 449 4364 914 4422; baseline -0.017 0"><span class='ocrx_word' id='word_1_348' title='bbox 449 4371 503 4422; x_wconf 80' lang='lat' dir='ltr'><strong>Nec</strong></span> <span class='ocrx_word' id='word_1_349' title='bbox 514 4367 557 4420; x_wconf 85' lang='lat' dir='ltr'><strong>illc</strong></span> <span class='ocrx_word' id='word_1_350' title='bbox 570 4380 656 4421; x_wconf 84' lang='lat' dir='ltr'><strong>contra</strong></span> <span class='ocrx_word' id='word_1_351' title='bbox 668 4367 717 4419; x_wconf 87' lang='lat' dir='ltr'><strong>tela</strong></span> <span class='ocrx_word' id='word_1_352' title='bbox 730 4365 844 4418; x_wconf 84' lang='lat' dir='ltr'><strong>subsistat</strong></span> <span class='ocrx_word' id='word_1_353' title='bbox 858 4364 914 4419; x_wconf 83' lang='lat' dir='ltr'><strong>viri.</strong></span> 
     </span>
    </p>
   </div>
   <div class='ocr_carea' id='block_1_9' title="bbox 0 0 1458 4958">
    <p class='ocr_par' dir='ltr' id='par_1_13' title="bbox 0 0 1458 4958">
     <span class='ocr_line' id='line_1_40' title="bbox 0 0 1458 4958; baseline 0 0"><span class='ocrx_word' id='word_1_354' title='bbox 0 0 1458 4958; x_wconf 95' lang='lat' dir='ltr'><strong> </strong></span> 
     </span>
    </p>
   </div>
  </div>
 </body>
</html>
