2896 4958
340 430 433 494 cxciv
545 425 576 491 l.
596 423 763 528 ,LtPstl
786 421 1246 493 MANUDUCTIONIS

340 569 513 632 meritatem
527 583 667 630 assensus
682 577 842 644 removet,
862 577 893 630 et
906 561 1044 650 Sapienti
1059 566 1241 629 modestiam
1254 583 1403 630 commen-

339 676 399 738 dat.
410 673 520 756 Neque
531 674 615 736 enim
625 673 751 758 antipae
765 671 895 752 fallitur,
907 685 960 734 aut
970 671 1048 734 fallit
1057 671 1149 746 alios;
1164 685 1195 734 et
1208 686 1253 734 est
1260 672 1321 736 ltoc
1333 693 1402 754 quo-

339 803 398 864 qoe
413 780 493 844 inter
501 779 636 845 Decreta
649 802 658 840 ι
672 807 688 836 κ
704 779 840 843 Doloaos
851 799 913 842 non
926 800 991 843 esse
1003 777 1178 864 Sapientes;
1195 780 1249 841 sed
1261 779 1403 862 simplices

338 888 421 952 viros
431 889 530 954 honos
542 909 552 951 r
565 901 597 952 et
609 909 716 952 carere
728 887 791 950 sine
803 887 887 965 suco,
899 909 939 950 ue
952 887 1062 950 melius
1072 900 1222 970 autsupra
1232 908 1322 968 quam
1333 887 1400 956 sint,

339 1008 526 1080 appareant,
537 1015 575 1058 ex
586 1008 754 1080 praeparato
767 993 849 1056 mala
864 1015 918 1056 sna
928 993 1126 1069 occultantes,
1140 991 1260 1054 etboua
1272 1004 1403 1076 quaesunt

339 1114 533 1164 ostentantes.
545 1099 672 1164 Tollere
686 1101 813 1163 enimin
827 1120 902 1164 rote
916 1099 1069 1164 fictionem
1082 1119 1205 1162 omnem
1218 1112 1249 1161 et
1263 1100 1296 1160 in
1311 1099 1401 1183 speeie

339 1222 508 1272 enema.»
542 1203 648 1290 (Stob.
670 1203 766 1290 Ecl.)
792 1205 860 1268 lmo
882 1226 956 1269 rero
977 1233 994 1264 ι
1010 1204 1114 1268 ironia
1130 1205 1175 1268 uti
1196 1205 1270 1290 (etsi
1292 1203 1403 1268 Socrati

338 1315 532 1398 usurpatum)
550 1335 559 1374 ι
573 1311 690 1376 malim
703 1327 845 1388 censent3
861 1312 980 1377 nullrnn
993 1313 1075 1376 enim
1091 1311 1224 1375 liberum
1237 1325 1267 1374 et
1278 1311 1403 1396 probum

335 1441 525 1506 usurpare.»
539 1417 696 1504 Amplius,
712 1441 769 1504 pro
783 1421 842 1485 hoc
856 1423 988 1484 candore
1004 1444 1012 1482 ι
1031 1447 1048 1478 ι
1062 1418 1137 1483 Non
1150 1419 1271 1484 mentiri
1284 1417 1403 1504 Sapien-

334 1539 399 1590 tem
412 1527 535 1604 dicunt,
550 1528 605 1590 sed
618 1527 649 1590 in
660 1525 802 1590 omnibns
811 1545 931 1590 verare.
942 1525 1015 1590 Non
1029 1525 1154 1588 enimin
1170 1547 1208 1588 eo
1218 1524 1405 1587 mandacium

334 1653 413 1709 esse,
423 1645 456 1693 nt
463 1631 571 1714 aliquis
583 1631 693 1696 falstnn
705 1633 799 1710 dicat,
812 1635 865 1696 sed
875 1655 968 1716 quum
976 1632 1044 1716 quis
1054 1632 1126 1695 dolo
1136 1645 1169 1696 et
1175 1631 1300 1695 saliendi
1310 1631 1405 1716 proxi·

333 1757 402 1802 mos
415 1738 519 1800 animo
533 1737 614 1802 lacit.
630 1765 646 1794 n
662 1737 781 1822 (lbid.)
799 1736 859 1802 Cui
877 1737 1038 1802 Stobaeano
1053 1736 1164 1801 Electo
1185 1739 1335 1800 adsonant
1346 1737 1404 1798 hanc

333 1841 417 1908 Sexti
434 1866 443 1906 t
463 1870 479 1900 ι
503 1842 631 1929 Sapiens
644 1844 737 1908 habet
752 1867 896 1909 verorum
912 1845 1090 1920 scientiam
1114 1858 1145 1908 ct
1158 1865 1315 1926 nunquam
1334 1841 1406 1904 lallit

333 1969 370 2014 ac
384 1949 550 2012 mentitura
565 1970 603 2014 eo
618 1953 699 2033 quod
713 1973 775 2014 non
790 1973 826 2014 ex
839 1951 943 2030 mala,
961 1954 1015 2014 sed
1026 1971 1062 2015 ex
1077 1950 1159 2014 lsonn
1171 1995 1180 2029 ,
1194 1949 1255 2013 hoc
1272 1947 1406 2034 proferat

333 2055 504 2120 allectione.
516 2082 533 2112 ιι
545 2053 606 2120 Sed
617 2057 672 2120 etsi
682 2057 779 2120 rioim
790 2057 865 2138 lrec,
877 2057 1046 2122 abdncmt:
1060 2059 1138 2120 addo
1150 2079 1187 2119 ex
1196 2057 1307 2118 eodem
1317 2053 1404 2118 Sexto

331 2161 660 2246 interpretatiunculam
670 2163 810 2246 primarii
819 2164 916 2227 nostri
926 2162 1085 2226 Paradoxi.
1100 2187 1118 2219 ι
1129 2161 1280 2246 Sapiens,
1294 2159 1403 2241 inquit,

328 2269 473 2353 judicium
483 2269 609 2332 minime
618 2269 763 2333 aberrans
773 2269 875 2344 habet,
886 2283 916 2334 et
927 2271 1013 2334 estin
1022 2269 1165 2332 omnibns
1173 2269 1293 2332 divinus
1301 2289 1310 2328 ι
1318 2285 1407 2352 prop·

331 2387 415 2438 terea
429 2377 510 2457 quod
523 2373 595 2438 Non
611 2377 768 2460 opinetur,
782 2376 841 2440 lanc
856 2390 920 2455 est,
938 2376 1016 2440 salso
1031 2377 1221 2440 assentiatur.
1231 2401 1247 2430 n
1266 2374 1407 2458 (Adsere.

331 2479 495 2560 Mathem)
504 2477 565 2558 En,
579 2480 771 2560 miAuditor,
781 2482 962 2561 invidiosum
971 2483 1048 2544 illud
1059 2475 1282 2566 etsuperlsnm,
1294 2493 1330 2542 ut
1343 2497 1408 2542 een-

331 2587 440 2661 sehas;
457 2589 512 2650 sed
521 2585 666 2652 censebas
676 2631 686 2665 ,
698 2587 818 2671 opinor.
828 2587 912 2650 Anu.
920 2586 1093 2652 Censebam
1106 2612 1114 2662 ;
1126 2609 1205 2652 nme
1221 2590 1261 2650 do
1281 2605 1407 2656 manns,

269 2731 272 2736 ·
332 2707 363 2756 et
377 2693 534 2776 vulgarem
560 2693 653 2756 ctiam
671 2707 809 2756 nostram
824 2694 1003 2779 sapientiam
1023 2707 1128 2778 putem
1150 2707 1182 2756 ct
1197 2713 1331 2755 voveam
1352 2691 1410 2752 lruc

332 2798 498 2881 adspirare·
507 2795 609 2862 Nimis
618 2799 700 2860 enim
709 2799 769 2862 cito
782 2798 987 2884 Opinionihus
998 2799 1192 2864 abducimur:
1205 2801 1321 2882 etquid
1329 2797 1409 2860 aliud

331 2905 396 2968 lere
409 2904 498 2966 hodie
507 2919 645 2968 nostrum
653 2905 786 2983 discere,
801 2920 853 2970 ant
863 2908 972 2970 docere
983 2905 996 2970 i
1006 2903 1110 2970 Etiam
1120 2906 1152 2968 in
1162 2903 1309 2968 Externis
1319 2903 1411 2966 rebus

333 3011 491 3095 opiniones
509 3025 637 3092 vexant,
654 3026 685 3074 et
704 3013 847 3096 graviora
864 3025 916 3076 aut
929 3015 1048 3098 majora
1066 3013 1170 3076 omnia
1186 3011 1267 3076 reris
1282 3021 1410 3096 penum.

333 3115 407 3182 Inde
422 3115 524 3182 Metus
534 3132 587 3181 atat
595 3117 751 3182 Dolores:
768 3139 968 3203 spemamns,
984 3133 1016 3184 ct
1028 3133 1061 3182 ut
1073 3118 1187 3184 liorem
1198 3117 1323 3200 aliquos
1334 3115 1412 3180 nivis

333 3227 371 3287 ad
383 3223 523 3290 Rationis
533 3225 631 3290 solem
641 3225 880 3308 liquefaciamus.

654 3415 996 3494 DlSSERTATIO
1014 3425 1080 3492 IX.

460 3579 526 3640 Vll
533 3575 641 3639 Pareat
652 3577 785 3659 Sapienti
794 3577 982 3662 nihilproeler
994 3579 1157 3660 opairionem
1171 3579 1291 3638 evenire.

370 3747 455 3816 Lll’s.
469 3751 652 3829 Faciamus,
668 3766 770 3818 tetum
785 3767 857 3838 opto
876 3774 885 3814 t
900 3754 993 3818 etiam
1007 3753 1108 3831 istud,
1121 3773 1182 3838 quc
1191 3773 1274 3817 nunc
1285 3756 1412 3829 duum,

332 3872 363 3920 et
378 3860 458 3942 quod
474 3859 571 3942 priori
584 3860 658 3925 item
672 3860 811 3924 adhaeret.
826 3859 984 3940 Adlamct,
998 3883 1038 3924 an
1051 3864 1212 3924 adversm
1222 3861 1293 3938 ert?
1310 3863 1417 3924 ridea-

332 3978 381 4026 tur
392 3965 423 4025 in
433 3965 533 4049 prima
543 3965 708 4029 verborum
717 3966 817 4030 lronte
829 4012 839 4046 ,
849 3989 912 4030 non
923 3983 1024 4031 autem
1034 3969 1187 4032 sententia
1194 3971 1415 4054 penetratione

333 4083 363 4132 et
379 4072 523 4156 inspectu
538 4069 596 4134 Est
611 4073 714 4136 istud:
737 4101 753 4130 a
769 4069 905 4159 Sapienti
921 4091 1027 4160 praeter
1042 4077 1218 4162 opinionem
1235 4075 1321 4138 nihil
1340 4099 1417 4139 ere-

332 4179 427 4240 nire„
440 4177 534 4260 Atqui
544 4179 720 4262 negavimus
729 4201 799 4244 eum
809 4183 930 4266 opinari
941 4204 950 4243 r
963 4183 1036 4265 qnid
1044 4203 1118 4268 ergo
1126 4185 1197 4248 oriri
1207 4180 1257 4247 laic
1267 4186 1340 4247 cat?
1350 4181 1416 4246 Sed

330 4285 421 4362 scito,
436 4286 468 4347 in
484 4285 575 4350 rebus
589 4285 711 4350 incertis
724 4301 755 4350 et
770 4288 835 4352 solu
849 4289 993 4373 opinione
1007 4292 1112 4368 neris,
1130 4311 1198 4354 eam
1212 4309 1342 4374 quoque
1358 4287 1419 4353 Sa·
