2896 4954
307 438 367 504 160
649 437 653 444 ”
744 441 810 506 DE
836 441 925 506 IIIA

302 567 497 636 servitutem
516 569 634 638 subito
661 569 841 664 depressus
870 571 1032 662 reliquias
1058 569 1224 640 libertatis
1249 588 1363 656 tenet,

302 707 366 752 nec
384 682 428 751 ad
446 685 583 754 sordida
603 710 643 755 ac
662 687 851 755 laboriosa¹
874 687 1061 755 ministeria
1078 687 1176 780 agilis
1195 691 1365 772 occurrit,

300 798 328 864 si
345 821 386 864 cx
400 800 468 866 otio
482 801 604 894 piger²
623 824 749 892 equum
762 800 1025 892 vehiculumque
1039 799 1166 868 domini
1180 824 1281 869 cursu
1295 826 1365 870 non

299 930 472 1006 excoquat,
488 917 517 983 si
531 917 622 984 inter
640 914 854 1008 quotidianas
867 916 1002 1009 vigilias
1016 915 1139 984 fessum
1154 939 1290 984 somnus
1304 941 1366 1009 op

298 1032 445 1121 pressit3
467 1033 496 1098 si
515 1033 678 1100 rusticum
699 1031 848 1100 laborem
874 1047 1028 1114 recusat,
1057 1047 1115 1100 aut
1138 1055 1207 1100 non
1232 1031 1366 1100 fortiter

299 1145 391 1230 obit,
413 1171 433 1215 s
453 1149 614 1216 servimte
635 1147 765 1216 urbana
778 1163 813 1216 et
827 1139 971 1216 feriate³
987 1147 1168 1215 translatus
1181 1147 1226 1215 ad
1240 1147 1366 1216 durum

258 1275 274 1327 ³
299 1259 400 1356 opus!
416 1264 691 1357 Distinguamus,
707 1279 821 1332 utrum
835 1263 959 1355 aliquis
973 1285 1041 1331 non
1054 1265 1181 1357 possit,
1201 1287 1246 1332 an
1258 1265 1364 1332 nolit:

299 1378 421 1446 multos
445 1379 677 1461 absolvemus,
698 1381 726 1446 si
746 1380 948 1472 coeperimus
972 1395 1051 1447 ante
1066 1379 1241 1471 judicare,
1262 1405 1367 1472 quam

299 1496 411 1564 irasci.
430 1499 530 1564 Nunc
548 1511 661 1564 autem
677 1497 826 1589 primum
841 1497 1004 1588 impetum
1019 1498 1193 1589 sequimur
1210 1521 1218 1562 ι
1239 1495 1368 1564 deinde

299 1613 451 1703 quamvis
470 1635 556 1682 vena
574 1637 635 1682 nos
653 1613 918 1696 concitaverint,
945 1635 1219 1706 perseveramus,
1241 1637 1285 1681 ne
1310 1616 1367 1680 vi-

299 1725 439 1796 deamur
458 1730 599 1821 coepisse
618 1729 692 1796 sine
709 1752 832 1811 causa,
853 1742 888 1795 et
909 1724 1001 1818 quod
1020 1728 1268 1818 iniquissimum
1287 1745 1363 1810 est,

281 1846 541 1942 pertinaciores
572 1871 633 1914 nos
663 1847 744 1914 lacit
771 1846 932 1938 iniquitas
953 1846 1025 1912 irae.
1053 1846 1250 1913 Retinemns
1272 1847 1366 1913 enim

299 1961 411 2042 Illam,
435 1977 469 2028 et
491 1954 677 2054 eugenius⁴
696 1991 705 2047 3
727 1964 824 2054 qussi
849 1975 1087 2055 argumentum
1112 1962 1156 2028 sit
1176 1961 1267 2052 juste
1292 1961 1365 2028 ira-

258 2090 274 2155 4
299 2074 445 2156 scentis,
474 2077 623 2167 graviter
641 2077 753 2142 irssci.
778 2074 916 2167 Quanto
944 2075 1063 2142 melius
1082 2089 1153 2155 est,
1175 2074 1272 2140 initia
1291 2073 1367 2165 ipsa

299 2191 517 2282 perspicere,
544 2215 644 2282 quam
659 2191 746 2258 Ievis
762 2192 851 2272 sint,
868 2213 968 2282 quam
983 2191 1118 2258 innoxia
1131 2182 1162 2256 ⁵!
1182 2187 1287 2280 Quod
1303 2213 1367 2256 ac-

298 2305 412 2374 cidere
432 2307 527 2375 vides
547 2289 806 2374 inanimalibus
828 2308 951 2389 mutis,
979 2305 1069 2374 idem
1089 2307 1125 2374 in
1146 2306 1284 2374 homine
1302 2305 1368 2374 de-

298 2421 514 2512 prehendcsr
534 2422 663 2491 frivolis
679 2423 873 2504 turbamur,
893 2437 928 2488 et
947 2421 1116 2489 inanibus.

260 2564 270 2596 ι
346 2539 465 2606 XXX.
493 2539 645 2607 Taurum
673 2539 766 2606 color
792 2535 1028 2606 rubicundus⁶
1047 2540 1189 2620 excitat,
1220 2535 1266 2604 ed
1289 2565 1368 2606 um-

297 2651 392 2721 brsrn
406 2658 415 2700 ²
438 2656 527 2748 aspis
541 2658 715 2748 exsurgit,
733 2679 829 2722 ursos
843 2655 1027 2746 leonesque
1045 2677 1166 2746 mappa
1178 2648 1191 2688 ⁸
1202 2656 1364 2746 proritat.

296 2817 351 2875 post
360 2816 400 2858 est
409 2807 504 2878 posito,
518 2807 603 2878 ibique
615 2805 665 2866 line
678 2821 802 2880 protestor
886 2807 966 2858 xxx.
976 2809 1046 2860 Anu.
1054 2809 1121 2860 Nam
1130 2807 1222 2859 Iris-‘ola
1233 2821 1257 2859 et
1268 2810 1367 2874 inania,

295 2883 545 2957 constituto,inoipit
553 2883 675 2956 spodosis,
686 2883 751 2938 SI...
761 2884 803 2936 Sic
852 2884 967 2956 inprImis
988 2885 1114 2938 frustratio
1133 2885 1203 2955 spei,
1226 2887 1292 2938 iram
1312 2909 1368 2940 no-

296 2961 342 3014 etJ
346 2961 396 3012 .Μ.
404 2961 527 3034 Heusing.
534 2963 637 3014 suasisse
644 2981 712 3016 nunc
720 2961 803 3014 video.
851 2973 927 3013 strom
938 2980 1003 3036 saepe
1014 2961 1126 3014 excitant

296 3041 378 3091 Antea
397 3039 480 3090 nullus
499 3058 584 3092 sensus
605 3039 698 3092 aderat.
884 3037 908 3090 6.
920 3039 997 3090 Color
1005 3039 1170 3092 nabriundus.
1181 3041 1211 3091 Id
1222 3056 1276 3107 est,
1287 3046 1368 3095 vestis

333 3138 352 3172 1.
364 3115 478 3174 Sordida
488 3138 519 3171 ae
529 3120 670 3170 laboriosa.
683 3117 745 3170 Ilteo
753 3120 802 3168 mi-
852 3115 926 3166 rubra
938 3115 966 3166 in
978 3114 1050 3168 circis
1061 3117 1149 3170 Rornae
1161 3129 1233 3170 tauro
1245 3121 1369 3184 obtenta,

295 3197 401 3248 nisterr'a
412 3195 493 3247 atatim
504 3195 615 3266 explicat.
851 3206 880 3244 ut
896 3195 944 3246 hoc
963 3191 1070 3246 artificio
1088 3194 1265 3248 exardesceret.
1284 3197 1368 3248 ovid.

329 3292 352 3322 2.
363 3271 413 3323 Ex
427 3276 479 3324 otio
491 3275 571 3340 piger.
588 3272 675 3338 Quum
692 3283 764 3324 antea
775 3272 803 3324 in
852 3271 912 3323 Met.
924 3273 989 3335 XII,
1004 3289 1062 3322 102:
1073 3293 1086 3318 α
1095 3271 1171 3324 Iland
1181 3293 1252 3325 secus
1262 3275 1367 3337 exarsit,

295 3349 407 3403 libertate
417 3351 495 3402 bomo
506 3347 698 3401 nobilialuisset.
851 3367 927 3418 quarn
944 3347 1011 3400 circo
1018 3359 1103 3400 taurus
1114 3361 1214 3421 operto,
1226 3369 1368 3420 qnnmsna

327 3429 351 3480 3.
362 3427 520 3482 Servitute...
525 3427 637 3497 feriatq.
652 3427 689 3476 Ea
700 3426 803 3478 manci-
851 3425 956 3478 terribili
968 3425 1029 3499 petit
1039 3426 1177 3478 irritamina
1187 3445 1268 3480 cornn
1279 3429 1370 3482 I'oeni·

254 3511 265 3521 '
294 3517 407 3576 pelorum
426 3503 539 3557 conditio
553 3503 699 3576 designatur
713 3503 741 3554 in
753 3523 801 3574 qua
851 3523 905 3556 cess
913 3515 1007 3566 vestes,
1017 3504 1134 3574 elusaque
1142 3505 1247 3558 walnen
1257 3509 1371 3560 sentit·

294 3584 390 3636 vocatio
402 3603 417 3634 a
428 3581 553 3635 laboribus
565 3599 629 3653 saepe
642 3577 769 3633 indicitur.
850 3581 978 3633 Plutarch.
990 3581 1020 3632 T.
1031 3583 1099 3646 VII,
1114 3601 1171 3654 pag.
1191 3583 1247 3650 Inli.
1260 3583 1316 3638 eie.
1336 3586 1373 3637 de

326 3663 350 3727 4.
363 3661 401 3713 Et
414 3679 547 3730 augemus.
560 3660 617 3712 llos
627 3673 680 3724 est,
693 3674 717 3712 et
729 3661 762 3712 ob
773 3659 799 3712 id
849 3658 938 3711 Divin.
948 3660 988 3722 II,
1000 3659 1038 3710 tli.
1049 3659 1183 3730 Hodieque
1192 3659 1259 3731 apud
1269 3661 1371 3735 HIspa-

292 3737 407 3791 dolentes
413 3737 481 3808 quotl
488 3738 560 3790 vanis
568 3737 800 3790 duntaxatlrirolis-
849 3755 896 3790 nos
911 3737 959 3788 boc
973 3735 1104 3789 artificium
1119 3737 1147 3788 in
1159 3739 1251 3810 pugnis
1268 3752 1373 3793 sauro-

292 3835 340 3885 qne
352 3815 383 3868 de
395 3815 474 3867 causis
485 3815 613 3876 dolentes,
626 3815 687 3866 alias
699 3815 800 3868 itonam·
848 3835 904 3866 rum
932 3813 1087 3867 solemnibus
1117 3815 1231 3888 usurpari
1259 3831 1372 3871 constat.

292 3913 340 3964 que
358 3893 499 3963 iterumque
518 3893 680 3956 secernimus,
696 3905 739 3944 sut
753 3911 799 3944 ac·
848 3891 960 3945 Murtisl.
972 3892 1003 3944 de
1017 3893 1115 3965 Specta.
1128 3893 1192 3947 xlx
1207 3906 1233 3946 et
1243 3893 1303 3950 XX.

292 3967 386 4022 tersere
393 3983 533 4032 tentamus,
545 3970 578 4022 ita
588 3979 615 4020 nt
626 3987 682 4040 qnte
691 3969 754 4021 levis
764 3969 800 4020 ira
882 3991 906 4038 7.
920 3969 1058 4022 Umbram.
1069 3969 1153 4023 Intell.
1165 3991 1251 4043 penno
1260 3974 1372 4028 tactam.

292 4045 663 4120 principioerstinirnmensurn
672 4059 799 4118 augeatur.
848 4046 892 4100 lib.
905 4048 945 4111 Il,
960 4067 1013 4120 cap.
1030 4064 1066 4098 ια.

324 4128 347 4178 5.
366 4127 494 4178 Ιηηοτία.
509 4123 602 4176 Parum
617 4123 723 4176 fortunis
742 4141 799 4176 nos-
880 4123 903 4174 8.
915 4123 1026 4191 Mappn.
1040 4123 1185 4178 Candioans
1197 4139 1267 4180 motu
1282 4139 1308 4179 et
1320 4149 1373 4180 re-

291 4203 350 4266 trir,
362 4201 564 4267 delectamentis,
577 4201 640 4253 votis
652 4199 777 4253 nocentis.
848 4201 971 4272 ciprocsta
983 4219 1040 4252 enm
1053 4201 1141 4256 irritat.
