2886 4958
451 518 622 590 CAPUT
648 518 758 586 VIII.
1060 519 1127 611 439

63 651 133 744 ejus
143 667 206 719 eat.
222 651 344 720 Annua
353 652 527 744 congiaria
541 655 549 686 ¹
564 652 720 720 homines
730 649 907 718 elurieeimi
920 649 1124 741 'accipiunt

64 763 96 836 et
116 768 170 836 hia
187 783 246 836 aut
266 767 415 836 laborem
433 818 445 851 ‚
466 783 526 836 aut
542 791 707 860 operam,
729 782 787 834 aut
804 765 1016 859 diligentiam
1033 791 1126 834 auam

64 882 172 950 leuant
190 911 198 949 :
216 907 315 958 nemo
330 885 473 952 teatimat
488 899 631 976 tempus.
648 884 799 954 Utuntur
811 880 870 949 illo
883 881 1012 962 laxius,
1030 883 1127 971 quusi

64 999 222 1088 gratuito.
238 997 284 1068 dt
298 997 434 1068 eoadem
447 1023 556 1092 aegrae
574 998 670 1082 vide,
687 1001 715 1067 ai
729 999 846 1066 mortis
859 996 1048 1090 perieulum
1063 997 1125 1066 atl-
1153 1025 1168 1076 3

63 1131 187 1200 motum
201 1131 252 1184 eat
266 1117 427 1211 propius,
447 1115 656 1184 medicorum
671 1139 782 1210 genua
795 1129 973 1208 tangentes
993 1139 1001 1180 ε
1018 1116 1046 1182 ai
1061 1139 1127 1183 me·

63 1246 161 1300 tuuut
171 1231 316 1323 eapitale
330 1231 552 1324 supplicium,
569 1231 682 1300 omnia
693 1255 755 1300 aua
768 1247 832 1314 ,ut
844 1232 976 1315 vivant,
992 1243 1127 1323 paratos

61 1345 258 1438 impendere
273 1371 280 1412 :
293 1346 431 1414 tantuin
443 1344 691 1414 illiadiamrdia
703 1345 887 1415 affectuum
902 1360 963 1414 eat.
981 1344 1126 1437 Quodsi

61 1476 171 1552 poaeet
185 1511 194 1542 ‚
208 1459 757 1555 quemadmodumtprmt'eritorum
767 1451 948 1528 annorum³
961 1459 1126 1552 cujusque

60 1600 221 1648 numerus
233 1578 397 1672 pmponi,
411 1578 665 1648 aiefuturnrum
681 1628 690 1661 ‚
707 1577 935 1670 quomodoilli
945 1627 954 1659 ‚
963 1577 1032 1669 ³qui
1046 1598 1129 1669 pau-

59 1717 112 1762 coa
131 1693 290 1764 viderent
307 1718 509 1787 supeream,
531 1693 763 1788 trepidarent,
783 1692 951 1786 quomodo
967 1693 1035 1760 illie
1052 1705 1126 1786 par-

58 1827 175 1881 cerent
187 1813 203 1879 i‘
217 1811 321 1903 Atqui
344 1811 442 1880 facile
459 1827 530 1894 eat,
551 1807 703 1904 quamvis
721 1813 906 1905 exiguum,
927 1810 1125 1902 dispensare

57 1928 148 2018 quod
160 1943 292 1998 eertum
305 1943 356 1996 eat
374 1955 382 1994 ε
398 1927 435 1996 id
446 1928 552 1998 debet
563 1927 902 2022 serrari—diligentius
914 1973 924 2010 ‚
937 1927 1030 2020 quod
1044 1949 1123 1996 nes-

58 2047 126 2114 riaa
140 2045 278 2138 quaudo
293 2045 442 2115 deficiat.
456 2049 529 2115 Nee
540 2061 594 2115 eut
605 2063 729 2129 tamen,
744 2043 840 2138 'quod
852 2048 1011 2140 ignorare
1026 2061 1124 2138 putea
1151 2067 1165 2129 4

58 2162 153 2245 illos,
174 2184 277 2255 quam
296 2185 375 2231 earu
393 2185 449 2230 rea
467 2165 522 2230 eit.
538 2143 792 2232 'Diceremleut
810 2164 852 2231 iis
864 2179 873 2245 ‘‚
884 2179 975 2254 ³quoa
991 2162 1124 2230 validis-

57 2275 137 2344 sime
155 2267 329 2370 diligunt,
344 2291 527 2372 paratusne
541 2294 671 2370 partem
690 2301 856 2346 annorum
872 2301 1011 2351 auorum
1025 2275 1121 2344 dare.

57 2389 162 2472 Dant,
186 2413 250 2458 nee
267 2389 464 2483 intelligunt
486 2416 493 2455 :
518 2388 600 2456 dant
618 2405 731 2459 autem
750 2392 819 2473 itu,
841 2405 880 2456 ut
895 2391 969 2457 iiue'
986 2387 1121 2456 illorum

56 2503 264 2574 incremento
278 2505 343 2574 sibi
358 2503 538 2574 detrahunt
555 2532 563 2572 :
579 2503 640 2576 aed
654 2504 845 2597 hoeiptum
857 2529 904 2574 au
913 2487 1119 2588 detrahant,

56 2619 236 2685 nesciunt:
257 2617 334 2687 ideo
353 2618 539 2686 tolerabilis
554 2633 605 2686 eat
622 2612 689 2688 illie
701 2619 836 2712 jactura
854 2618 1049 2686 detrimenti
1070 2617 1121 2684 la-

55 2737 166 2804 tentis.
184 2737 290 2806 Nemo
304 2737 460 2804 restituet
472 2759 596 2818 anuos,
612 2758 711 2806 nemo
724 2737 849 2806 iterum
861 2751 894 2804 te
909 2736 973 2806 tibi
985 2733 1117 2804 reddet.

53 2850 196 2943 lbitquu
211 2853 314 2944 umpit
327 2867 428 2934 retae,
445 2873 510 2919 nee
523 2855 660 2921 ouieum
668 2873 766 2921 auum
781 2857 842 2940 uut'
854 2852 1040 2934 remeabit,
1062 2867 1121 2919 aut
1149 2865 1162 2914 5

53 2968 241 3060 supprImet
261 2995 269 3035 ι
291 2961 378 3035 nihil
395 2964 676 3052 tumultuabitur,
699 2968 787 3039 nihil
803 2967 999 3042 admonebit
1024 2969 1120 3036 velo-

52 3085 161 3153 citatis
180 3109 248 3152 auae
267 3113 274 3151 :
296 3086 397 3152 tacita
414 3085 561 3154 labetur.
578 3089 654 3153 Non
668 3085 777 3154 illaae
788 3086 880 3179 regia
895 3083 1037 3178 imperio
1051 3109 1120 3153 nou

53 3203 165 3271 lavore
179 3203 297 3296 populi
310 3203 444 3296 lougius
458 3203 620 3296 proferet.
637 3205 732 3276 Sicut
752 3197 876 3272 misael
894 3219 977 3272 eata
993 3204 1117 3296 primo,

52 3325 212 3396 decurret
244 3353 251 3391 ε
281 3349 448 3417 nunquam
476 3325 648 3407 divertet,
683 3349 850 3419 nusquam
878 3326 1116 3394 remorabitur.

83 3583 104 3616 ι.
124 3567 226 3616 Annua
239 3564 384 3632 eoupn'utin.
399 3561 439 3614 Cf.
452 3555 571 3614 Sueton-¹
607 3562 674 3615 fare:
686 3565 827 3616 carissimi.
839 3562 914 3614 Unde
926 3562 1024 3634 Lipsius
1034 3562 1121 3633 conje-

50 3641 153 3696 lieroua
163 3641 197 3701 X,
210 3653 235 3693 et
243 3639 324 3693 Tacit.
333 3659 393 3693 auu.
403 3640 474 3703 lllll,
486 3659 508 3691 c.
518 3637 559 3704 34.
608 3641 642 3692 cit
658 3644 828 3706 :rar-issimi,
850 3652 892 3692 aut
908 3643 1042 3693 rarissime
1061 3641 1077 3692 i.
1092 3641 1120 3693 in

51 3720 206 3772 Senatorum
219 3717 378 3772 nobilissime
391 3716 558 3787 ruique,aed
607 3737 700 3790 magno
712 3717 822 3781 hubent,
836 3735 891 3769 care
903 3715 1035 3770 aestimant.
1047 3717 1119 3768 Fur·
1196 3726 1199 3739 ¹

50 3815 100 3849 are
111 3796 233 3850 familiari
243 3796 361 3850 destituto
371 3815 456 3848 annua
468 3796 558 3848 salaria
607 3807 669 3847 tatae
686 3808 754 3848 erat:
772 3815 790 3846 a
804 3797 973 3860 clarissimis,
988 3815 1039 3865 quo
1049 3797 1120 3848 rele-

49 3885 73 3924 et
92 3874 247 3944 quibuulam
268 3875 398 3948 quingena
416 3873 557 3926 ‘coustituit
607 3872 713 3925 randum
726 3885 789 3925 esset
800 3876 827 3924 τὶ
844 3873 901 3937 his,
912 3873 985 3944 quod
998 3874 1119 3943 sequitur.

50 3951 213 4005 Collectauaa
229 3952 298 4004 bona
321 3953 351 4005 de
374 3951 421 4004 hac
433 3969 466 4004 're
488 3951 559 4006 dedit
639 3952 665 4006 3.
683 3955 820 4021 Cujurpue.
835 3951 938 4024 Lipsius
952 3952 1049 4005 mavult
1059 3957 1119 4006 cui·-

49 4027 150 4102 Lipaiua
162 4029 271 4083 Elector.
284 4032 306 4094 l,
321 4029 395 4084 VIII.
407 4031 501 4082 Nostro
512 4045 558 4102 pro
608 4049 663 4099 pue.
673 4029 800 4101 liquidem
808 4031 952 4099 quibusque
961 4033 1111 4104 proferrem.

49 4107 119 4160 douo
131 4125 285 4180 quoeunque
298 4128 347 4162 voa
359 4109 517 4181 congiarium
530 4107 559 4160 in
641 4112 666 4177 4.
677 4111 776 4164 Misru.
788 4110 841 4164 Alii
852 4112 954 4178 :jussu
967 4111 1039 4165 Illud
1050 4116 1121 4186 prop·

49 4205 95 4238 mu
108 4197 153 4238 eat.
167 4186 316 4240 Consului
334 4187 502 4252 Mare-'um
610 4199 647 4240 tar
657 4203 756 4240 rursum
765 4201 806 4254 ,ut
815 4188 962 4264 metaphora
971 4202 1121 4254 servaretur,

83 4287 107 4318 a.
119 4265 277 4321 Clarissimi.
289 4267 330 4320 Su.
340 4265 482 4324 Senatores.
493 4267 561 4320 Libri
611 4267 706 4342 placuit
732 4268 878 4322 editoribus.
904 4269 957 4322 Ner
984 4269 1122 4322 immerito.
