2930 4956
318 401 322 408 ’
351 436 393 502 L.
418 428 598 498 suunt
622 427 857 498 serraca.
1064 434 1142 518 m,

83 597 179 658 eoquo
196 587 323 640 venerat
336 573 447 636 itinere
471 572 615 649 reditum,
640 573 695 636 sed
716 570 833 634 flexisse
859 573 898 634 ad
918 569 1047 634 Persium
1068 595 1147 656 prae·
1209 557 1211 564 ,

82 685 196 758 leetmn,
216 696 248 744 et
265 679 411 764 expositis
431 675 560 748 Caenis
573 678 685 762 jussa,
712 697 758 744 an.
774 677 1000 762 obtemperaret
1019 679 1148 742 interro·

84 792 183 874 gavisae
201 835 211 866 ,
226 788 438 868 monitumque
461 785 578 862 abeo,
597 799 631 849 ut
647 798 881 866 exsequeretur..
905 785 988 865 letali
1010 785 1146 848 omnium

83 898 197 980 ignaria.
224 893 310 958 Nam
334 906 365 956 et
387 890 533 957 Silvanus
553 892 633 982 iuter
653 894 824 974 conjuratos
851 905 933 969 erat,
958 892 1145 976 augebatque

83 1005 182 1066 scelera
195 1005 229 1064 in
250 1021 384 1083 morum
395 997 545 1060 ultionem
560 1007 763 1060 consenserat.
779 995 860 1060 voci
875 1009 977 1060 tamen
995 1013 1026 1061 et
1044 1009 1147 1083 aspec-

81 1113 116 1170 tui
127 1107 273 1194 pepercit.
287 1105 515 1185 intromisitque
528 1105 568 1166 ad
583 1101 733 1168 Senecam
746 1124 839 1166 unum
854 1125 891 1166 ex
904 1105 1145 1179 centurionum,

81 1219 122 1298 qni
133 1215 349 1300 necomitatem
363 1213 504 1275 ultimam
517 1210 785 1275 denunciareultte·
803 1211 1075 1296 interritns²poseit
1088 1227 1147 1276 tes

80 1323 193 1386 umenti
209 1321 331 1384 tabulas
348 1341 355 1378 ι
372 1339 408 1382 ac
421 1321 589 1403 denegante
606 1317 806 1393 centurione,
823 1325 986 1380 conversus
1009 1322 1049 1382 ad
1071 1323 1147 1383 arni-

79 1449 123 1488 cos
133 1473 141 1504 ,
151 1427 280 1508 quando
297 1424 413 1487 meritis
427 1433 535 1486 eornm
548 1423 664 1486 referre
680 1423 809 1506 gratiam
822 1423 1052 1506 prohiberetur,
1065 1429 1146 1508 quod

79 1554 160 1594 unmn
172 1535 239 1615 jam
252 1545 356 1593 tamen
370 1543 401 1592 et
410 1529 649 1613 pulcherrimum
662 1528 812 1606 habebat,
827 1529 991 1614 imaginem
1006 1532 1073 1594 vitae
1084 1537 1145 1618 suae

79 1641 239 1722 relinquere
253 1651 402 1715 testatur,
419 1640 503 1719 cujus
517 1637 716 1700 si'mem‘ores
733 1651 851 1713 essent,
869 1637 1020 1701 bonarum
1034 1641 1145 1704 artium
1178 1643 1182 1654 “

78 1746 180 1808 lamam
192 1760 260 1808 tam
272 1745 437 1808 constantis
446 1743 585 1806 amicitiae
600 1743 725 1810 laturos.
739 1739 837 1804 Sim'ul
851 1743 1000 1830 lacrymas
1015 1769 1143 1826 eornm,

77 1856 158 1914 modo
172 1871 343 1923 sermone,
366 1853 458 1912 mmo
476 1849 619 1912 intentior
638 1849 680 1910 in'
694 1851 821 1912 modum
839 1852 1026 1925 coercentis,
1043 1855 1083 1915 ad
1096 1853 1147 1916 fir-

77 1959 247 2020 mitudinem
263 1969 403 2032 revocat,
416 1955 551 2039 rogitans
565 1978 573 2012 t
589 1963 610 2008 κ’
619 1953 682 2016 Ubi
694 1968 843 2038 precepta
853 1956 1025 2038 sapientiae?
1036 1959 1088 2020 ubi
1101 1963 1147 2021 tol

81 2093 94 2114 ν
103 2087 154 2146 per
161 2085 261 2126 annos
269 2063 414 2126 meditata
423 2062 501 2124 ratio
511 2063 670 2123 adversum
678 2061 884 2124 imminentia?
896 2059 955 2125 Cui
963 2063 1049 2126 enini
1062 2066 1147 2149 igna-

81 2199 94 2222 n
105 2191 168 2232 ram
182 2171 277 2232 fnisse
289 2169 434 2231 seusam
450 2166 606 2230 Neronis?
623 2189 721 2249 neque
737 2167 820 2230 aliud
832 2189 992 2252 superesse
1004 2185 1146 2254 postma-

80 2273 566 2355 »treml'rats-emqneintert‘ectos,
576 2291 667 2354 quam
677 2287 711 2335 ut
720 2274 887 2336 educatoris
893 2279 1147 2362 praeceptorisque

81 2409 94 2434 a
104 2382 393 2464 necmadjiceret.»
409 2376 547 2443 Ubi'baec
556 2383 647 2460 'atque
661 2377 735 2441 talia
743 2379 863 2442 velutin
874 2401 1035 2447 commune
1049 2387 1146 2448 disse-

77 2489 152 2566 ruit,
177 2486 393 2572 compleetitnr
409 2507 554 2556 uxorem
579 2497 610 2546 et
628 2485 785 2568 paululum
805 2489 948 2550 advc'rsus
966 2489 1146 2573 praesentem

77 2593 270 2656 formidinem
281 2593 437 2668 mollitus,
453 2603 542 2674 rogat
551 2603 676 2671 oratque
686 2604 870 2674 temperaret
878 2592 977 2656 dolori
990 2641 999 2670 ,
1013 2617 1052 2658 ne
1063 2611 1148 2660 aeter-

76 2721 147 2762 num
166 2700 335 2782 smu'peret
347 2743 356 2774 ,
370 2699 424 2760 sed
438 2697 469 2758 in
482 2696 737 2780 contemplatione
751 2698 819 2760 vitae
835 2720 892 2782 per
906 2689 1047 2764 uirtutem
1060 2717 1146 2778 actae,

76 2807 259 2870 desiderimn
273 2805 377 2866 mariti
390 2803 506 2866 solatiis
521 2803 655 2866 honestis
673 2804 830 2866 'toleraret
840 2817 843 2830 ·
855 2805 915 2868 llla
939 2821 1063 2885 contra,
1090 2811 1147 2873 sibi

75 2935 194 2994 quoque
219 2890 399 2976 destinatam
417 2923 549 2972 mortem
567 2911 745 2988 adseverat,
760 2911 944 2996 mandatque
961 2919 1149 2998 percussoris

75 3021 222 3103 exposcit.
235 3017 318 3080 Tum
337 3015 452 3080 Seneca
462 3017 566 3101 gloriae
581 3019 721 3101 ejus'non
736 3019 901 3099 adversus,
918 3022 1007 3084 simul
1020 3045 1146 3102 amore,

73 3123 185 3188 nasibi
196 3116 287 3189 unici
302 3125 444 3187 dilectam
460 3125 499 3186 ad
514 3123 639 3207 injurias
650 3123 836 3205 'relinqueret
852 3150 861 3186 ε
880 3151 897 3183 a
912 3127 1013 3207 Vitae,
1031 3131 1147 3214 inquit,

71 3233 273 3296 delinimenta
293 3245 534 3294 monstraveram
553 3230 629 3308 tibi,
646 3244 693 3314 'tu
711 3232 818 3294 mortis
838 3236 928 3297 decus
948 3238 1066 3316 maris;
1087 3261 1149 3301 non

72 3341 217 3404 invidebo
231 3339 382 3424 exemplo.
395 3336 443 3400 Sit
455 3337 630 3421 hujustam
654 3336 741 3399 sortis
755 3338 850 3401 exitus
870 3344 1036 3406 constantia
1054 3361 1149 3428 penes

72 3461 220 3528 rarosque
240 3467 309 3530 par,
323 3444 508 3508 claritudinis
522 3443 632 3528 plusln
646 3457 700 3505 tuo
719 3444 789 3506 flue.
801 3465 828 3498 „-
844 3443 918 3509 Post
935 3463 1022 3530 quae,
1041 3455 1149 3514 eodem

72 3551 137 3614 ictu'
149 3551 279 3616 brachia
299 3551 382 3614 ferro
404 3550 570 3613 exsolvunt.
596 3547 737 3626 Seneca,
763 3551 907 3631 quoniam
928 3551 1023 3616 senile
1041 3577 1150 3642 corpus

74 3672 103 3718 et
118 3667 219 3742 pano
231 3657 476 3720 rictutenuatum
490 3701 500 3726 ,
514 3655 596 3718 lenta
606 3655 721 3739 effugia
735 3657 869 3740 sanguini
882 3658 1062 3741 praebebat,
1078 3661 1149 3726 crrlss

74 3787 143 3826 rum
158 3786 280 3848 quoque
295 3763 499 3847 ctpnplilum
517 3763 612 3824 renas
623 3761 785 3846 abmnrpit
803 3759 956 3845 saevisque
970 3769 1150 3834 cruciatibus

75 3873 232 3948 defessus,
245 3893 286 3935 ne
307 3871 415 3935 dolore
438 3891 492 3932 suo
509 3870 648 3930 animum
659 3870 763 3932 uxoris
776 3867 973 3954 infringeret,
986 3887 1073 3955 atquc
1085 3879 1151 3961 ipse

76 3979 200 4041 merto
216 3981 281 4060 ejus
294 3989 465 4053 tormenta,
481 3973 752 4057 adimpatientiam
766 3975 957 4050 delaberetur
972 4023 981 4054 ‚
997 3984 1101 4043 suadet
1121 3983 1152 4043 in

76 4083 160 4146 alind
190 4085 363 4150 orbiculum
392 4081 579 4145 abscederet.
600 4078 644 4142 Et
663 4081 828 4142 nbdmimo
853 4079 972 4165 qnoque
986 4101 1150 4152 rmomento

76 4191 281 4274 suppeditarim
293 4187 489 4270 eloquentia,
506 4185 657 4266 adrocatis
667 4183 884 4268 scriptoribus,
901 4189 1045 4271 pleraque
1059 4196 1152 4257 tradi-

78 4297 141 4374 ἂι,
156 4319 237 4379 qm,
252 4299 283 4362 in
299 4295 409 4379 vulgus
425 4293 503 4356 edita
517 4295 581 4376 ejus
594 4291 698 4357 serbis
708 4317 724 4370 ,¹
736 4293 885 4357 invertere
901 4302 1093 4380 supersedeo.
1109 4300 1152 4363 At
