2926 4958
348 475 420 557 cxvj
535 471 567 536 J.
595 471 759 538 LlPSll
784 471 1237 544 MANUDUCTlONlS

346 617 418 674 dom
440 634 576 676 asserere
598 615 736 685 videtur,
759 628 847 696 atquc
864 615 956 676 inseri
974 637 1043 678 eam
1063 617 1121 698 (ita
1138 617 1210 679 alibi
1233 618 1397 700 loquitur):

258 757 263 774 ι
348 720 467 780 «diviua
485 733 567 782 sorte
581 765 591 796 ,
607 720 678 781 sine
694 719 790 782 animi
806 741 910 803 opera.
928 750 943 774 n
960 721 1017 801 (lu
1033 722 1195 799 Meooue.)
1209 722 1275 786 lmo
1290 739 1321 786 et
1329 724 1400 787 Pro-

345 839 482 908 tagoram
497 825 600 886 sedulo
615 825 723 887 reluta
735 823 898 902 Socrates,
924 839 1096 888 censentem
1113 829 1215 890 doceri
1232 849 1328 910 posse.
1348 834 1361 907 (
1369 830 1399 890 lu

345 929 542 1014 Protagora.)
559 929 625 992 Etsi
645 929 731 993 Plato
753 953 815 994 uon
835 932 929 994 semel
952 933 976 993 it
997 934 1028 994 iu
1054 934 1133 1009 alia,
1154 949 1184 996 et
1211 932 1400 1019 Disciplinam

345 1038 502 1119 (quorsmn
512 1039 600 1100 aliter
612 1039 734 1099 totlibri
745 1039 1009 1120 einsi)admiscct.
1021 1039 1217 1122 Atquidama
1231 1041 1344 1104 Natura
1355 1065 1400 1126 pc-

340 1145 460 1218 tebant,
475 1159 507 1206 ut
516 1146 596 1221 dixi,
611 1158 700 1226 atque
711 1147 751 1206 ita
762 1145 901 1228 Trogus:
915 1174 931 1200 ι
944 1145 1063 1233 Scytbix
1072 1147 1221 1208 Naturam
1228 1151 1318 1224 dare,
1331 1152 1401 1229 quod

344 1249 443 1311 Graeci
456 1250 547 1334 longa
566 1251 717 1332 sapientia
732 1252 888 1328 doctriua,
907 1254 1121 1336 preceptisque
1140 1252 1399 1337 pbilosopbomm,

341 1356 484 1438 consequi
497 1357 704 1436 nequiverunt.
727 1384 743 1408 »ι
758 1354 845 1434 (Lib
864 1356 927 1436 ll.)
942 1356 1141 1420 Declamator
1156 1359 1247 1420 etiam
1268 1357 1403 1440 Quincti-

226 1529 229 1538 ,
340 1462 438 1524 lianos
451 1476 555 1545 argute
573 1486 580 1520 :
597 1490 613 1516 ι
630 1461 698 1545 Ego
716 1482 818 1525 mores
836 1465 920 1527 nasci
934 1477 1031 1546 puto,
1048 1478 1078 1526 et
1095 1455 1251 1548 propriam
1268 1467 1401 1546 cujusque

341 1584 453 1631 naturae
474 1569 622 1632 virtutem.
639 1570 709 1632 Alia
722 1570 847 1632 forsitan
867 1573 1037 1647 discuntur,
1053 1575 1187 1654 qaedam
1197 1572 1403 1656 experimentis

341 1677 547 1759 cognoscenda
561 1689 645 1746 suut;
669 1675 741 1738 boui
755 1697 857 1738 mores
875 1691 1012 1740 constant
1030 1678 1192 1740 voluntate.
1211 1705 1226 1732 o
1247 1677 1402 1757 (Declam.

341 1782 508 1858 ccaxvtu.)
519 1778 561 1842 Et
575 1802 648 1843 vero
662 1779 777 1844 Seneca
790 1783 855 1865 ipae
866 1783 1024 1856 adlitetor,
1042 1811 1058 1838 α
1075 1786 1220 1866 quosdam
1234 1785 1299 1846 sine
1311 1783 1404 1846 subtili

338 1887 524 1949 instimtione
548 1891 678 1951 erasisse
701 1889 833 1972 pmbos,
855 1911 1040 1974 magnosque
1061 1892 1213 1975 proiectus
1237 1905 1404 1964 assecntos,

344 1996 414 2055 dnm
428 1996 515 2056 nudis
528 2009 644 2056 tantum
660 1998 816 2079 preceptis
831 1997 1083 2079 obsequebantur.
1097 2025 1113 2052 a·
1127 1995 1243 2080 (Epist.
1261 2001 1353 2076 xcv.)
1370 1995 1406 2058 Et

341 2095 447 2174 Curii,
468 2097 619 2174 Fabricii,
635 2098 827 2178 Coruncani,
843 2125 943 2166 noune
957 2103 1032 2166 tales
1041 2104 1126 2166 fuere
1136 2105 1150 2166 i
1162 2102 1302 2166 Profecto
1315 2132 1330 2159 α
1343 2104 1408 2185 qui-

341 2208 408 2268 dam
422 2227 458 2268 ex
476 2206 649 2270 bom'mibus
661 2210 815 2292 egregiam
829 2211 926 2272 sortiti
940 2209 1072 2272 indolem
1085 2257 1095 2287 ,
1107 2211 1138 2272 iu
1151 2232 1186 2273 ea
1198 2233 1261 2292 qim
1272 2211 1351 2272 tradi
1364 2231 1408 2272 so-

340 2313 420 2390 lent,
443 2313 507 2374 siue
523 2314 615 2397 longo
640 2315 814 2398 magisterio
828 2331 1031 2399 pervenermrt
1047 2341 1054 2374 ε
1072 2332 1102 2380 et
1115 2317 1239 2380 honesta
1261 2316 1408 2400 complexi

340 2433 430 2496 sunt,
452 2441 545 2500 quom
562 2421 695 2502 primum
712 2421 897 2485 audiverunt.
915 2451 930 2476 ι
947 2421 1062 2506 (Ibid.)
1083 2421 1158 2504 Qtue
1173 2424 1214 2485 ita
1233 2445 1308 2486 rere
1330 2422 1406 2493 dici,

285 2543 288 2549 ·
341 2527 433 2588 ctiam
452 2547 488 2588 ex
508 2524 615 2588 Stoico
633 2548 743 2602 senso,
765 2528 894 2590 laturam
908 2551 916 2588 ι
932 2531 985 2590 sed
1004 2529 1061 2590 bos
1079 2529 1155 2590 tales
1173 2527 1262 2611 plene
1278 2541 1311 2590 et
1323 2527 1409 2610 plane

341 2631 499 2716 Sapientes
513 2655 599 2710 csse,
615 2653 677 2695 uon
690 2635 763 2696 item
776 2636 978 2698 admittamus.
992 2633 1084 2697 Ratio
1099 2647 1309 2698 consummata
1320 2633 1408 2695 talem

342 2740 423 2816 lacit,
436 2741 639 2804 consummari
649 2755 750 2804 antem
763 2742 826 2803 sine
837 2742 973 2804 doctrina
979 2741 1054 2819 (Dei
1063 2763 1157 2826 opera
1166 2739 1346 2825 excipimus)
1353 2759 1409 2799 nou

341 2859 449 2928 potest.
466 2845 510 2907 Ut
523 2846 613 2929 plene
625 2839 690 2908 baec
702 2846 872 2930 intelligas,
886 2847 977 2910 habe.
996 2847 1068 2909 Non
1083 2847 1198 2910 excludi
1217 2861 1270 2908 aut
1284 2845 1409 2918 Demu,

343 2967 394 3014 aut
406 2965 544 3014 naturam
556 2998 565 3028 ,
582 2973 600 3013 a
615 2950 725 3015 Stoicis
739 2977 746 3012 :
760 2955 812 3015 scd
821 2954 989 3016 doctrinam
1002 2967 1103 3016 tamen
1123 2955 1160 3016 ad
1175 2953 1410 3036 perlectionem,

343 3057 475 3139 itemque
485 3060 524 3120 ad
532 3058 705 3121 facilitatem
716 3061 846 3142 adjungi.
861 3058 942 3122 Ecce
956 3074 1063 3122 natura
1074 3060 1189 3124 semina
1203 3058 1292 3120 boam
1306 3057 1412 3120 mentis

344 3165 431 3227 nobis
452 3166 600 3247 ingenuit,
625 3165 762 3238 fomites,
781 3181 812 3227 et
831 3166 995 3228 scintillas:
1017 3189 1080 3247 que
1100 3167 1132 3226 in
1150 3166 1216 3227 aliis
1236 3167 1340 3248 magis
1356 3163 1412 3224 rui-

344 3291 458 3351 ousquc
472 3271 607 3346 elucent,
623 3284 655 3332 ut
670 3285 715 3332 est
729 3272 822 3332 auixui
837 3273 1000 3355 temperies
1021 3295 1029 3332 ε
1044 3275 1097 3334 sed
1113 3287 1213 3334 tameo
1231 3272 1413 3355 opinionum

345 3377 509 3460 pravitate,
526 3377 557 3436 in
570 3378 710 3439 omuibus
722 3378 782 3440 boc
795 3399 813 3438 a
826 3392 933 3439 natura
943 3392 1059 3440 rectum
1074 3381 1136 3460 jam
1149 3392 1329 3461 corruptum
1344 3389 1388 3437 cst
1404 3397 1411 3431 τ

345 3485 471 3564 ideoque
481 3483 617 3546 doctriua
627 3485 843 3564 adjuvandum,
858 3485 1096 3557 instaurandum,
1111 3485 1335 3567 depurandum.
1346 3481 1415 3544 Nou

347 3590 443 3665 enim,
454 3601 487 3648 ut
495 3588 541 3650 sol
551 3589 615 3670 ipse
624 3588 719 3650 nubes
732 3588 866 3671 objectas
874 3591 998 3673 dissipat
1007 3611 1058 3652 sua
1069 3590 1099 3650 vi
1109 3635 1119 3665 ,
1130 3590 1365 3674 etpcrrumpit,
1377 3589 1415 3648 ita

306 3755 310 3762 ,
347 3694 396 3756 bic
408 3707 452 3755 est
463 3719 470 3764 ;
483 3693 630 3774 adjutorio
643 3712 733 3775 opus,
745 3695 906 3757 directione
922 3709 952 3757 et
967 3696 1115 3779 exemplo.
1133 3693 1243 3758 Cicero
1259 3719 1268 3754 ι
1284 3723 1299 3748 a
1312 3694 1338 3754 J
1339 3708 1417 3756 ustos

348 3800 469 3880 quidem
486 3812 592 3860 natura
605 3818 662 3862 uos
676 3820 741 3861 esse
759 3799 869 3872 lactum
882 3814 994 3862 tantam
1013 3815 1115 3862 autem
1127 3822 1192 3864 esse
1206 3800 1417 3885 corruptelam

348 3905 434 3966 male
449 3904 688 3978 consuetudinis,
704 3918 737 3965 ut
750 3903 789 3965 ab
802 3926 839 3965 ea
851 3918 1004 3986 tamquam
1018 3907 1140 3990 igniculi
1156 3907 1388 3989 exstinguantur
1401 3924 1417 3963 a

350 4025 456 4072 natura
477 4012 562 4088 dati,
586 4011 815 4091 exorianturqne
838 4024 868 4072 ct
896 4012 1110 4074 confirmentur
1130 4012 1199 4074 vitia
1217 4011 1417 4074 contraria.»

348 4119 384 4197 (.l
398 4117 447 4180 De
461 4115 584 4200 legib.)
600 4115 692 4197 Quod
705 4118 731 4178 si
746 4119 785 4179 ad
804 4131 941 4180 neutram
963 4120 1064 4181 rivere
1085 4118 1207 4189 liceret,
1222 4133 1323 4202 negat
1341 4121 1419 4180 idem

349 4224 440 4300 abbi,
460 4251 482 4278 «-
496 4224 657 4305 quidquam
677 4235 762 4298 e'sse,
784 4245 837 4286 cur
854 4225 1009 4306 quisquam
1023 4225 1173 4286 rationem
1193 4238 1223 4286 ct
1243 4225 1419 4288 doctrinam

349 4331 525 4412 requireret.
549 4358 563 4387 n
584 4328 638 4412 (11
656 4327 707 4393 De
728 4329 847 4408 Finib.)
870 4330 974 4414 ltaque
996 4332 1083 4395 facilc
1102 4335 1139 4394 ad
1159 4332 1348 4414 sapientiam
1366 4333 1421 4391 iter
