2930 4956
309 465 378 510 xxx
569 437 640 506 DE
663 436 796 506 VITA
820 437 891 506 ET
915 370 1161 510 scttllltls

308 581 349 646 At
359 583 442 646 enim
452 584 490 645 de
504 584 585 648 veris
602 583 759 646 virtutibus
774 583 839 666 ejus
855 583 982 665 qnidam
994 583 1155 662 dubitant,
1171 599 1203 648 et
1216 585 1383 649 rerba-bare

309 712 345 754 ac
368 710 492 754 scenam
514 689 685 768 luisse.An
707 691 798 775 igimr
817 690 849 752 in
871 705 973 757 morte
992 691 1084 754 fidem
1099 713 1162 756 non
1178 693 1270 770 lecit,
1295 715 1384 776 quarn

311 797 413 860 omnia
428 795 561 860 bumana
574 797 606 858 in
620 796 681 860 leri
695 795 843 875 baberet,
859 815 952 878 quarn
968 795 1041 862 Deo
1061 819 1094 862 se
1111 799 1284 885 praeberet?

702 995 861 1066 CAPUT
881 1001 989 1065 Vlll.

464 1133 548 1196 Mors
565 1132 758 1215 q'ur,surb's,
775 1143 933 1208 mstoets,
951 1157 968 1194 e
988 1135 1089 1196 Tacito
1108 1145 1238 1198 uanum.

354 1287 396 1350 Et
408 1291 445 1351 de
466 1310 503 1351 ea
524 1290 719 1351 commodmn
737 1287 894 1351 rideamus
910 1312 918 1348 ι
934 1290 1014 1352 unde
1029 1303 1132 1352 antem
1149 1291 1272 1374 potius,
1294 1311 1385 1372 quam

312 1417 328 1458 e
349 1395 493 1459 fidissimo
523 1397 705 1480 scriptorum
731 1393 840 1478 Tacito
866 1393 1068 1460 hauriemus?
1095 1395 1202 1460 Verba
1230 1399 1294 1482 ejus
1316 1419 1386 1462 ecce

313 1503 431 1566 babes:

355 1638 370 1664 ι
383 1605 524 1692 Sequitur
538 1609 634 1670 caedes
652 1605 760 1669 Annaei
771 1603 894 1670 Senecae
904 1607 1057 1670 laetissima
1076 1609 1225 1693 principi,
1240 1631 1302 1672 non
1317 1610 1385 1691 qaia

314 1715 529 1799 conjurationis
539 1713 732 1776 manifestum
745 1728 957 1799 compererat,
974 1717 1028 1778 sed
1037 1729 1071 1778 ut
1084 1714 1167 1776 ferro
1178 1728 1385 1799 grassaretur,

315 1823 434 1904 quando
449 1841 599 1882 venenum
609 1841 671 1881 non
683 1834 882 1903 processerat.
895 1817 987 1882 Solus
1000 1820 1112 1904 quippe
1123 1819 1261 1898 Natalis,
1274 1834 1306 1883 et
1318 1818 1388 1884 bac-

314 1941 402 1990 tenns
424 1926 572 2010 prompsit
590 1950 597 1985 :
617 1922 743 1988 missum
762 1947 794 1988 se
821 1928 859 1988 ad
881 1916 1027 2010 aegrotrrm
1056 1922 1206 1990 Senecam
1226 1940 1259 1988 ut
1278 1926 1389 1989 viseret

316 2045 632 2115 conquerereturque,
651 2052 707 2094 cur
721 2029 866 2096 Pisonem
886 2031 969 2093 aditu
989 2046 1108 2094 arceret
1126 2055 1133 2092 ε
1151 2031 1260 2094 melius
1282 2031 1349 2094 l'ore
1364 2034 1389 2094 si

316 2141 480 2204 amicitiam
499 2139 643 2200 familiari
662 2158 825 2220 congressu
838 2137 1049 2200 exercuissent.
1071 2133 1113 2200 Et
1125 2138 1316 2222 respondisse
1329 2137 1390 2200 Se-

314 2269 444 2322 necam,
463 2265 618 2307 sermones
629 2256 750 2304 mutuos
760 2257 790 2304 et
798 2242 907 2306 crebra
918 2243 1071 2326 colloquia
1081 2244 1180 2306 neutri
1194 2246 1362 2308 conducere
1379 2269 1386 2302 :

317 2365 451 2417 ceterum
476 2350 604 2412 salutem
624 2369 710 2410 suam
734 2347 939 2411 incolumitate
961 2346 1081 2411 Pisonis
1098 2349 1194 2410 inniti.
1211 2347 1288 2412 Haec
1308 2349 1391 2411 serre

318 2457 452 2521 Grauius
469 2455 609 2518 Silvanus
629 2453 766 2516 tribtmus
781 2454 930 2538 praetoriae
949 2452 1100 2526 cohortis,
1118 2468 1206 2518 etan
1225 2456 1302 2518 dicta
1322 2453 1394 2516 Na-

316 2563 396 2641 talis,
413 2583 524 2643 suaque
538 2581 683 2645 responsa
693 2572 843 2636 nosceret,
859 2561 1031 2642 percontari
1045 2558 1194 2624 Senecam
1202 2561 1330 2645 jubetur.
1340 2559 1391 2638 ls,

315 2672 393 2734 forte
404 2691 443 2732 an
453 2671 585 2753 prudens
596 2713 606 2742 ,
618 2668 657 2730 ad
671 2688 742 2729 eum
756 2666 838 2728 diem
851 2687 888 2728 ex
897 2663 1065 2751 Campania
1079 2683 1289 2748 remeaverat,
1302 2690 1394 2750 quar-

315 2791 439 2858 tumque
454 2777 534 2860 apud
543 2773 676 2857 lapidem
691 2772 864 2836 suburbano
877 2795 949 2836 rure
959 2774 1140 2837 substiterat.
1150 2773 1209 2837 lllo
1222 2776 1394 2860 propinqua

317 2905 444 2969 vespera
460 2883 598 2945 tribunus
622 2882 721 2959 veuit,
745 2895 775 2943 et
788 2881 893 2944 villam
914 2880 1022 2966 globus
1043 2875 1174 2946 militum
1189 2884 1289 2968 sepsit
1308 2882 1393 2946 Turn

317 2991 374 3075 ipsi
399 3011 467 3053 cum
492 2972 640 3073 Pompeia
664 2985 791 3050 Paulina
820 3007 913 3052 uxore
936 3003 967 3050 et
985 2990 1091 3053 amicis
1112 2991 1230 3053 duobus
1258 2989 1395 3075 epulanti

317 3091 457 3159 mandata
471 3095 665 3178 imperatoris
678 3094 777 3157 edidit
789 3091 1042 3158 Senecamissum
1052 3099 1091 3159 ad
1102 3119 1134 3159 se
1146 3097 1306 3176 Natalem,
1318 3119 1395 3160 con-

318 3215 513 3283 questumque
527 3202 651 3262 nomine
666 3197 786 3262 Pisonis
801 3202 883 3281 quod
904 3201 1028 3265 visendo
1049 3224 1086 3264 eo
1107 3201 1342 3286 prohiberetur,
1359 3225 1395 3265 se

318 3308 435 3372 ratione
463 3304 641 3368 valetudinis
672 3318 702 3367 et
731 3327 836 3369 amore
859 3306 988 3388 quietis,
1017 3308 1204 3371 excusavisse
1227 3310 1395 3392 respondit.

318 3411 383 3478 Cur
396 3411 524 3474 salutern
543 3410 653 3494 privati
671 3410 803 3472 bominis
825 3410 1023 3474 incolmnitati
1039 3435 1100 3476 sune
1115 3413 1298 3491 anteferret,
1316 3436 1399 3478 cau-

319 3541 385 3582 sam
394 3540 456 3580 non
467 3517 627 3594 habuisse,
644 3521 701 3580 n'ec
716 3517 773 3579 sibi
786 3531 962 3602 promptum
974 3520 1004 3580 in
1016 3520 1202 3582 adulationes
1215 3521 1370 3604 ingenium
1385 3548 1394 3581 :

319 3626 408 3707 idque
422 3624 498 3687 nulli
511 3623 608 3706 magis
625 3645 753 3706 gnarum
769 3645 862 3705 quam
875 3621 1013 3702 Neroni,
1033 3625 1084 3707 qui
1098 3627 1204 3711 saepius
1220 3626 1400 3690 libertatem

322 3731 467 3808 Senecae,
483 3751 575 3812 quam
589 3729 743 3792 servitium
760 3744 899 3814 expertus
911 3745 998 3793 esset.
1013 3729 1077 3793 Ubi
1092 3731 1157 3796 baec
1177 3754 1195 3794 a
1210 3733 1331 3794 tribuno
1346 3755 1401 3796 re-

320 3838 391 3925 lata.
410 3849 497 3913 srnrt,
524 3834 655 3920 Poppaea
679 3848 709 3908 et
731 3833 884 3918 Tigellino
912 3858 1039 3914 coram,
1064 3839 1144 3920 quod
1171 3853 1236 3900 erat
1259 3837 1400 3902 saevienti

321 3944 452 4029 priucipi
467 3942 606 4003 intimum
624 3941 840 4016 consiliorum,
860 3943 1046 4028 interrogat,
1065 3965 1103 4006 an
1122 3943 1239 4008 Seneca
1253 3945 1404 4008 volunta-

323 4052 402 4113 riam
419 4062 550 4111 mortem
565 4061 696 4130 pararet.
713 4047 795 4108 Tum
809 4047 946 4111 tribunus
965 4051 1049 4113 nulla
1063 4053 1185 4135 pavoris
1199 4053 1300 4136 signa,
1316 4053 1403 4116 nibil

322 4159 406 4220 triste
423 4157 455 4217 in
475 4154 576 4216 verbis
596 4155 660 4235 ejus
674 4166 725 4214 aut
745 4153 828 4215 vultu
849 4154 1069 4237 deprehensum
1094 4157 1291 4220 confirmavit.
1306 4155 1404 4240 Ergo

322 4265 443 4349 regredi
449 4276 479 4326 et
486 4263 618 4328 indicere
629 4275 760 4324 mortem
772 4261 904 4345 jubetur.
917 4263 1148 4348 TraditiFabius
1159 4265 1318 4344 Rusticus,
1331 4287 1406 4331 non
