2856 4974
278 415 345 500 40⁴
541 409 610 476 os
634 407 771 477 orto
795 405 1074 474 ssrrnrrrs

278 543 350 612 iis':
362 541 585 620 siesdvitsm,
603 563 705 633 quum
719 539 904 608 inhsbiietn
919 541 1032 621 seiet¹,
1044 563 1111 607 non
1121 537 1281 606 accedet.
1296 539 1359 603 Po·

278 675 344 728 test
363 681 447 751 ergo
465 673 500 725 et
516 656 575 724 iile
585 707 596 740 ,
622 658 677 724 eni
696 657 809 724 omniu
825 653 938 724 adhuc
955 655 990 723 iu
1006 657 1142 748 integro
1160 671 1267 736 sunt,
1291 677 1357 719 au-

278 792 413 868 tequam
433 773 520 842 uitus
536 773 732 866 experietur
745 787 980 865 tempestates,
998 773 1033 840 iu
1051 789 1122 841 tuto
1140 772 1356 846 subsistere,

279 905 315 957 et
325 890 482 983 protinus
493 885 774 954 commenderese
784 879 1032 956 norissrtibns³
1045 913 1054 953 ι
1068 903 1103 954 et
1117 885 1203 954 iltud
1214 887 1357 953 bertum

280 1007 386 1074 otium
405 1005 568 1097 exigere,
589 1003 754 1070 virtutum
773 1002 900 1082 enitor,
925 1026 1002 1093 que
1023 1003 1174 1070 exemeri
1202 1004 1313 1069 etium
1337 1023 1356 1064 s

241 1137 257 1188 5
281 1121 499 1215 quietissimis
517 1133 669 1212 possunt.
691 1122 762 1186 Hoc
779 1141 902 1211 nempe
919 1119 964 1186 sb
981 1121 1116 1186 homine
1132 1120 1302 1211 exigitur,
1321 1131 1356 1182 ut

282 1236 390 1330 prosit
403 1231 610 1312 horninibus,
626 1229 655 1298 si
670 1232 746 1299 fieri
766 1247 895 1324 potest,
917 1232 1048 1314 inultis3
1065 1234 1092 1299 si
1112 1227 1260 1308 minus‘,
1277 1254 1359 1323 peu-

283 1351 345 1434 eis3
361 1349 533 1427 siminus,
549 1347 722 1440 proximis3
739 1348 767 1413 si
783 1349 906 1430 minus,
924 1347 1001 1414 sibi.
1018 1351 1100 1414 Num
1114 1371 1223 1439 quum
1239 1373 1278 1414 se
1292 1347 1358 1413 uti·

283 1465 350 1533 lem
367 1463 491 1532 oeteris
508 1461 632 1544 efficit,
651 1484 827 1530 commune
851 1464 922 1555 ugit
940 1465 1111 1556 negotium
1124 1456 1150 1528 ⁵.
1173 1461 1356 1554 Quomodo

271 1577 344 1673 'qui
358 1603 394 1647 se
406 1579 609 1646 deteriorem
625 1580 723 1662 fucit,
741 1603 810 1646 non
825 1579 889 1645 sibi
905 1579 1134 1646 tantummodo
1149 1597 1276 1659 nocet,
1299 1578 1356 1646 sed

286 1697 386 1762 etism
402 1693 559 1761 omnibus
573 1693 635 1772 iis,
653 1691 780 1784 quibus
797 1691 916 1758 melior
929 1693 1037 1760 suetus
1046 1691 1208 1787 prodesse
1229 1695 1358 1785 potuis-

287 1825 338 1876 set
355 1837 362 1874 :
379 1809 429 1876 sie
444 1809 473 1874 si
491 1807 569 1896 quis
586 1806 674 1872 bene
690 1807 735 1873 de
755 1829 791 1872 se
811 1821 980 1888 meseum,
1002 1808 1067 1876 hoe
1085 1809 1158 1900 ipso
1175 1807 1257 1872 eliis
1278 1829 1355 1899 pro-

286 1924 383 2002 dest,
399 1919 491 2012 quod
506 1921 574 1987 illis
590 1920 802 2013 profuturum
820 1935 917 2014 perst
930 1915 957 1986 ⁶.

340 2039 478 2107 xxxl.
499 2039 592 2122 Dius
609 2036 819 2130 respublicas
834 2039 947 2104 suino
963 2037 1248 2130 complectamur,
1274 2039 1357 2106 alte-

288 2157 570 2246 rsmmsgnsmi,
588 2169 623 2220 et
635 2175 715 2220 vere
726 2153 916 2246 publicem,
938 2177 1004 2244 qus
1024 2151 1071 2220 dii
1088 2170 1192 2245 atque
1206 2155 1358 2222 homines

295 2271 527 2350 eontinentur,
548 2271 583 2336 in
602 2293 669 2361 qun
687 2293 755 2337 nou
776 2270 826 2337 sd·
842 2271 935 2337 hune
951 2270 1112 2362 ungulum
1133 2275 1353 2364 respicimus,

289 2405 349 2457 aut
365 2386 410 2454 ud
427 2387 544 2467 ilium,
561 2385 622 2453 sed
638 2387 799 2452 terminos
816 2385 962 2453 civitatis
975 2401 1097 2452 nostrae
1111 2409 1189 2452 eum
1207 2387 1279 2454 sole
1293 2412 1357 2454 me-

290 2505 393 2572 timus
421 2530 428 2568 :
450 2503 618 2582 ultersm,
648 2503 703 2568 eui
725 2525 786 2568 nos
807 2499 987 2593 adscripsit
1006 2498 1156 2568 conditio
1181 2503 1353 2571 naseendi.

291 2623 373 2688 Haec
387 2633 445 2686 aut
468 2617 725 2684 Atheniensium
744 2617 831 2693 erit,
852 2633 910 2683 aut
927 2619 1284 2712 Carthaginiensium,
1306 2641 1358 2690 sut

296 2867 424 2917 nemum
430 2854 601 2907 semiiteetum
610 2853 804 2906 niveumemsri
853 2867 926 2906 tenus
938 2853 1015 2906 Stoici
1027 2867 1050 2906 et
1063 2855 1208 2910 mundanos
1224 2879 1251 2910 se
1262 2881 1313 2912 esse
1326 2859 1360 2910 di·

296 2931 805 2996 emanuetmtttlonttoeeitsrm-
854 2943 955 3004 terent,
967 2944 991 2983 et
1002 2931 1050 2985 sibi
1065 2933 1112 3004 ipsi
1123 2934 1217 2988 virtute
1228 2939 1358 2990 exercende

292 3011 497 3082 drmquesieess
507 3009 632 3062 machine
644 3009 751 3062 mina:
758 3033 770 3054 ι
857 3011 1009 3082 prodessent.

329 3107 350 3140 r.
368 3087 614 3140 Deditis.'diembns
632 3098 724 3158 ceptus.
741 3087 808 3140 Vide
890 3090 914 3139 6.
925 3089 959 3140 di
968 3094 1072 3156 quis.....
1078 3103 1167 3156 perot.
1180 3093 1210 3145 Si
1219 3098 1360 3165 quincto

294 3165 601 3239 deProvid.lib.111,eep.
609 3188 632 3217 n.
857 3187 918 3219 num
927 3167 1028 3229 efficiet,
1036 3166 1094 3220 eliis
1105 3169 1285 3242 prodestquod
1296 3189 1360 3249 peret

327 3265 350 3295 s.
372 3243 416 3296 St'e
428 3246 468 3314 nd
484 3247 584 3308 vitam,
604 3263 685 3312 pssum
697 3245 805 3296 inhabi-
856 3245 988 3298 hominem
997 3247 1039 3313 qui
1048 3245 1163 3316 prodesse
1171 3253 1258 3322 possit.

295 3328 346 3376 tem
363 3321 529 3374 seimteetio
549 3321 620 3393 vulg.
639 3333 702 3374 etes
722 3323 804 3386 Ιιοιιι,
891 3322 1162 3392 XXXi.AsG.Quum
1172 3325 1235 3380 duee
1248 3331 1362 3404 respubli-

295 3411 353 3452 ente
364 3399 505 3460 Muretum,
516 3397 560 3468 qui
571 3419 584 3448 e
594 3399 660 3468 conj.
672 3397 742 3452 dedit
753 3399 807 3450 :nd
858 3421 894 3456 ee
902 3403 1009 3477 cogiteri
1019 3405 1128 3474 possint,
1143 3405 1222 3460 nitere
1230 3411 1327 3474 minor,
1338 3413 1360 3463 ie

294 3477 590 3546 ter,qeodtnt.at›ttesc.
602 3475 701 3528 Reduxi
709 3497 737 3529 es
748 3476 806 3529 edd.
854 3503 904 3552 qus
915 3483 1020 3554 quisque
1035 3495 1080 3536 aut
1095 3497 1166 3536 uetus
1186 3500 1231 3537 eut
1244 3489 1304 3541 eiris
1317 3491 1359 3542 sit.

297 3556 397 3628 pristis,
415 3575 436 3605 e.
452 3575 473 3604 e.
491 3555 587 3604 Erssm.
603 3553 728 3606 stss.s1·c
746 3556 807 3605 udi·
854 3560 931 3612 altere
939 3559 1030 3629 major,
1041 3579 1132 3627 nempe
1140 3561 1307 3630 hicmundus,
1315 3569 1359 3638 ipse

298 3645 366 3694 tem,
390 3635 461 3700 qnod
480 3631 595 3683 inhabile
612 3649 645 3683 sc.
668 3631 805 3684 Selmasiut
854 3635 898 3688 ilie
920 3637 964 3707 qui
984 3637 1192 3709 contemplationi
1204 3643 1361 3700 commende·

299 3711 477 3782 ebetipeerst,
496 3709 610 3760 Gronov.
631 3721 733 3762 notante
744 3732 751 3761 ι
764 3709 808 3762 Sic
855 3715 919 3766 verit
925 3735 951 3766 se
961 3715 1190 3776 ,otiumeetnosum
1198 3737 1360 3796 egerepotest,

299 3787 338 3838 nd
346 3797 448 3846 acuam,
461 3791 510 3854 qest'
516 3803 544 3836 se
550 3784 663 3837 totitem
672 3806 698 3839 tr
715 3785 807 3838 Porum
860 3792 969 3866 ideoque
977 3793 1046 3844 utilis
1058 3813 1117 3847 esse.

299 3865 414 3918 feliciter.
890 3889 913 3934 7.
926 3872 1048 3922 Alteram
1055 3891 1193 3940 maguam.
1205 3871 1282 3927 Cous.
1291 3877 1358 3950 Epis,

332 3945 356 3995 3.
373 3943 503 4006 Artibus,
518 3943 611 3995 seilicet
622 3943 718 3996 studiis.
859 3961 965 4010 urunt,
984 3959 1008 4000 et
1019 3947 1148 4000 Consules
1164 3951 1198 4002 ed
1210 3951 1327 4005 Martiam
1341 3974 1358 4004 r.

334 4017 398 4085 Mi
407 4023 503 4072 mittut.
513 4021 574 4082 Pto,
582 4023 699 4072 sittst‘tttst
710 4031 811 4072 tontum
864 4023 902 4075 18.
909 4021 1036 4078 Ceterum
1045 4027 1075 4077 de
1084 4025 1130 4078 hrt
1138 4027 1237 4081 ris-itate
1248 4049 1308 4104 sepe
1318 4031 1357 4098 jem

290 4099 454 4168 *fieripotest
842 4101 1016 4172 mentionem
1028 4105 1119 4155 fertem
1129 4105 1239 4157 vidimus
1256 4128 1292 4179 ep
1302 4109 1358 4160 Nos-

322 4176 512 4227 excomm
523 4213 579 4228 .......
595 4181 731 4245 negarim
744 4177 812 4244 Que-
861 4191 927 4230 trum
939 4193 980 4231 :et
992 4193 1027 4231 est
1038 4181 1065 4232 in
1079 4181 1223 4234 Stoicorum
1233 4183 1336 4236 decretis
