2926 4958
241 462 311 530 AD
336 459 513 530 STOIC.
540 458 747 528 PHILOS.
774 458 871 530 LlB.
898 458 950 527 ΙΙ.
1082 465 1134 546 cxj

85 602 169 684 ltaque
180 606 237 666 duo
248 603 405 687 Sapientia
416 602 466 664 bic
478 603 665 676 considerat,
677 601 777 684 ipsum
785 599 904 674 Demn,
917 603 1021 683 atejus
1034 621 1138 685 opera,

86 711 109 770 id
123 715 333 788 estmuu'dum,
354 731 476 792 quaeque
494 710 525 770 iu
543 729 582 770 eo
600 731 608 767 :
628 722 658 770 et
675 729 736 770 uuo
757 707 852 770 verbo
870 720 965 768 totam
984 705 1141 793 Physiolo-

85 818 164 898 pam,
178 841 243 899 quae
265 819 325 882 hoc
345 817 529 882 Divinarum
544 817 638 878 verbo
652 816 831 878 continetur.
845 813 891 876 lta
904 816 986 876 euim
1004 813 1120 880 Seneca
1135 865 1141 878 .

86 921 259 1008 «Sapientia
279 926 370 986 totius
396 938 508 986 nature
532 923 670 984 nou'tiam
694 943 730 984 ac
755 943 814 983 stre
839 924 930 984 tradit
952 949 959 996 ;
990 925 1062 1006 quid
1083 926 1143 987 siut

84 1027 141 1106 bii,
159 1033 343 1114 qualesque,
365 1032 499 1094 declarat
520 1055 527 1092 ε
552 1031 624 1111 quid
643 1029 754 1104 inseri,
783 1029 855 1110 quid
875 1030 975 1102 lares,
1000 1045 1030 1094 et
1051 1033 1141 1116 genii.

84 1134 142 1200 llas
157 1141 218 1222 ejus
241 1140 429 1201 initiamenta
451 1152 538 1213 sunt,
559 1158 616 1220 per
633 1157 697 1217 quae
717 1156 778 1197 nou
799 1137 982 1219 municipale
998 1159 1140 1218 sacnnn,

83 1247 124 1304 sed
137 1247 238 1328 ingens
251 1247 391 1308 omnium
408 1243 549 1308 Deomm
563 1243 712 1327 templum
725 1246 854 1305 muudus
867 1243 923 1306 iste
943 1259 1105 1308 reseratur.
1125 1275 1140 1302 a

82 1353 92 1412 l
102 1347 184 1432 Epist
198 1370 250 1412 xc.
260 1351 272 1434 )
284 1350 426 1415 Observa
443 1351 544 1411 Totum
558 1349 710 1410 Naturam
722 1350 762 1411 ab
771 1370 807 1410 ea
817 1352 900 1413 nosci
910 1395 918 1426 ,
929 1353 992 1433 jam
1007 1353 1118 1415 dictam
1133 1377 1140 1412 ε

82 1460 126 1517 sed
143 1472 171 1518 et
187 1462 300 1530 Suam,
324 1459 356 1520 id
376 1471 422 1520 est
444 1457 612 1534 Animum,
636 1471 666 1518 et
689 1477 754 1538 quas
775 1458 856 1520 circa
880 1458 987 1534 illrun,
1010 1461 1143 1542 itemque

81 1561 194 1646 Corpus
228 1595 243 1620 a
265 1564 338 1628 lloc
367 1565 452 1648 jubet
477 1565 529 1626 illa
559 1563 691 1650 Pythicis
723 1565 854 1626 oraculis
881 1567 1030 1650 adscripta
1061 1592 1141 1647 ror,

82 1668 169 1734 Nosce
181 1673 350 1756 teipsum.»
375 1669 462 1751 (Sea.
481 1668 607 1734 Consol.
628 1673 668 1732 ad
685 1668 767 1731 Mar.
788 1691 852 1753 cap.
878 1671 936 1756 rr.)
949 1671 1074 1736 Frustra
1091 1677 1144 1740 illa

81 1781 261 1858 omnia,nisi
271 1783 351 1860 istud
368 1803 376 1840 t
397 1795 527 1861 atquem
538 1780 668 1842 fructum
680 1779 770 1862 igitur
787 1778 903 1840 habet?
925 1779 1005 1844 hune
1025 1781 1143 1846 Platoni

80 1905 242 1967 expressum
260 1909 269 1947 ε
295 1886 366 1948 «Ut
380 1907 478 1967 neque
490 1886 613 1948 internae
625 1885 776 1969 dignitatis
785 1885 1014 1976 amplitudinem
1023 1889 1145 1972 ignore·

81 2013 137 2052 mus
148 1995 268 2068 ,divina
280 1994 312 2055 in
320 1994 409 2054 nobis
420 2005 505 2077 parte
517 1993 668 2075 neglecta;
680 2013 779 2074 neque
796 1994 979 2056 exteriorem
996 1994 1147 2059 humilita-

77 2109 147 2174 tem,
159 2113 268 2162 uatrrra
280 2101 413 2163 additam
426 2145 435 2175 ,
448 2099 640 2183 ignorantes,
654 2119 731 2160 vane
749 2100 781 2160 in
801 2120 837 2160 ea
859 2100 1069 2164 extollamur.»
1087 2107 1097 2183 (
1109 2105 1145 2165 ln

79 2201 228 2290 Philebo.)
249 2206 302 2268 Ad
323 2206 560 2290 magnitudinem
584 2207 678 2268 animi
696 2220 802 2284 vocat,
824 2210 877 2269 sed
896 2229 952 2290 per
971 2209 1064 2271 animi
1087 2212 1149 2274 url-

79 2324 135 2374 tun
147 2318 203 2376 :ad
217 2313 423 2390 modestiam,
437 2335 494 2396 per
503 2313 643 2396 corporis
658 2326 873 2396 contemptum.

380 2520 723 2587 DlSSERTATlO
743 2520 849 2584 Vlll.

82 2672 165 2734 l'ems
179 2677 339 2736 Stoicorum
352 2675 491 2756 Sapiens,
506 2677 537 2734 in
551 2694 660 2734 summo
679 2671 715 2731 ab
730 2674 767 2731 iis
780 2673 934 2752 descriptus
949 2675 1087 2757 :ideoque
1107 2679 1151 2737 ir·
1207 2654 1208 2658 Ἰ

236 2793 385 2862 repertus,
404 2803 455 2840 nec
470 2781 503 2842 id
520 2790 616 2840 tumea
629 2780 692 2838 sine
704 2800 808 2852 emesa,
823 2777 988 2855 autsmcue

112 2943 201 3024 Qotu
212 2945 307 3029 crgo?
319 2947 383 3027 jam
394 2944 426 3006 in
440 2945 542 3007 animo
555 2945 630 3006 mihi
642 2947 776 3008 occurris
789 2970 796 3005 :
810 2938 913 3007 omnia
924 2946 980 3007 ista
991 2967 1067 3030 opus
1075 2951 1153 3012 scire

73 3047 269 3134 Sapientem?
287 3051 371 3119 Auo·
386 3049 478 3115 Certe
492 3052 690 3114 occurrebam
707 3076 714 3110 ι
734 3064 786 3112 aut
798 3052 898 3134 potins
911 3053 974 3134 jam
990 3076 1073 3136 paene
1086 3057 1153 3118 abi-

75 3156 161 3236 bam,
178 3159 395 3242 desperatione
410 3158 514 3220 victus.
533 3154 611 3236 Quis
627 3155 721 3219 homo
737 3158 833 3233 ullus,
855 3172 907 3219 aut
921 3181 1070 3241 unquam,
1095 3164 1155 3223 Di-

73 3269 137 3324 aina
153 3266 263 3327 omnia
282 3278 315 3328 et
326 3265 465 3326 Hmnaaa
483 3264 586 3326 novit?
602 3283 664 3325 uon
678 3263 753 3338 luit,
769 3284 831 3326 nou
850 3265 908 3326 erit
924 3289 931 3325 :
947 3265 1075 3349 ideoque
1088 3270 1154 3350 jure

74 3371 229 3434 abhorreo
248 3370 427 3451 altiloquam
440 3369 519 3433 hanc
532 3367 718 3452 Sapientiam
735 3382 765 3430 et
785 3370 816 3430 in
831 3383 981 3455 prmrupto
1001 3374 1154 3454 positam,

72 3499 129 3558 quo
143 3499 210 3540 non
225 3479 298 3540 itur.
309 3473 396 3540 lues.
408 3474 511 3540 Solari
524 3489 554 3536 te
567 3487 708 3560 poteram
721 3472 893 3538 Aristotelis
908 3477 1009 3538 verbis
1023 3480 1074 3560 qui
1088 3502 1157 3541 cen*

74 3601 115 3648 ret
131 3611 139 3646 :
157 3616 174 3642 ι
199 3583 293 3648 Scire
316 3585 484 3669 sapientem
497 3582 642 3666 pleraque
657 3582 778 3659 omnia,
795 3596 939 3663 quantum
960 3584 1025 3645 fieri
1040 3600 1156 3669 potest,

74 3715 130 3756 oon
156 3717 220 3779 per
244 3692 363 3776 singula
385 3691 541 3754 scientiam
564 3709 672 3750 eorum
685 3687 850 3750 habentem
872 3717 886 3743 ιι
903 3689 934 3770 (l
948 3688 1020 3752 Post
1031 3692 1154 3780 phys.):

73 3803 141 3878 sed,
160 3816 196 3864 ut
209 3814 322 3885 postea
337 3798 419 3862 addit
436 3825 450 3851 ιι
469 3794 631 3858 universali
643 3797 772 3875 quadam
787 3796 911 3858 scientia
927 3823 943 3852 u
962 3812 1156 3865 contentum:

75 3909 164 3970 solari
178 3923 213 3970 et
229 3905 386 3970 Demetrii
398 3901 505 3990 Cynici
518 3900 636 3978 verbis,
660 3903 740 3986 apud
757 3900 906 3966 Senecam
925 3929 931 3963 :
958 3931 974 3958 a
991 3904 1063 3970 Plus
1080 3931 1159 3993 pro-

73 4017 156 4080 desse
169 4018 198 4080 si
216 4035 319 4099 pauca
334 4026 482 4097 praecepta
503 4009 664 4094 Sapientia
682 4023 808 4086 teneas,
826 4013 879 4073 sed
898 4011 951 4074 illa
969 4013 1000 4073 in
1019 4033 1162 4101 promptu

73 4122 142 4198 tibi,
158 4135 192 4185 et
209 4123 246 4184 in
261 4141 320 4182 usu
334 4120 408 4194 sint,
424 4138 516 4199 quam
535 4115 560 4178 si
576 4116 670 4178 multa
681 4115 839 4193 didiceris,
855 4120 980 4179 sednon
994 4119 1107 4184 habeas
1121 4127 1159 4186 ad

72 4252 212 4291 mnam.
237 4225 507 4308 Quemadmodum
527 4243 655 4305 maguus
675 4221 804 4284 luctator
824 4235 883 4298 est,
907 4244 968 4284 non
990 4227 1040 4306 qui
1053 4248 1160 4291 omnes

73 4356 222 4398 numeros
239 4353 394 4411 nexusque
408 4330 566 4414 perdidicit
581 4349 710 4410 quorum
726 4349 797 4390 usos
813 4327 870 4390 sub
884 4332 1057 4394 adversario
1074 4356 1161 4398 rarus
