2896 4958
367 485 576 566 n1nnn1,
604 484 718 552 cor.
744 484 855 550 xvi.
1105 479 1149 574 ι,

85 629 205 682 munet.
223 615 355 684 Sentiet
370 616 485 708 itaque
500 614 709 707 suspiciones
722 609 885 706 quosdam
902 624 937 679 et
949 611 1087 680 umbras
1101 609 1151 694 nf-

86 727 228 796 foetuum
246 755 255 794 :
270 729 357 821 ipsis
369 729 507 822 quidem
518 728 667 798 carebit.
688 727 888 796 Aristoteles
904 727 953 794 uit
965 731 991 809 ¹,
1011 726 1151 794 affectus

86 841 265 933 quosdam,
286 844 405 936 siquis
419 843 486 912 illis
500 843 589 912 bene
602 857 735 924 ututur,
752 863 815 933 pro
829 839 931 909 armis
945 861 1030 909 esse.
1047 838 1152 932 Quod

85 983 198 1028 rerum
212 960 319 1043 foret,
338 961 366 1029 si
379 960 472 1030 velut
484 960 607 1030 bellios
620 961 844 1028 instrumenta
857 957 944 1026 sumi
957 955 1150 1048 deponique
1239 1001 1245 1004 -

86 1089 218 1166 possent
240 1072 414 1144 induentis
437 1073 594 1142 arbitrio.
624 1077 705 1142 llaeo
724 1096 835 1155 ormo,
857 1095 933 1164 quae
951 1069 1150 1140 Aristoteles
1174 1103 1191 1154 8

84 1189 291 1273 virtutium,
311 1191 686 1284 ipsepersepugnaut‚
706 1202 1146 1280 nonexspectnntmanum:

84 1307 229 1391 habent,
250 1323 285 1376 et
297 1332 367 1375 non
378 1307 561 1386 habentur.
576 1307 633 1375 Nil
644 1305 721 1373 aliis
733 1304 967 1374 instrumentis
978 1327 1063 1396 opus
1076 1319 1145 1372 est:

84 1424 241 1492 tatianos
261 1424 420 1496 instruxit
437 1424 568 1492 ratione
586 1436 720 1490 natum.
742 1424 823 1490 llaeo
847 1418 942 1488 dedit
966 1418 1070 1487 telum
1090 1420 1150 1486 iir-

82 1564 187 1624 mnm,
210 1556 440 1634 perpetuum‚·
452 1540 660 1632 obsequens,
681 1562 746 1608 nec
759 1560 906 1629 anceps,
926 1561 991 1604 neo
1004 1534 1098 1628 quod
1113 1537 1150 1604 in

83 1653 256 1725 domiuum
275 1657 402 1726 remitti
422 1670 546 1748 posset.
572 1657 649 1723 Non
667 1652 711 1722 nd
728 1652 976 1746 providendum
996 1669 1147 1736 tuntum,

82 1771 138 1838 sed
154 1771 203 1839 ed
223 1795 279 1840 res
302 1769 469 1866 gerendos
487 1771 568 1839 sotis
585 1786 637 1838 est
653 1794 716 1863 per
741 1793 776 1838 se
798 1745 872 1861 ipsit
888 1771 987 1838 ratio.
1016 1771 1149 1838 Etenim
1174 1821 1192 1872 9

81 1885 163 1976 quid
178 1902 233 1955 est
249 1887 403 1970 stultius,
426 1911 527 1980 quam
541 1885 631 1955 huno
647 1886 691 1954 ab
709 1884 886 1954 iracundia
900 1901 1017 1978 petere
1033 1887 1151 1979 praesi-

82 2001 189 2072 dium²
208 2030 216 2069 :
233 2027 307 2072 rem
320 2003 473 2072 stabilem
485 2004 529 2078 ab
540 2004 682 2086 incerta,
698 2001 833 2070 fidelem
847 2001 891 2072 ab
902 2000 1021 2082 infida,
1035 2027 1150 2074 senam

80 2119 120 2187 ab
134 2122 256 2214 tegra?
271 2119 387 2213 Quid,
409 2118 501 2212 quod
514 2119 558 2188 od
570 2121 720 2190 actiones
732 2142 892 2210 quoque,
906 2120 943 2187 in
956 2119 1081 2212 quibus
1093 2145 1149 2189 so-

81 2234 120 2302 lis
131 2261 240 2330 opera
252 2234 437 2306 iracundiae
451 2235 587 2304 videtur
599 2236 807 2317 necessaria,
822 2234 928 2304 multo
939 2259 1003 2327 per
1015 2259 1051 2304 se
1064 2237 1150 2304 rotio

81 2349 198 2418 fortior
216 2350 295 2418 est?
316 2351 402 2417 Nam
421 2374 526 2441 quum
540 2348 707 2442 judicavit
724 2347 856 2441 aliquid
876 2348 1087 2432 faciendum,
1113 2351 1150 2418 iu
1176 2401 1206 2438 ιο

79 2489 118 2534 eo
133 2481 344 2562 perseverat.
365 2465 459 2536 Nihil
475 2461 590 2536 euim³
605 2465 724 2536 melius
738 2465 919 2536 inventura
933 2480 984 2534 est
1000 2489 1036 2534 so
1052 2466 1147 2558 ipsa,

95 2719 116 2753 ι.
126 2704 339 2757 An'stotelesait.
349 2703 425 2757 Coni.
434 2725 462 2773 7,
476 2721 587 2776 sspsnpr.
637 2716 684 2755 est:
692 2703 783 2756 «Absit
791 2702 841 2756 hoe
850 2702 947 2758 mslnrn
956 2722 970 2754 s
978 2702 1148 2766 virtuts,eto.s

78 2778 154 2831 Redit
179 2781 212 2832 sd
239 2780 405 2852 questionem
423 2800 500 2850 quem
516 2794 589 2832 antee
637 2781 706 2834 lstud
724 2801 785 2856 ergo
802 2783 973 2834 demonstrare
993 2783 1147 2855 aggreditur,

77 2871 210 2929 posuerst,
225 2878 258 2909 sn
272 2858 385 2910 inutilis
399 2858 447 2922 sit,
462 2858 590 2930 interrup-
637 2859 735 2912 nnllam
741 2860 977 2933 esseposserstionis
983 2873 1007 2913 et
1013 2862 1148 2914 affectuum

76 2947 127 2987 tarn
152 2937 213 2990 aliis
232 2936 421 3006 questiuncnlis
447 2935 589 2990 intersertis.
639 2939 1033 3004 concordiem,nullumsoedus;
1046 2951 1149 2994 etmore

76 3009 519 3083 Hisii'eetusnonexspectant‚i.e.
536 3033 589 3065 uon
638 3019 861 3090 suoperds'llisess
875 3018 1054 3092 progreditur,
1070 3019 1148 3072 modo

75 3091 169 3158 ferunt,
182 3091 588 3158 tolerantmeuumhabeut'uos,
638 3115 716 3168 egens
734 3096 765 3148 de
783 3097 863 3150 animi
880 3109 905 3150 et
921 3097 1025 3151 rationis
1041 3109 1146 3164 ustura,

75 3171 264 3226 tellumonem
272 3210 280 3236 ‚
288 3192 340 3224 non
350 3171 478 3224 labentur
487 3171 518 3224 ab
529 3171 589 3224 ills:
637 3173 715 3226 modo
729 3173 761 3226 de
773 3175 917 3228 sil'eetuum.

75 3250 169 3304 alludit
191 3252 225 3304 sd
248 3251 344 3304 dietum
363 3251 485 3323 Aristippi
507 3247 589 3323 Cyre-
635 3249 1058 3310 .“3.Μ1υἰιιιι·ηι....ωηειι·ωιι·ι,,
1074 3250 1146 3314 Idem

75 3329 158 3394 miei,
173 3351 191 3382 a
210 3330 315 3386 Socrate
329 3328 460 3395 instructi,
477 3328 505 3380 in
517 3327 586 3380 enti·
636 3327 716 3382 Stoici
728 3330 819 3382 dieunt
829 3329 860 3382 de
869 3330 966 3382 rstione
978 3328 1103 3400 quodtnos
1111 3328 1147 3386 ¹de

75 3408 170 3479 quinte
180 3409 423 3473 celebratissimum,
438 3408 530 3480 quippe
540 3406 586 3476 qui
635 3407 692 3462 Deo
700 3409 760 3482 Opt.
769 3409 836 3464 Mer.
843 3410 877 3462 Et
885 3431 912 3462 re
919 3411 1023 3480 quidem
1029 3429 1089 3462 vera
1096 3409 1146 3462 Dei

73 3506 154 3556 quum
169 3487 282 3541 Athenis
297 3486 390 3541 relictis
405 3484 511 3558 AEginte
528 3503 586 3536 eum
635 3488 765 3553 umbram,
780 3489 919 3560 imaginem
928 3488 1078 3558 quemdem,
1094 3506 1148 3540 sne·

73 3563 168 3628 laide,
181 3565 263 3634 iioipp
274 3560 590 3627 notissime,ssmiliariter'
636 3565 711 3618 dente
729 3566 846 3625 Fe'rse'lors
865 3566 976 3632 (Exiet.
996 3568 1028 3618 de
1044 3564 1145 3630 Βίου),

72 3643 186 3709 viveret,
202 3641 390 3715 increpantibus
398 3639 486 3694 amicit
497 3639 587 3692 dirim
635 3643 702 3696 hanc
719 3643 861 3696 facultatem
879 3643 1013 3698 credideris
1027 3662 1083 3714 quae
1098 3643 1147 3695 do-

71 3720 149 3775 fertnr
164 3739 173 3773 ι
188 3722 240 3789 {xe
259 3721 352 3784 mtto,
365 3719 471 3772 ἀλλὀὐκ
484 3705 587 3786 ἔχομαι,’
636 3720 703 3774 tibus
724 3720 775 3774 Dei
799 3721 877 3794 pollet
898 3720 1048 3786 alduinus,
1070 3719 1146 3778 sbro-

72 3795 122 3850 boe
132 3812 182 3864 est,
191 3797 285 3858 habeo.
294 3795 524 3850 mahalom-Viti·
534 3795 586 3848 Cic.
636 3799 706 3864 luis,
717 3818 799 3869 nsque
816 3798 864 3852 ulli
879 3799 1014 3860 variationi
1028 3798 1146 3856 obnoxia.

72 3878 103 3928 sd
114 3879 221 3935 Divers-
228 3879 276 3950 Ep.
284 3879 321 3930 lX
329 3915 337 3943 ‚
346 3878 386 3930 26.
396 3876 435 3930 cf.
444 3890 468 3930 et
475 3877 586 3948 Diogen.
635 3877 712 3930 Ratio
723 3876 792 3930 enim
802 3913 809 3940 ‚
821 3889 849 3934 ut
858 3877 928 3930 Deos
936 3915 944 3942 ‚
953 3878 994 3930 lex
1004 3890 1040 3932 est
1050 3877 1145 3951 pectori

70 3957 153 4016 laert.
171 3957 221 4022 ΙΙ,
241 3959 292 4022 75,
311 3955 459 4028 ib.Menag.
478 3977 503 4028 p.
522 3975 585 4022 ιιι,
635 3957 689 4010 imo
699 3953 1145 4030 insculptsetinfixs;utDeus,qute
1214 4011 1223 4024 ,

70 4057 146 4105 quern
157 4049 248 4088 tamen
259 4034 329 4087 loeus
339 4047 424 4088 noster
432 4035 507 4106 fugit·
636 4034 1144 4107 bonssunt‚eupitimperstque;ntDeus‚

88 4134 111 4166 ι
126 4115 411 4186 Qus'destrtultius..·.·
426 4115 588 4181 prasidrism,
628 4113 731 4188 optima
743 4125 796 4178 est,
810 4133 857 4166 nee
874 4113 990 4166 invenire
1006 4111 1144 4182 quidquem

72 4194 112 4246 td
120 4193 168 4254 ills
178 4192 234 4266 ipsa
241 4190 379 4245 revolvitur
386 4191 417 4244 de
427 4190 517 4260 quibus
525 4211 587 4264 peu·
637 4201 719 4265 potest
730 4191 800 4260 quod
810 4190 876 4256 sibi,
892 4190 961 4262 quod
980 4189 1076 4263 plsritis
1091 4189 1143 4240 suis

63 4291 101 4324 ue
118 4291 168 4325 nos
187 4290 242 4342 esp.
254 4289 302 4334 so,
318 4269 389 4338 euius
406 4269 470 4328 illud
486 4269 588 4324 initium
638 4281 791 4344 anteponam
811 4289 887 4341 ergo,
901 4282 928 4321 ut
945 4267 1030 4332 Deus,
1049 4266 1080 4328 'tit
1098 4277 1145 4323 ³¹12
