2926 4958
325 458 425 542 xcvii)
511 455 542 521 J.
569 455 729 524 LlPSll
755 455 1215 528 MANUDUCTIONIS

206 633 222 680 .·
324 597 516 674 Graecanici,
539 599 578 658 ad
601 597 632 658 id
656 609 797 680 tempus,
820 596 965 685 physica,
993 597 1206 663 mathematica
1227 613 1317 682 atque
1339 603 1404 665 alia

324 701 528 787 Philosophiae
538 713 719 766 tractassent
728 715 856 778 tantum,
869 715 901 765 et
913 704 1064 787 dogmata,
1075 705 1193 767 ratione
1201 708 1299 792 magis
1307 731 1405 790 quam

319 809 549 874 ratiocinatione
562 809 620 884 osi,
633 810 852 892 prompsissent
866 835 874 881 3
887 809 1003 892 primus
1012 806 1153 874 Socrates
1166 811 1296 896 logicam
1303 836 1403 878 exco-

318 915 375 979 luit
388 930 418 978 et
430 915 587 991 adhibuit,
605 929 635 976 et
648 916 890 978 dissertationem
904 915 1032 992 induxit,
1051 917 1136 998 quasi
1153 919 1401 1000 explorationem

316 1023 463 1086 veritatis.
480 1022 586 1104 ltaque
603 1022 687 1084 dese
702 1021 830 1084 latetur:
849 1049 864 1076 α
877 1020 963 1084 Nulli
974 1022 1027 1084 alii
1039 1044 1132 1104 quam
1141 1024 1271 1102 rationi,
1286 1047 1318 1087 se
1328 1049 1401 1088 ere-

316 1131 401 1192 dere.
414 1155 430 1182 n
451 1126 509 1208 (ln
521 1125 681 1204 Critone.)
695 1123 737 1188 Et
749 1126 829 1190 banc
846 1155 861 1180 u
870 1148 931 1190 non
943 1149 1084 1191 sermone
1098 1129 1212 1213 longo,
1227 1133 1280 1194 sed
1294 1132 1400 1194 inter-

315 1233 522 1316 rogationibus
536 1255 568 1295 se
578 1233 726 1317 reperire.
738 1260 753 1288 n
770 1231 821 1312 (ln
832 1232 1000 1312 Alcibiad.)
1013 1232 1145 1316 Ideoque
1158 1264 1172 1288 ιι
1185 1236 1268 1320 l'nngi
1278 1259 1310 1299 se
1325 1239 1399 1300 olli-

315 1341 363 1402 eio
375 1339 458 1402 velot
472 1339 653 1410 obstetricis,
669 1353 701 1401 et
716 1341 857 1401 tentando
873 1341 1068 1422 rogandoque
1083 1341 1215 1402 aliorum
1228 1343 1398 1406 sententias

313 1446 419 1506 ienuam
432 1445 464 1505 in
475 1445 575 1507 lucem
585 1446 742 1507 educere.»
756 1443 806 1520 (ln
816 1443 949 1523 l'beaet)
959 1443 1100 1527 Denique
1111 1469 1119 1504 ι
1132 1475 1147 1500 ιι
1156 1445 1242 1508 Nihil
1254 1469 1287 1510 se
1297 1449 1395 1522 scire,

311 1575 411 1636 neque
426 1552 527 1629 aliud,
539 1571 631 1633 qoam
646 1573 677 1614 se
692 1551 867 1636 ambigere,
887 1566 918 1613 et
935 1552 1012 1614 alios
1025 1555 1153 1616 reddere
1167 1555 1365 1638 ambigentes.
1378 1585 1394 1610 »ι

310 1659 370 1739 (Ιη
385 1657 552 1735 Menone.)
562 1655 724 1738 Denique,
746 1657 883 1740 profiteri
897 1679 929 1720 se
943 1679 1037 1720 mum
1052 1687 1066 1714 a
1087 1667 1194 1722 eortnrr
1207 1705 1216 1734 ,
1227 1661 1279 1743 qui
1288 1660 1397 1724 liben-

309 1780 356 1828 ter
371 1767 640 1849 redarguerentur,
654 1765 827 1846 pariterque
844 1778 1037 1848 arguerent.»
1052 1763 1110 1844 (ln
1123 1765 1275 1849 Gorgia.)
1288 1765 1394 1832 Vides

310 1875 342 1936 in
366 1873 429 1936 istis
449 1893 522 1935 vere
544 1876 738 1956 einopnpertnis
762 1871 825 1934 sive
847 1870 1083 1934 Academicum?
1103 1869 1168 1934 Sed
1188 1887 1289 1935 tamen
1315 1897 1392 1938 com

307 1983 399 2043 modo
416 2003 423 2039 ε
440 1993 472 2042 et
485 1978 580 2040 mun
593 1979 681 2062 ponit
695 1979 882 2060 asseritque,
909 1992 938 2040 et
954 1999 1058 2041 rerum
1072 1976 1237 2042 scientiam
1250 1979 1366 2043 latetur
1380 2029 1389 2058 ,

308 2109 414 2151 earum
429 2099 510 2150 certe
525 2107 590 2168 quae
605 2090 683 2151 νοητὰ
698 2097 782 2161 sont,
796 2085 882 2147 idest
896 2084 952 2146 sub
964 2084 1150 2147 intellectum
1162 2089 1272 2148 cadunt
1286 2109 1293 2146 ε
1306 2088 1390 2153 sicut

311 2197 483 2278 Opinionem
499 2195 530 2256 in
542 2192 665 2275 hisquae
675 2197 802 2268 «enema,
815 2193 846 2255 id
857 2206 902 2255 est
913 2213 1003 2255 sensu
1014 2192 1169 2276 capienda.
1181 2191 1343 2256 Platonem
1354 2195 1391 2256 in

304 2302 423 2365 Timaeo
436 2300 587 2384 superbis
599 2301 666 2361 vide
679 2324 687 2370 ς
704 2319 777 2360 nam
789 2299 891 2360 omnia
908 2299 1031 2379 exsequi
1045 2299 1193 2384 longum:
1208 2321 1265 2364 nec
1278 2301 1310 2362 in
1321 2299 1391 2362 So-

303 2409 394 2471 cratis
411 2421 462 2470 eut
479 2405 614 2468 Platonis
628 2403 775 2467 sententia
792 2403 925 2464 tenebrae
940 2404 1183 2479 admodum,aut
1195 2406 1288 2467 tricae.
1306 2404 1390 2470 blase

303 2512 508 2598 Speusippus,
525 2511 734 2585 Xenocrates,
750 2508 866 2590 reliqua
882 2506 1018 2571 Platonis
1032 2509 1136 2572 schola
1154 2511 1271 2588 tenuit,
1286 2535 1390 2595 usque

302 2623 342 2682 ad
360 2619 530 2682 Arcesilam
551 2643 558 2678 :
577 2617 636 2679 nisi
653 2617 734 2697 quod
754 2614 936 2678 Aristoteles
955 2613 1070 2696 aliquid
1091 2618 1219 2678 mutavit
1238 2618 1276 2680 de
1302 2619 1389 2679 Idee‘s

301 2727 378 2800 (qnae
392 2717 513 2781 Platoni
528 2732 596 2782 aunt
610 2721 645 2780 esi
659 2718 752 2792 νοητὰ)
769 2729 799 2776 et
819 2735 925 2776 earum
935 2713 1000 2777 vice
1022 2715 1228 2791 Unr'oersnltb,
1247 2737 1314 2796 qnae
1326 2739 1389 2778 vo-

300 2833 422 2893 eantur,
443 2819 567 2882 induxit.
580 2820 680 2901 Atque
696 2819 752 2879 ista
766 2815 857 2900 igitur
872 2818 963 2876 Vetto
983 2812 1172 2888 Academia,
1193 2801 1274 2878 bono
1296 2819 1390 2899 judi-

301 2922 350 2984 cio
365 2921 542 3000 Dogmutict's
555 2921 740 2981 accensenda
754 2941 760 2976 :
775 2919 826 2978 sed
841 2916 1010 2978 temeritate
1024 2916 1206 2978 assentiendi
1220 2931 1336 3000 spreta,
1356 2934 1391 2982 et

300 3022 439 3084 cautione
456 3021 586 3082 inducta.
596 3016 639 3080 At
655 3019 758 3078 Medio
775 3016 827 3078 illa
844 3018 898 3078 ivit
914 3016 1032 3100 longius
1050 3039 1057 3075 :
1076 3037 1143 3097 quae
1161 3018 1270 3079 docem
1283 3017 1388 3082 Arce·

299 3129 389 3190 silam
416 3128 529 3205 habet,
561 3123 763 3210 «ignorantia
792 3126 844 3202 (ut
868 3120 1041 3185 Lactantius
1065 3122 1131 3201 ait)
1157 3123 1353 3208 magistrum.
1370 3155 1387 3180 n

299 3233 392 3316 (Lib.
400 3233 458 3312 lll,
474 3255 541 3316 cap.
554 3231 600 3310 6.)
614 3231 697 3294 Nam
707 3231 732 3292 is
746 3230 883 3296 turbator
896 3229 928 3290 in
937 3227 1015 3325 bene
1027 3229 1125 3294 adbuc
1137 3231 1298 3292 constituta
1308 3229 1391 3294 Phi·

298 3340 439 3424 losophia
455 3351 590 3414 exortos,
608 3335 717 3398 «Nihil
732 3335 802 3398 sciri
819 3333 1008 3410 adfirmavit,
1030 3355 1087 3398 nec
1101 3336 1177 3398 illud
1191 3338 1315 3418 quidem
1330 3341 1391 3424 ip-

299 3469 387 3524 sum,
401 3447 482 3528 quod
496 3441 637 3506 Socrates
651 3441 709 3504 sibi
723 3440 929 3522 reliquisset.»
946 3439 1031 3518 (Cic.
1046 3439 1060 3501 l
1074 3442 1243 3521 Academ.)
1270 3443 1391 3527 ltaque

298 3553 448 3614 larnosam
461 3549 547 3612 illam
556 3541 662 3631 ἐποχὴν
674 3555 822 3618 (assensus
834 3549 1033 3624 retentionem)
1044 3547 1159 3610 induxit
1173 3574 1180 3610 ι
1193 3563 1224 3612 et
1234 3552 1391 3635 dogmata

297 3657 380 3718 nulla
394 3658 458 3739 ipse
468 3656 584 3739 posuit,
598 3667 629 3716 et
638 3653 741 3715 omnia
752 3652 882 3714 aliorum
892 3653 1087 3736 oppugnarit.
1098 3651 1209 3718 Secuta
1220 3669 1265 3718 est
1277 3657 1388 3736 Novo,

297 3761 456 3826 Carneade
468 3775 609 3838 auctore,
624 3760 676 3841 qui
691 3761 728 3821 de
742 3758 887 3822 Arcesilae
896 3756 992 3842 rigida
1007 3758 1078 3834 illa,
1091 3773 1122 3820 et
1135 3773 1240 3823 contra
1251 3782 1389 3829 sensum

297 3888 421 3929 omnem
435 3887 470 3928 ac
483 3865 729 3930 consuetudinem
748 3863 929 3946 pertinacia,
946 3864 1063 3926 remisit
1075 3864 1190 3947 aliquid
1207 3879 1238 3929 et
1252 3868 1390 3936 laxavit.

295 3973 378 4036 Nam
392 3972 445 4035 ille
466 3975 636 4037 ἀκαταληπτὰ
648 3970 771 4052 quidem
792 3969 894 4030 omnia
916 3970 1031 4052 posuit,
1055 3973 1087 4032 id
1104 3986 1150 4034 est
1166 3972 1253 4034 Nihil
1266 3983 1392 4062 percipi

292 4102 376 4161 posse
389 4103 399 4138 .·
412 4082 465 4141 sed
478 4099 496 4140 a
511 4078 603 4140 rebus
617 4091 718 4139 tamen
729 4097 835 4138 verum
846 4075 1013 4158 salsumque
1028 4097 1089 4139 non
1101 4079 1220 4141 sustulit
1231 4105 1241 4152 a
1253 4101 1273 4142 a
1285 4086 1389 4150 nobis

294 4200 410 4250 tantmn
418 4195 546 4270 κριτήριον
556 4185 619 4246 sive
630 4195 719 4244 ortem
723 4181 880 4262 judicandi
883 4202 918 4244 ac
925 4183 1126 4248 discernendi.
1135 4183 1249 4250 Cicero
1259 4191 1301 4253 de
1309 4191 1387 4276 ipso

292 4309 322 4356 et
337 4294 479 4358 asseclis:
493 4321 508 4348 o
520 4291 599 4354 Veri
613 4312 678 4354 esse
693 4290 807 4370 aliquid
823 4310 884 4352 non
900 4311 1046 4372 negamus
1059 4338 1068 4370 ,
1081 4295 1199 4378 percipi
1211 4318 1308 4380 posse
1319 4323 1388 4365 ne-
