2910 4954
306 427 352 512 ox
758 429 822 494 ns
848 430 942 496 uss

306 562 411 646 dera,
428 579 463 630 et
473 563 509 632 in
525 559 674 654 praedam
687 559 882 644 validioris,
900 560 1070 654 quidquid
1084 586 1154 632 non
1169 564 1380 644 resistebat¹,

307 677 516 762 abductum3
537 676 908 768 circumscriptiones²,
932 677 1045 758 surta,
1069 677 1231 760 fraudes,
1254 681 1384 746 infitia-

305 791 414 858 tiones
426 785 452 872 ³,
466 789 591 884 quibus
601 789 690 857 trina
703 812 772 856 non
785 789 962 858 sufficiunt
971 785 1072 860 fora⁴.
1087 791 1122 859 Si
1133 806 1262 860 tantum
1277 794 1381 860 irasci

305 909 356 976 ris
375 907 586 1000 sapientem,
610 920 774 997 quantum
789 903 955 974 scelerum
969 903 1156 998 indignitas
1168 907 1275 1000 exigit
1287 959 1297 990 ‚
1311 933 1382 976 nou

266 1057 280 1088 2
306 1021 521 1090 irascendum
539 1021 615 1103 illi,
643 1019 704 1088 sed
722 1019 959 1088 insaniendum
986 1035 1049 1088 est.
1079 1018 1169 1088 Illud
1186 1022 1301 1115 potius
1325 1047 1383 1090 oo-

309 1137 456 1230 gitabis,
486 1159 555 1204 non
579 1159 652 1204 esse
676 1134 890 1204 irascendum
913 1136 1110 1220 erroribus,
1132 1135 1217 1228 quid
1239 1139 1382 1206 enimsi

306 1254 385 1344 quis
408 1254 577 1320 irascatur
600 1252 637 1318 in
660 1252 811 1320 tenebris
831 1275 953 1346 parum
970 1253 1113 1346 vestigia
1135 1268 1228 1320 corta
1249 1277 1385 1346 ponen-

305 1371 426 1438 tibus?
441 1369 526 1462 quid
544 1371 572 1437 si
592 1369 670 1462 quis
690 1369 824 1452 surdis,
847 1371 992 1463 imperia
1004 1394 1073 1438 non
1093 1368 1385 1440 exaudientibus?

306 1484 391 1576 quid
416 1486 444 1552 si
469 1485 609 1579 pueris,
632 1483 725 1577 quod
746 1485 900 1579 neglecto
921 1484 1076 1580 dispectu
1095 1485 1310 1566 officiorum,
1340 1485 1386 1554 ad

305 1600 399 1668 lusus
422 1616 457 1668 et
478 1603 612 1695 ineptos
637 1601 819 1694 aequalium
838 1602 934 1694 jocos
953 1601 1134 1695 spectent?
1151 1601 1236 1694 quid
1260 1603 1289 1668 si
1313 1601 1385 1668 illis

305 1713 406 1780 irasci
426 1713 533 1796 veiis,
555 1715 615 1806 qui
636 1730 824 1808 aegrotant,
840 1730 1042 1804 senescunt,
1060 1713 1270 1808 fatigantur?
1287 1715 1386 1782 Inter

305 1842 428 1894 caetera
450 1829 664 1898 mortalitatis
683 1827 912 1911 incommoda,
934 1845 970 1896 et
991 1829 1065 1896 haec
1083 1844 1135 1896 est
1152 1830 1263 1924 caiigo
1283 1854 1383 1898 men-

306 1943 390 2010 tium
426 1969 434 2008 :
469 1967 533 2011 nec
563 1959 693 2033 tantum
727 1945 908 2012 necessitas
935 1944 1099 2022 errandi,
1133 1943 1194 2014 sed
1220 1969 1382 2016 errorum

305 2080 411 2154 amor.
446 2061 497 2126 Ne
525 2059 669 2151 singulis
702 2057 879 2141 irascaris,
908 2061 1076 2128 universis
1104 2060 1379 2154 ignoscendum:

264 2197 280 2250 3
308 2176 425 2268 generi
443 2175 592 2242 humano
610 2177 710 2244 venia
728 2175 911 2244 tribuenda
929 2191 992 2246 est.
1014 2178 1049 2246 Si
1069 2178 1226 2246 irasceris
1239 2179 1384 2272 juveni-

305 2293 370 2360 bus
380 2292 587 2383 senibusque
600 2341 609 2373 ,
628 2290 720 2382 quod
734 2305 877 2385 peccant
889 2319 898 2376 3
911 2292 1058 2360 irascere
1068 2293 1274 2375 infantibus,
1287 2293 1385 2386 quod

306 2409 481 2502 peccaturi
502 2421 593 2474 suut.
615 2409 703 2474 Num
718 2406 795 2498 quis
810 2406 967 2506 irascitur
986 2409 1123 2501 pueris,
1140 2433 1288 2501 quorum
1301 2427 1386 2478 aetss

305 2524 457 2594 nondum
479 2524 573 2593 novit
587 2547 702 2590 rarum
721 2521 916 2591 discrimina
931 2525 946 2590 ἰ)
963 2525 1071 2617 major
1090 2541 1142 2592 est
1161 2527 1337 2594 excusatio
1352 2543 1387 2594 et

301 2644 449 2736 justior,
472 2642 644 2711 hominem
658 2665 754 2724 csse,
776 2665 877 2732 quam
895 2665 1040 2734 puerum
1053 2633 1078 2708 ⁵.
1096 2645 1169 2712 Hac
1183 2641 1383 2712 conditione

299 2762 377 2848 ,nati
407 2784 522 2828 sumus
550 2756 709 2825 animalia
737 2756 880 2824 obnoxia
908 2781 977 2826 nou
1005 2760 1223 2852 paucioribus
1251 2762 1383 2842 animi,

306 2901 408 2969 quam
427 2875 580 2970 corporis
607 2871 733 2941 morbis
757 2899 765 2937 :
787 2897 855 2940 non
875 2871 1014 2964 quidem
1033 2872 1152 2943 obtusa
1175 2899 1241 2944 nec
1261 2875 1384 2958 tarda,

307 2995 368 3064 sed
386 2995 543 3062 acumine
563 3005 678 3060 nostro
698 2988 785 3057 male
807 2990 959 3071 utentia,
986 2989 1073 3057 alter
1098 2990 1197 3058 alteri
1219 2992 1386 3061 vitiorum

265 3133 281 3196 4
306 3108 472 3200 exempla.
491 3105 648 3198 Quisque
664 3103 818 3193 sequitur
836 3103 985 3194 priores,
1002 3102 1089 3171 male
1103 3105 1170 3171 iter
1180 3105 1362 3197 ¹ingressos
1376 3135 1382 3170 :

306 3363 355 3417 nisi
372 3381 468 3416 errores
486 3362 550 3426 siut,
571 3359 662 3431 quibus
680 3358 818 3432 ignoscen—
866 3378 907 3412 sus
933 3371 989 3411 aute
1011 3379 1088 3432 equos
1112 3380 1231 3414 omum.»
1254 3362 1387 3438 Deinceps

306 3441 367 3494 duur
378 3453 421 3493 est.
866 3449 983 3506 quartum
1000 3437 1084 3488 iorum
1098 3435 1181 3490 Nerva
1195 3437 1325 3510 Traianus
1338 3441 1389 3492 sd-

342 3539 363 3572 1.
374 3519 531 3571 Resistebot.
544 3517 604 3566 Non
615 3524 712 3588 poterat
723 3511 817 3564 resiste·
866 3513 942 3584 jecit,
960 3513 1138 3588 magnitudine
1150 3528 1175 3568 et
1188 3515 1388 3588 magnificentia

305 3619 345 3663 rs,
355 3618 400 3650 seu
414 3597 479 3650 maie
490 3594 633 3658 resistebat,
646 3606 675 3644 ut
683 3589 817 3644 infirmior.
866 3591 944 3666 longe
953 3593 1034 3666 magis
1043 3593 1187 3666 spectabile.

339 3693 362 3726 s,
386 3675 646 3744 cirumscriptrbnss.
670 3669 817 3722 Defrauds-
900 3673 923 3724 5.
935 3669 1028 3733 Maior
1041 3675 1179 3724 excusatis
1194 3681 1245 3732 est,
1266 3686 1315 3725 etc.
1330 3675 1389 3726 Hoc

305 3751 394 3802 tiones.
866 3759 917 3811 est,
933 3747 1024 3802 delicto
1036 3767 1082 3800 suo
1093 3748 1196 3802 veniam
1214 3751 1325 3802 consedi
1345 3751 1388 3820 ju-

338 3827 361 3878 3.
370 3827 555 3895 Infitiationes.
568 3825 625 3877 Hoc
640 3838 685 3888 est,
699 3823 816 3897 denega·
865 3826 925 3878 stius
940 3825 1028 3898 quatit
1042 3825 1138 3891 bomo,
1155 3824 1219 3878 dum
1235 3825 1287 3880 hoc
1303 3828 1385 3889 dicit,

304 3899 386 3954 tiones
404 3903 481 3956 debiti
491 3941 498 3968 ,
515 3901 629 3976 depositi.
865 3902 941 3954 bomo
948 3923 1007 3956 sum
1017 3905 1121 3976 (nempe
1131 3940 1139 3967 ,
1151 3900 1273 3956 infirmus
1282 3918 1387 3967 mente,

337 3981 360 4045 4.
391 3979 472 4032 Trina
491 3981 558 4051 Jbra
583 3993 642 4033 sunt
667 3981 816 4034 Romanum
865 4000 958 4052 pronus
972 3980 999 4032 in
1014 3981 1131 4052 culpam,
1149 3981 1228 4034 errori
1242 3981 1387 4044 obnoxius,

306 4055 527 4125 (antiquissimum
539 4059 684 4122 omnium),
696 4057 814 4122 Cessatis,
864 4077 1029 4136 suorumque
1044 4077 1132 4118 amans
1143 4059 1171 4126 )„
1182 4079 1261 4130 quam
1279 4062 1301 4114 si
1319 4060 1389 4113 bane

305 4133 423 4202 Augusti.
434 4133 572 4198 Martialis,
592 4134 637 4188 iib.
657 4135 816 4207 vl11‚Epi-
865 4134 1049 4188 excusationem
1069 4135 1203 4207 protulerit
1215 4177 1224 4200 ,
1236 4157 1299 4192 sum
1318 4158 1390 4207 puer

305 4229 384 4282 gram.
397 4223 472 4262 xttv:
486 4234 499 4256 s
509 4209 627 4281 Foroque
641 4211 732 4285 triplici
744 4231 815 4284 spsr-
863 4212 912 4264 hor
924 4225 960 4264 est
971 4212 1066 4278 ,bomo
1077 4233 1137 4266 mox
1145 4215 1264 4281 suturas,
1275 4215 1387 4268 rationis
