2896 4958
310 453 384 522 cext
516 449 547 517 t.
574 403 735 536 tarsu
761 419 1222 524 ottuoo'ocrtoots

310 607 429 679 partem
452 605 579 676 possunt
595 591 727 655 trahere.
747 589 782 654 Si
800 593 897 656 altera
916 613 1001 657 mors
1016 616 1087 658 cum
1105 607 1281 671 tormento,
1299 595 1392 658 altera

310 702 438 785 simplex
452 698 592 762 etfacilis
606 745 614 772 ,
627 699 731 780 quiebi
745 698 816 760 huic
829 698 990 782 injicienda
1001 701 1039 763 sit
1050 703 1173 766 manus?
1186 700 1394 782 Quemadmo-

312 813 385 874 dum
398 809 501 874 navim
522 807 634 890 eligam
648 807 865 887 navigaturus,
883 809 1009 870 domnm
1025 807 1235 880 habitaturuss
1252 809 1294 869 ita
1306 829 1395 871 mor-

310 931 375 980 tem
388 918 508 998 ntique,
521 934 583 996 qua
600 935 668 976 sum
683 935 700 976 e
713 913 774 975 rita
791 913 947 992 exiturus,
965 915 1137 980 meliorem.
1146 943 1163 972 u
1177 915 1294 979 Definit
1307 939 1393 986 ecce.

313 1021 386 1105 eligi
393 1043 483 1106 posse
497 1034 528 1084 et
540 1011 654 1082 debere
668 1020 751 1082 viam
764 1021 828 1103 ejus
840 1021 997 1084 mitiorem
1011 1047 1019 1084 ε
1032 1037 1063 1085 et
1072 1023 1138 1106 ipse
1147 1043 1166 1084 a
1176 1021 1302 1086 Nerone
1314 1023 1395 1084 mori

313 1130 431 1210 jussus,
448 1127 529 1192 iecit.
540 1125 623 1208 Quid
639 1139 742 1188 antem
757 1126 854 1188 nostri
869 1126 920 1190 bic
934 1125 1109 1212 Titeologi?
1126 1128 1254 1192 firmiter
1269 1129 1394 1204 nescio,

314 1249 345 1298 et
359 1235 449 1298 audio
465 1233 497 1296 in
514 1232 635 1296 Scholia
650 1233 818 1296 dissentire.
834 1231 869 1296 Si
885 1247 988 1296 umen
1001 1257 1074 1298 vere
1090 1236 1217 1300 dicimus
1232 1233 1351 1320 Legem
1368 1249 1396 1298 et

315 1339 528 1425 Magistratum
543 1361 634 1424 posse
652 1340 792 1404 occidere
808 1385 817 1415 ,
839 1361 894 1404 cur
914 1362 976 1403 uon
991 1343 1085 1404 etiam
1098 1342 1153 1404 tali
1167 1355 1199 1405 et
1210 1341 1264 1404 tali
1278 1345 1395 1418 modo,

315 1448 365 1512 vel
378 1449 492 1511 manu?
505 1445 609 1529 Quum
622 1447 699 1509 mibi
712 1448 834 1529 jubent,
848 1469 903 1514 cur
912 1469 975 1510 non
985 1450 1129 1532 paream?
1141 1447 1293 1525 Jubeant,
1310 1450 1395 1518 dicor

314 1577 388 1618 nam
402 1556 484 1618 alind
496 1555 645 1628 sortasse,
662 1555 687 1616 si
704 1568 820 1616 tantum
829 1555 1016 1639 permittant
1034 1552 1202 1618 Enimvero
1215 1569 1245 1618 et
1254 1555 1315 1620 boc
1329 1577 1400 1618 ere-

315 1664 379 1736 nit,
397 1685 433 1726 ae
444 1663 539 1745 quaeri
550 1674 661 1745 potest.
673 1659 756 1724 Ecce
770 1659 916 1726 Massilia
931 1663 1027 1735 olim,
1043 1663 1170 1726 «cicutas
1181 1681 1334 1726 renonum
1345 1685 1400 1745 pu-

317 1772 395 1835 blice
411 1770 655 1841 custodiebatur,
675 1771 757 1852 qnod
770 1771 894 1831 daretur
908 1769 955 1847 ei,
979 1769 1031 1851 qui
1044 1789 1150 1833 causas
1166 1767 1324 1834 Sexcentis
1341 1771 1401 1847 (id

317 1880 399 1942 enim
415 1875 544 1940 Senatus
559 1877 623 1959 ejus
637 1896 751 1938 nomen
768 1879 857 1954 erat)
870 1874 1068 1954 exhibuisset,
1084 1888 1211 1960 propter
1224 1895 1300 1957 quas
1313 1897 1401 1936 mors

317 1999 397 2049 esset
417 1984 462 2069 iiii
483 1985 689 2068 expetenda.»
708 1983 832 2063 (Valet.
848 1981 890 2060 ll,
909 2003 977 2066 cap.
992 1980 1038 2060 6.)
1053 1980 1103 2042 llli
1119 1981 1301 2054 audiebant,
1323 2003 1403 2065 cog-

317 2091 500 2170 noscebant,
525 2089 719 2152 destniebant.
741 2087 828 2154 Idem
849 2091 881 2152 iu
901 2088 1024 2153 Graecia
1045 2088 1134 2166 alibi,
1158 2101 1189 2152 et
1206 2088 1303 2150 insula
1320 2085 1402 2152 Ceo.

318 2199 401 2280 Quid
414 2197 522 2281 igitur?
538 2217 576 2258 an
592 2197 652 2258 illis
667 2196 925 2281 approbantibus,
943 2198 994 2279 qui
1005 2197 1053 2280 jus
1067 2195 1134 2257 vitae
1148 2195 1290 2277 necisque
1303 2197 1335 2257 in
1351 2217 1404 2258 me

316 2305 446 2380 habent,
462 2302 584 2366 iicebit?
599 2299 673 2366 Non
683 2303 793 2386 opinor
803 2349 812 2380 ,
823 2323 880 2365 nec
895 2303 977 2364 enim
991 2303 1048 2386 ipsi
1061 2302 1199 2386 adigunt,
1212 2303 1264 2364 sed
1276 2316 1404 2364 euntem

315 2427 346 2474 te
361 2412 441 2474 ultro
454 2433 517 2474 non
532 2411 647 2473 sistunt.
660 2407 796 2474 Decreto
813 2423 865 2472 tuo
879 2413 1028 2489 comites,
1046 2431 1107 2472 nott
1123 2423 1262 2473 auctores
1276 2430 1309 2472 se
1324 2431 1406 2494 prrs-

317 2513 397 2575 bent.
414 2511 476 2575 Sed
491 2512 619 2589 omitto,
638 2526 669 2574 et
681 2511 753 2573 satis
763 2511 863 2572 habeo
873 2511 1012 2574 universe
1025 2512 1182 2588 docuisse,
1197 2509 1339 2572 Mortem
1351 2533 1407 2574 ar-

316 2621 399 2683 bitrii
416 2621 513 2682 nostri
529 2639 591 2681 non
611 2639 677 2680 esse
700 2643 707 2676 :
730 2640 788 2681 nec
806 2615 917 2680 Stoicis
930 2639 1001 2694 me,
1020 2619 1079 2680 bac
1094 2629 1202 2701 parte,
1220 2617 1405 2701 suffragium

317 2729 401 2788 dare.
417 2723 534 2788 Eamus
548 2743 653 2809 porro.

592 2921 934 2988 DlSSERTATIO
964 2921 1111 2986 XXIV.

318 3070 487 3163 Conclusio,
505 3095 534 3145 et
553 3085 594 3146 ud
612 3085 795 3148 Eaercs'tium
815 3085 1004 3155 adhortatio;
1029 3086 1079 3144 cui
1094 3085 1150 3145 triu
1168 3085 1342 3166 adjumenta
1364 3089 1411 3148 rel

441 3194 630 3253 instrumento
640 3191 726 3264 duta,
742 3191 904 3273 Exempla,
923 3189 1120 3266 Conversutio,
1135 3189 1280 3252 Εωαηιεη.

358 3367 433 3451 Quo
453 3367 581 3430 autem?
598 3387 671 3428 nam
693 3367 733 3428 ad
750 3381 866 3429 metam
885 3369 1047 3446 venimus,
1068 3387 1126 3432 nec
1147 3382 1240 3452 super
1258 3365 1412 3431 Decretis

316 3477 403 3561 plura
422 3475 498 3538 mihi
516 3475 606 3538 video
620 3475 790 3538 dicendum.
812 3471 990 3537 Hortondus
1008 3486 1124 3536 tantum
1141 3495 1195 3552 es,
1218 3475 1250 3534 in
1263 3476 1413 3538 animum

317 3586 395 3646 dicta
404 3583 574 3657 admittere,
585 3581 624 3642 ad
634 3603 722 3643 usum
732 3595 762 3642 et
773 3603 849 3664 opus
861 3602 1014 3657 exserere,
1026 3581 1058 3643 id
1068 3595 1123 3658 est,
1132 3579 1245 3656 iacere,
1258 3581 1414 3646 fructum.

317 3689 402 3751 Auo.
424 3689 593 3752 Admittere
612 3687 693 3759 haec,
711 3701 764 3750 tuo
783 3709 903 3770 quoque
924 3688 1060 3770 judicio,
1078 3687 1140 3750 alta
1159 3709 1237 3773 saepe
1257 3689 1362 3754 nimis
1384 3705 1415 3752 et

318 3798 462 3881 grandia?
477 3793 562 3856 Ltrs.
576 3794 766 3868 Admisere,
783 3796 837 3858 sed
849 3817 919 3857 oum
932 3793 989 3857 bac
1003 3795 1205 3878 praenotione,
1222 3795 1296 3856 talia
1313 3797 1415 3861 inter-

319 3907 390 3966 dum
401 3925 465 3966 esse
482 3930 489 3974 ;
505 3905 587 3966 bono
597 3917 699 3966 tamen
711 3916 742 3965 et
751 3902 816 3964 utili
829 3905 961 3983 quodam
971 3901 1042 3966 fine.
1051 3901 1249 3987 Exemplaria
1262 3911 1414 3988 mam

318 4012 375 4072 ista
385 4010 526 4093 perfectae
537 4009 667 4071 Virtutis
679 4024 765 4072 sunt:
779 4009 932 4083 adnitere,
945 4011 1020 4071 citra
1034 4011 1191 4074 consistes.
1202 4007 1323 4075 Cicero
1337 4014 1413 4086 hoc,

319 4120 359 4180 ad
372 4114 522 4180 Catonern
539 4141 546 4175 :
562 4143 577 4171 u
586 4115 666 4178 Mihi
680 4118 818 4179 videntur
832 4127 1035 4201 preceptores
1048 4117 1140 4179 vestri
1154 4129 1185 4180 et
1193 4115 1334 4182 Virtutis
1346 4143 1415 4182 ma-

318 4223 403 4307 gistri
416 4221 491 4284 tines
505 4221 675 4284 officiorum
688 4221 782 4306 paulo
793 4222 912 4306 longius
927 4223 1104 4307 protulissse
1122 4243 1130 4281 t
1146 4236 1180 4284 ut
1192 4245 1291 4305 quum
1309 4229 1356 4289 ad
1369 4229 1418 4290 ui-

318 4332 427 4391 timum
442 4329 544 4392 animo
563 4330 834 4409 contendissemus,
852 4329 895 4392 ibi
909 4343 1010 4392 tamen
1026 4329 1078 4392 ubi
1096 4343 1270 4415 oporteret,
1293 4337 1418 4397 consis-
