2926 4958
311 501 443 586 clxxxrj
497 498 529 564 J.
556 497 716 568 LlPSlI
741 499 1207 571 MANUDUCTIONIS

313 656 417 706 autem
429 687 439 718 ,
455 659 517 702 uon
530 641 596 725 ipsa
608 640 748 721 Judicia,
760 647 812 707 scd
821 645 953 709 Judiciis
962 647 1139 710 accedentes
1148 645 1382 718 contractiones,

316 763 347 813 et
365 748 551 824 solutiones,
576 749 725 813 elationes
745 765 776 814 et
797 752 1000 836 collapsiones
1025 752 1141 828 animi,
1166 771 1233 815 esse
1250 753 1385 815 censebat

311 855 480 920 Affectus.-
496 854 673 920 Discrimen
688 857 868 922 intersectas
881 861 957 922 duos
968 859 1070 942 apices
1080 857 1322 930 observandum,
1335 859 1382 918 scd

312 963 390 1026 leve.
405 962 563 1026 Judicium
577 983 651 1030 tane
665 985 757 1028 causa
773 965 871 1050 magis
886 965 1063 1030 Affectuum
1079 964 1214 1034 videtum
1238 964 1287 1026 isti
1301 1009 1310 1038 ,
1326 965 1384 1047 ipsc

310 1069 446 1134 effectus.
467 1067 682 1135 Communiter
697 1085 801 1135 tamen
819 1069 983 1159 Chrysippi
1001 1073 1148 1136 sententia
1163 1071 1327 1137 obtinuisse
1343 1070 1386 1129 ri-

309 1177 417 1256 detur,
434 1197 529 1258 quam
543 1191 574 1240 et
588 1173 700 1240 Cicero
712 1223 722 1255 ,
741 1191 775 1239 nt
790 1193 965 1263 receptam,
987 1177 1128 1260 profert,
1155 1191 1185 1239 et
1202 1175 1385 1239 Plutarchus.

310 1279 372 1344 lste
386 1283 468 1344 enim
481 1283 524 1345 ita
541 1307 548 1343 ι
566 1280 848 1368 «Philosophorum
862 1285 955 1366 aliqui
969 1284 1026 1365 (hi
1042 1285 1161 1360 nostri)
1173 1281 1310 1346 Allectus
1325 1281 1386 1343 Ra-

307 1390 408 1452 tioncs
423 1389 554 1466 faciunt,
579 1399 736 1472 tamquam
750 1393 849 1454 omnis
864 1389 1043 1475 Cupiditas,
1058 1390 1217 1462 Tristitia,
1240 1387 1292 1450 lra
1307 1435 1315 1456 ,
1333 1389 1386 1449 siut

309 1495 443 1562 Judicia.
455 1525 470 1552 n
491 1495 564 1577 (Dc
581 1495 731 1560 Genitrtra
751 1499 889 1576 animae.)
905 1497 1079 1580 iterumque
1100 1498 1180 1559 idem
1203 1493 1277 1558 alibi
1297 1495 1387 1556 fusius

311 1603 441 1687 explicat
454 1627 461 1662 ι
472 1601 571 1666 «sunt
586 1605 725 1666 nonnulli
734 1605 852 1685 (nostri
866 1603 932 1687 isti)
947 1605 999 1686 qui
1013 1616 1136 1668 censent
1147 1602 1303 1666 Allectum
1316 1601 1386 1661 nihil

310 1712 463 1774 dirersrnu
477 1733 496 1773 a
510 1709 642 1775 Ratione
657 1733 743 1789 esse,
758 1733 856 1795 neque
871 1716 1001 1774 duorum
1011 1733 1078 1774 esse
1094 1709 1172 1773 hanc
1188 1708 1388 1772 differentiam

310 1831 340 1880 et
352 1816 530 1893 dissidium,
546 1820 600 1880 sed
613 1818 701 1881 unius
715 1816 856 1881 Rationis
870 1818 1102 1882 conversionem
1113 1818 1152 1878 ad
1164 1828 1292 1896 utraque
1304 1861 1313 1888 ,
1326 1835 1387 1894 quc

308 1919 387 1986 fallit
399 1944 457 1987 nos
470 1939 502 1988 et
514 1924 588 1988 latet
604 1925 813 1988 conversionis
826 1925 995 1988 velocitate.
1011 1923 1090 2002 Nos,
1106 1923 1240 2005 inquam,
1256 1941 1320 1984 non
1335 1924 1388 1982 ad-

308 2043 460 2094 vertentes
473 2032 555 2112 qnod
565 2032 647 2094 idern
657 2032 732 2094 illud
742 2031 847 2094 Animi
861 2032 1015 2095 situatum
1023 2029 1266 2114 Concupiscerc,
1280 2043 1311 2092 et
1324 2027 1389 2090 Ρω-

307 2137 416 2210 nitere3
433 2135 537 2214 lrasci,
556 2137 720 2209 etVereri;
737 2138 811 2200 lerri
825 2141 864 2200 ad
878 2138 1093 2222 turpitudinem
1106 2143 1163 2220 per
1172 2136 1386 2219 Voluptatem,

308 2257 339 2306 et
352 2242 503 2340 ferentem
516 2246 657 2308 eamdem
668 2243 811 2308 retinere.
823 2243 906 2308 Nam
919 2245 1134 2328 cupiditatem,
1153 2256 1184 2305 ct
1197 2241 1319 2305 Metum
1334 2287 1343 2316 ,
1361 2254 1388 2302 ct

306 2351 411 2413 omnia
426 2351 489 2416 haec
505 2351 589 2428 talia,
606 2348 777 2435 Opinioues
788 2371 853 2414 esse
869 2349 1031 2414 etJndicia
1041 2370 1147 2433 prava,
1160 2369 1224 2430 qim
1239 2347 1316 2410 liunt
1329 2367 1389 2409 non

306 2455 337 2516 in
351 2477 412 2518 una
428 2470 459 2520 et
472 2477 525 2519 sua
542 2457 643 2540 aliqua
656 2457 751 2520 animi
766 2471 873 2542 parte,
887 2457 941 2520 sed
956 2457 1048 2520 totius
1064 2454 1267 2540 Hegemonlei
1279 2455 1291 2538 (
1304 2453 1389 2517 Prin-

305 2565 430 2650 cipalis,
443 2566 475 2628 id
491 2579 556 2644 est,
573 2564 729 2644 Rationis)
745 2565 956 2630 inclinationes
972 2579 1002 2628 et
1017 2565 1228 2628 concessiones
1243 2585 1333 2639 csse,
1362 2577 1391 2623 ct

241 2709 252 2734 κ
305 2673 519 2736 consensiones
533 2674 723 2758 etappetitus
736 2695 743 2732 :
758 2687 847 2756 atque
859 2673 1020 2750 universe,
1036 2672 1228 2756 operationes
1240 2672 1391 2752 quasdam

303 2777 336 2839 in
346 2777 432 2842 brevi
443 2779 622 2859 mutabiles,
634 2780 710 2843 siout
717 2797 884 2864 puerorum
899 2779 1035 2842 incursus
1049 2778 1186 2861 vigorem
1198 2789 1229 2838 ct
1237 2777 1388 2862 impetum

304 2885 471 2948 invalidum
492 2907 528 2948 cx
549 2886 758 2950 imbecillitate
778 2886 901 2948 babent.
914 2913 928 2940 υ
953 2883 1010 2948 Est
1022 2905 1096 2948 vero
1112 2897 1143 2946 et
1157 2883 1221 2946 haec
1235 2895 1301 2946 tota
1317 2884 1390 2944 des-

304 2990 413 3073 criptio
428 3005 458 3054 ct
472 2993 644 3077 propalatio
655 2991 751 3055 Stoici
765 3011 885 3064 sensum
911 2993 1065 3075 primum,
1092 3017 1108 3044 «ι
1120 3011 1181 3052 nou
1195 2989 1279 3051 aliud
1294 3011 1314 3050 a
1330 2987 1391 3048 Ra-

303 3097 386 3158 tione
395 3096 550 3160 At'lectum
558 3127 573 3153 n
586 3119 652 3164 esse
663 3122 671 3160 a
681 3097 813 3161 Ratione
824 3119 935 3182 nempe
946 3117 1041 3181 prava
1049 3142 1058 3172 ,
1067 3117 1131 3179 quae
1140 3094 1259 3180 Opinio
1267 3094 1390 3158 dicitur.

302 3200 404 3280 ltem,
422 3231 437 3257 u
447 3223 509 3266 non
522 3225 588 3268 esse
604 3207 735 3268 duorum
747 3204 951 3268 differentiam
964 3229 979 3260 s
994 3227 1001 3265 z
1015 3203 1120 3278 idest,
1137 3204 1168 3265 in
1179 3223 1241 3264 una
1253 3200 1390 3264 Ratione

301 3307 366 3372 baec
380 3309 485 3388 nasci,
506 3314 560 3374 sed
582 3311 672 3375 aliter
692 3325 781 3394 atque
796 3311 886 3374 aliter
909 3311 1029 3374 allecta.
1044 3309 1160 3374 Seneca
1180 3310 1283 3371 lucem
1298 3307 1392 3369 faciet

304 3416 385 3492 istis,
401 3432 432 3480 et
444 3419 560 3502 capiet:
573 3445 588 3473 ιι
599 3417 671 3481 Non
688 3419 792 3494 enim,
808 3433 842 3481 nt
854 3419 934 3496 dixi,
951 3432 1105 3502 separatas
1121 3417 1178 3480 ista
1192 3416 1391 3496 diductasque

304 3527 391 3588 sedes
403 3546 473 3588 suas
488 3526 602 3589 babent
625 3551 632 3586 ι
657 3528 711 3589 sed
727 3525 865 3590 Affectus
884 3539 914 3590 et
927 3525 1042 3605 Ratio,
1066 3526 1099 3586 in
1115 3522 1224 3588 melius
1239 3523 1392 3606 pejusque

303 3633 429 3694 mutatio
445 3632 539 3694 animi
551 3645 605 3696 est.
618 3659 633 3688 n
646 3631 682 3714 (l
697 3631 825 3709 Delrs,
841 3656 866 3698 c.
881 3632 993 3712 8.)·lta
1009 3633 1092 3694 enim
1107 3645 1192 3694 vetus
1207 3649 1298 3692 meus
1312 3626 1392 3688 liber

303 3739 418 3821 optime
432 3739 494 3802 haec
508 3738 635 3818 scribit,
654 3754 684 3802 et
694 3739 786 3823 plane
799 3761 857 3824 pro
872 3739 1046 3804 Plutarcho.
1062 3738 1168 3815 Unus,
1185 3735 1307 3818 inquit,
1323 3733 1394 3796 ani-

300 3865 368 3906 mus
380 3858 470 3926 atque
483 3865 545 3908 una
561 3843 732 3909 Rationalis
744 3867 815 3930 pars
827 3893 835 3926 ,
847 3850 986 3910 modoad
997 3846 1108 3910 melius
1119 3845 1234 3920 tendit,
1248 3857 1282 3905 et
1296 3841 1395 3904 Ratio

303 3950 433 4022 dicitur;
452 3953 544 4013 modo
561 3954 600 4014 ad
615 3954 723 4037 pejus,
752 3967 782 4014 ct
796 3967 841 4015 cst
854 3953 1003 4018 Allectus.
1016 3950 1077 4016 Sed
1092 3953 1174 4017 addit
1184 3948 1392 4022 Plutarchus,

303 4086 318 4112 ιι
332 4057 397 4119 salli
411 4079 467 4122 nos
482 4059 641 4122 velocitate
657 4060 876 4136 conversionis,
889 4088 903 4114 n
914 4061 985 4142 quia
1008 4060 1122 4124 scilicet
1133 4078 1193 4119 non
1207 4057 1335 4120 ridetur
1351 4056 1395 4118 sic

302 4165 401 4228 subito
417 4167 525 4230 cadem
539 4189 611 4250 pars
628 4167 706 4230 velle
720 4187 830 4252 posse,
850 4181 880 4230 et
892 4168 996 4240 nolle,
1014 4169 1053 4229 ad
1068 4164 1253 4248 voluptatem
1268 4163 1345 4237 irc,
1363 4175 1393 4220 ct

300 4268 408 4330 redire.
423 4268 543 4331 Tamen
559 4270 600 4330 ita
612 4282 675 4344 cst,
689 4269 803 4349 inquit,
818 4283 848 4332 et
862 4271 964 4332 omnia
980 4270 1035 4331 ista
1049 4269 1079 4330 iu
1094 4286 1154 4328 uno
1169 4262 1392 4348 Hegemouico

300 4375 372 4436 fiunt
395 4400 401 4435 :
428 4376 567 4456 additque
592 4395 682 4438 voces
698 4373 871 4440 Stoicorum
895 4379 925 4438 in
954 4378 1009 4442 hac
1031 4397 1064 4438 rc
1089 4374 1249 4448 solennes,
1278 4373 1390 4456 ῥοπὰς,
