2910 4954
218 679 283 843 n.
324 724 623 850 Attum
662 625 1032 856 sunnon

137 973 140 982 ’
283 1104 333 1135 ··
448 1041 582 1188 ou
638 1045 815 1192 rui

333 1387 526 1473 LIBER
564 1387 925 1478 SECUNDUS.

486 1653 771 1684 ...ψ-

144 1881 171 1949 1.
193 1882 328 1950 Primus
345 1881 452 1964 liber,
472 1885 617 1967 Novate,
645 1885 900 1980 benigniorem'
917 1893 1037 1964 habuit
1052 1915 1163 1994 'matc—
1192 1939 1203 1973 ι

104 1998 201 2082 riam3
223 1998 332 2066 facilis
352 1999 443 2066 onim
462 1999 498 2066 in
517 1999 705 2092 proclivie²
724 2005 883 2076 vitiorum
906 2007 1068 2082 decursus
1089 2031 1161 2085 est:

103 2136 185 2182 nunc
194 2113 389 2183 adexiliora
401 2107 413 2148 ³
427 2113 632 2184 veniendum
645 2134 707 2186 cst.
719 2105 1016 2212 Quaerimusenim
1028 2181 1037 2213 ,
1050 2148 1165 2202 utrum

104 2232 146 2299 ira
153 2231 288 2325 judicio
299 2282 308 2314 ,
320 2255 365 2299 nn
381 2233 509 2325 impetu
520 2233 662 2326 incipiat
682 2287 691 2317 ,
708 2235 827 2320 idest,
844 2258 959 2314 utrum
972 2271 1033 2344 suu
1045 2268 1165 2344 sponte

103 2363 269 2417 moveatur
282 2362 297 2430 ,'
317 2372 362 2415 un
389 2347 670 2440 quemadmodum
696 2353 877 2449 pleraque,
899 2387 976 2454 quae
994 2345 1085 2434 iritra
1102 2391 1164 2438 nos

103 2459 211 2530 insciis
230 2461 331 2554 nobis
345 2463 515 2530 oriuntur.
536 2465 648 2534 Debet
661 2482 772 2536 autem
790 2472 828 2538 in
847 2473 921 2542 htec
935 2501 971 2544 se
985 2476 1162 2552 demittere
1188 2526 1201 2556 α

102 2573 299 2670 disputatio,
322 2592 360 2644 ut
378 2576 498 2646 odilla
516 2603 652 2671 quoque
675 2579 821 2650 altiora⁴
840 2589 945 2679 possit
962 2615 1157 2690 exsurgere.

101 2692 174 2760 llam
188 2693 271 2760 etin
289 2716 431 2786 corpore
444 2710 559 2762 nostro
576 2718 670 2778 ossa,
688 2699 853 2790 nervique
871 2718 906 2770 et
923 2708 1077 2794 articuli,
1098 2715 1161 2783 fir-

101 2823 260 2875 mamenta
281 2811 403 2891 totius,
428 2826 461 2877 et
474 2811 608 2894 vitalia,
630 2813 769 2882 minime
782 2819 933 2908 specioso
946 2819 1044 2909 nisu,
1066 2832 1161 2921 prius

102 2923 295 2992 ordinentur
311 2953 321 3010 3
340 2924 465 2994 deinde
481 2928 572 3010 haec,
585 2930 760 3022 exquibus
777 2936 885 3005 omnis
897 2938 933 3005 in
951 2940 1070 3013 faciem
1083 2947 1161 3016 ads-

102 3054 297 3130 pectumque
312 3037 415 3108 decor
430 3056 481 3107 est
497 3068 506 3125 3
525 3051 601 3135 post
613 3043 687 3110 haec
700 3046 831 3131 omnia,
853 3052 913 3141 qui
927 3058 1069 3127 maximo
1085 3086 1161 3132 ocu-

102 3149 143 3218 los
158 3153 249 3246 rapit
265 3152 380 3236 color,
400 3153 556 3238 ultimus,
578 3156 730 3250 perfecto
742 3160 814 3251 jam
831 3186 989 3258 corpore,
1010 3173 1160 3244 effundi.

128 3347 146 3397 L
165 3349 233 3400 m·
254 3346 289 3400 se
308 3346 340 3398 a,1
354 3346 505 3421 ,Ρῑῃωῐοης
523 3366 602 3419 quaes-
619 3405 623 3414 ,
651 3352 813 3422 nes,quibus
822 3356 918 3428 primus
925 3360 990 3415 lilser
1001 3367 1108 3439 repletus
1116 3383 1160 3424 est.

101 3422 172 3477 riona
184 3423 321 3497 procedere
330 3424 440 3478 declarat
449 3442 456 3476 ι
465 3425 557 3478 Utrum
564 3425 601 3478 irs
668 3429 833 3485 altrocte'ota.
842 3435 1039 3508 proclivitatem,
1046 3446 1159 3519 planum:

102 3499 123 3550 i„
144 3515 227 3554 nostra
248 3514 368 3575 potestate
387 3501 435 3566 sit,
457 3521 555 3567 necne,
573 3515 601 3555 ut
650 3507 722 3576 quasi
736 3508 860 3586 incampo
871 3515 947 3587 plano
957 3519 1019 3573 vitia
1030 3524 1080 3576 sint
1090 3547 1159 3601 aper-

101 3578 164 3630 nsbi,
189 3579 243 3631 sive
268 3579 411 3632 unctoribus
435 3579 489 3633 sire
514 3580 612 3635 inseiis,
649 3593 674 3634 ta
687 3603 715 3637 ea
728 3587 779 3640 alto
798 3590 1159 3666 despicientimeutrosutem

101 3656 213 3709 norim
225 3656 254 3708 in
264 3655 347 3708 nobis.
358 3657 399 3708 Ab
409 3656 452 3709 ills
462 3678 523 3712 vero
534 3658 600 3712 nihil
639 3661 713 3735 plur.
735 3667 917 3738 adjectivorum
939 3693 995 3726 cum
1018 3698 1076 3752 gen.
1100 3703 1159 3736 casu

101 3730 157 3785 ,5505
167 3753 254 3808 Pom,
267 3735 319 3786 nisi
330 3735 417 3788 animo
430 3738 598 3811 approbante,
648 3755 712 3813 steps
733 3764 779 3817 pro
795 3747 955 3802 substantivis
969 3755 1047 3808 utitur
1060 3759 1158 3814 Noster.

100 3810 180 3864 sumit
666 3820 832 3876 &Eudios-a,
844 3825 1156 3898 spinosiora,sulttiliora:

117 3903 135 3936 ι,
143 3885 335 3958 Bm'gniorem.
346 3891 496 3945 Uberiorem
506 3907 530 3947 et
539 3893 599 3947 laci·
647 3913 778 3971 sequentes
786 3902 855 3955 enim
865 3909 1015 3976 questiones
1026 3935 1119 3989 magns
1130 3939 1158 3972 ex

101 3962 598 4044 lioremsdmactandumsqnoniamvitia
647 3989 716 4049 parte
733 3978 766 4029 “d
783 3978 985 4055 Phi¹⁰⁵⁰Phl⁸¹¹¹’
1003 4010 1080 4060 ‘lum
1096 4013 1158 4048 ‘⁰¹²‘

101 4053 149 4094 ante
158 4057 180 4096 te
190 4047 262 4118 quasi
277 4067 385 4120 expansa
394 4049 478 4114 sides,
495 4065 522 4104 nt
532 4053 559 4104 in
570 4072 598 4105 ea
648 4054 821 4128 templativarn
832 4074 938 4128 vocent,
948 4067 1082 4138 pertinent.

101 4121 193 4187 perinde
204 4143 233 4177 se
245 4144 274 4178 ea
284 4125 336 4178 alto
350 4127 500 4182 descendere
512 4129 599 4183 animo
665 4133 688 4198 4
696 4133 812 4187 Altiora.
823 4137 859 4189 Ea
868 4139 919 4211 jam
925 4141 1019 4212 innuit,
1027 4166 1084 4218 qnae
1095 4148 1160 4204 lilter

102 4197 304 4276 [gdffimpmig.
315 4204 415 4278 Spectat
423 4205 514 4260 Noster
519 4207 552 4260 ad
559 4208 600 4260 de·
649 4211 736 4264 tertius
745 4215 928 4289 complectitur,
936 4225 1034 4297 regulas
1041 4239 1064 4278 et
1073 4248 1160 4280 reme-

101 4275 600 4349 tuiptionesetdelinitiouesetrelutatio·
651 4287 1159 4360 dia'adirsrniulribendamtollendamve.
