2886 4958
277 349 343 418 aaa
421 347 492 416 ue
517 343 869 445 cousraurra
892 337 1186 420 sarrnurrs

274 487 522 567 contemptores
536 473 742 567 voluptatis,
757 490 793 544 et
804 474 951 545 victores
963 476 1113 544 omnium
1130 477 1139 510 ¹
1156 491 1338 544 terrorum.

235 619 250 654 a
273 593 356 660 Cato
375 614 452 660 eum
470 591 551 660 ieris
568 615 688 660 manua
707 615 776 661 non
794 591 956 676 eontulit,
977 615 1062 686 quas
1079 593 1265 660 consectari
1282 613 1342 660 ve-

272 709 401 778 natoris
419 709 633 802 agrestisque
646 693 719 795 θεὶς
734 731 799 778 nee
812 725 961 780 monstra
975 711 1054 803 igne
1069 733 1108 777 ac
1124 710 1213 778 ferro
1231 733 1342 803 perse·

157 909 159 916 ¹
271 843 371 895 cutus
391 841 442 894 est
453 831 481 912 ²3
498 850 562 894 nec
579 827 615 894 in
635 849 675 894 ea
692 801 844 920 lempora
857 827 997 912 incidit,
1018 828 1142 920 quibus
1156 825 1252 896 credi
1270 850 1343 920 pos-

273 956 325 1009 set
346 940 464 1010 caelum
489 942 591 1009 unius
612 933 788 1009 bumeris³
810 941 932 1023 inniti,
959 963 1098 1010 excussa
1112 941 1183 1034 jam
1203 942 1341 1034 antiqua

272 1055 496 1140 credulitate,
522 1073 557 1128 et
573 1059 695 1127 saeculo
713 1055 759 1125 ad
776 1081 941 1127 summam
962 1054 1127 1150 perducto
1155 1057 1338 1125 solertiam.
1419 1039 1420 1056 Ι

231 1185 247 1236 3
272 1178 359 1245 Cum
383 1175 514 1244 ambitu
540 1199 761 1269 congressus,
783 1175 981 1244 multiformi
1000 1175 1108 1260 malo,
1129 1191 1164 1242 et
1183 1197 1262 1244 cum
1280 1197 1342 1268 po·

273 1295 388 1362 tentiae
404 1295 568 1362 immensa
580 1291 788 1387 cupiditate,
805 1317 906 1386 quam
929 1309 1017 1360 totus
1038 1291 1129 1361 orbis
1148 1294 1185 1360 in
1207 1309 1277 1362 tres
1296 1289 1344 1360 di-

272 1412 365 1480 visua
382 1413 506 1480 satiare
525 1434 593 1478 nou
607 1426 760 1504 poterat,
784 1408 947 1478 adversus
964 1410 1047 1478 vitia
1069 1409 1217 1478 civitatis
1237 1410 1342 1504 dege·

271 1529 445 1608 uerrutis,
468 1543 503 1596 et
521 1551 658 1621 pessum
678 1551 739 1596 sua
758 1527 845 1594 mole
863 1525 1030 1609 sidentis,
1056 1527 1148 1594 stetit
1165 1526 1283 1608 solus,
1310 1541 1342 1594 et

271 1644 449 1714 cadentem
479 1646 764 1740 Rempublioam,
796 1661 959 1737 quantum
990 1642 1090 1714 modo
1116 1668 1186 1712 una
1216 1645 1342 1713 retrahi

272 1784 375 1828 manu
394 1779 547 1855 poterat,
569 1764 711 1830 retinuit
727 1789 736 1830 :
753 1759 861 1830 donee
877 1761 931 1829 vel
943 1760 1122 1855 abreptus,
1139 1759 1196 1829 vel
1214 1760 1343 1829 abstra-

272 1895 370 1960 ctus,
388 1881 543 1948 comitem
562 1903 597 1948 se
615 1879 675 1947 diu
692 1895 884 1948 sustentatae
903 1880 1013 1947 rainae
1030 1877 1125 1946 dedit
1145 1901 1153 1944 :
1174 1877 1343 1968 simulque

232 2015 249 2080 4
273 1997 438 2064 exstincta
452 2013 551 2080 sunt,
574 2019 650 2088 quae
668 1995 763 2063 nefas
784 2011 858 2062 erat
876 1993 995 2063 dividi.
1020 1997 1139 2086 Neque
1154 1996 1342 2063 enirn'Gato
1422 2067 1423 2078 χ

272 2128 349 2208 post
362 2113 553 2182 libertatem
570 2115 674 2196 vixit,
692 2137 756 2181 nee
769 2111 910 2181 libertae
921 2127 997 2206 post
1009 2115 1183 2180 Catonem.
1206 2113 1299 2180 Hine
1311 2128 1342 2178 tn

271 2245 373 2323 putas
386 2229 545 2322 injuriam
566 2229 642 2297 fieri
663 2229 812 2322 potuisse
828 2251 848 2296 a
865 2228 1011 2322 populo,
1031 2226 1124 2322 quod
1141 2242 1200 2296 aut
1215 2245 1341 2321 praetu-

272 2371 344 2414 ram
371 2347 421 2414 illi
442 2345 606 2430 detraxit,
632 2361 690 2414 aut
715 2347 855 2438 togam?
871 2344 964 2437 quod
987 2369 1119 2414 eaerum
1139 2343 1228 2414 illud
1245 2361 1342 2440 caput
1423 2439 1424 2444 ἵ

271 2513 410 2567 Prodicum
422 2535 461 2588 ψ
476 2513 783 2586 Xenopb.,lllemor.'So-
831 2513 912 2586 lntpp.
923 2515 956 2568 ad
966 2515 1146 2588 Sostomdug.
1158 2535 1206 2588 29,
1217 2517 1342 2590 etHeynii

272 2591 783 2665 crat.lib.ll‚cap.1‚2rsq.Cl.etPlu·
832 2593 976 2648 Commeat.
1001 2593 1059 2648 Soc.
1081 2595 1197 2668 Gotting.
1221 2595 1266 2650 lib.
1291 2595 1341 2658 ΙΙΙ,

272 2671 403 2742 terebqui
411 2672 438 2724 in
449 2671 514 2724 libro
524 2673 578 2740 ΙΙιρΙ
590 2671 783 2740 τόνᾶρισκόνων
832 2671 878 2737 23,
892 2683 916 2722 et
926 2691 995 2742 seqq.

272 2765 321 2816 τοῖς
333 2753 574 2824 orlecloer;‚quum
586 2751 784 2822 devirisqnisa·
869 2765 889 2798 r.
922 2747 1067 2801 Termmm.
1100 2747 1215 2821 Lipsium
1245 2767 1343 2818 sequor.

272 2833 367 2906 pientia
378 2845 401 2884 et
415 2833 505 2884 virtute
518 2832 629 2884 claruere
640 2849 783 2883 sermonem
832 2826 914 2877 Antea
932 2837 1070 2878 terranem.
1095 2823 1217 2900 Terrorer
1237 2825 1340 2888 vicisse,

272 2914 366 2982 babet,
380 2913 516 2967 llerculem
535 2933 637 2984 quoque
653 2911 783 2965 nominat:
832 2923 886 2956 non
899 2914 983 2956 terras
1003 2917 1112 2968 constat,
1129 2917 1152 2956 et
1164 2923 1245 2956 nexus
1260 2916 1344 2976 postn-

272 2994 318 3064 qui
337 2993 407 3045 locus
419 2992 446 3044 iu
463 3003 523 3043 nola
535 2991 565 3042 ad
578 2990 621 3043 lib.
634 2989 665 3041 de
680 2989 783 3042 Provid.
831 2983 874 3034 lat.
886 3010 919 3022 —
933 2983 1059 3036 Omnium
1071 2995 1206 3036 terrorum.
1221 2981 1344 3034 Similiter

274 3086 340 3127 totns
348 3072 482 3148 exscriptus
490 3083 525 3125 est
536 3069 619 3134 nobis,
630 3071 661 3121 Ἰ.
670 3071 696 3122 ΙΙ
706 3107 713 3134 ,
725 3090 747 3142 p.
758 3079 782 3125 6.
832 3061 906 3132 Virg.
916 3063 1011 3136 Georg.
1024 3061 1068 3113 lib.
1082 3063 1105 3113 ll
1123 3078 1130 3111 z
1140 3063 1246 3132 «Atque
1263 3075 1344 3112 metus

273 3149 333 3201 Non
344 3149 387 3203 aba
399 3169 424 3202 re
434 3149 479 3201 erit
489 3145 623 3200 lloratiani
633 3145 683 3197 loci
694 3145 784 3196 memi·
832 3162 920 3194 omnes
935 3153 959 3194 et
972 3141 1125 3194 inexorabile
1136 3141 1218 3194 latum
1231 3139 1345 3213 Subjecit

273 3230 339 3282 nisse
347 3229 375 3281 in
381 3228 515 3281 Carnulib.
523 3226 627 3290 lll‚0d.
635 3241 679 3288 111,
689 3223 781 3295 ruopb.
832 3219 944 3292 pedibus.
956 3241 969 3266 »ι

273 3307 305 3375 3,
317 3309 360 3379 qni
372 3309 405 3362 ita
415 3307 506 3358 babet:
517 3329 529 3353 o
537 3305 591 3357 Hac
601 3303 749 3356 artel’ollux
759 3316 782 3354 et
865 3321 887 3350 a.
900 3301 1062 3352 Monstro.....
1071 3307 1221 3366 persecutus
1233 3307 1281 3348 est.
1295 3295 1339 3346 a}-

272 3407 350 3459 vagus
362 3384 485 3439 Hercules
494 3383 613 3446 innixus,
625 3399 693 3434 arces
701 3379 783 3450 attigi
832 3379 934 3432 ludebat
945 3379 1022 3431 modo
1035 3377 1068 3431 ad
1079 3377 1162 3430 varios
1175 3375 1298 3428 Herculis
1308 3377 1343 3428 la·

271 3466 367 3541 igneas.
380 3487 394 3512 a
408 3465 462 3515 Nec
475 3476 558 3514 tamen
570 3459 601 3512 de
613 3458 714 3511 robusto
726 3459 781 3509 viro
829 3453 919 3516 bores,
934 3455 1032 3508 leonem
1046 3477 1070 3506 v.
1081 3475 1106 3526 g.
1123 3453 1292 3516 Nemetum,
1303 3465 1343 3506 aut

270 3557 368 3596 tantum
387 3543 521 3616 agebatur,
543 3539 586 3590 sed
607 3537 638 3589 de
658 3535 736 3610 probo
758 3549 782 3587 et
829 3554 886 3586 aves
902 3533 1105 3608 Stymphalidas;
1123 3533 1261 3606 specialius
1275 3551 1342 3585 nunc

270 3623 347 3688 lorti,
369 3643 445 3693 quem
466 3621 594 3671 adustum
616 3636 644 3669 ac
667 3630 780 3668 tenacem
830 3611 915 3666 innuit
926 3615 1056 3666 bernaeam
1067 3611 1195 3683 bydram,
1211 3611 1343 3683 euieeep-

269 3701 391 3790 propositi
393 3740 432 3754 .....
441 3699 503 3752 Non
515 3698 608 3751 civium
620 3696 695 3748 ardor
705 3715 780 3768 prava
830 3703 881 3743 tem
897 3691 1033 3760 capitibus,
1048 3710 1101 3740 uno
1115 3687 1216 3754 exciso,
1236 3687 1341 3776 alterum

269 3779 412 3850 lubentium
425 3819 432 3843 ,
446 3779 507 3828 Non
521 3775 604 3827 vultus
618 3773 731 3826 instantis
744 3785 780 3845 ty·
829 3768 1011 3822 renascebatur.
1023 3767 1096 3820 lianc
1107 3764 1231 3818 llereules
1244 3765 1343 3818 domuit

269 3857 435 3909 rannilllente
444 3852 678 3926 quatitsolidanlta
685 3853 778 3904 lactum
828 3847 920 3924 Iphicli
931 3848 1012 3900 fratris
1020 3846 1113 3898 auxilio
1123 3883 1131 3909 ‚
1140 3844 1185 3914 qui
1195 3843 1342 3895 ubirulnns

270 3945 321 3998 est,
333 3947 360 3985 ut
372 3933 463 3986 Stoicis
470 3933 512 3986 via
523 3931 620 3985 munita
632 3941 701 3982 esset.
710 3929 778 3982 Hine
827 3926 949 3978 Hercules
961 3925 1093 3986 indixerat,
1105 3923 1287 3997 ignemstatim
1296 3921 1340 3972 ad·

269 4031 370 4082 quoque
389 4013 440 4082 eiua
456 4010 611 4064 consortium
625 4029 682 4062 eum
698 4009 777 4061 llllusis
826 4007 961 4072 movebat,
978 4006 1011 4057 ita
1030 4017 1058 4055 ut
1068 4001 1192 4054 crescenti
1204 4016 1263 4054 cute
1277 3999 1340 4052 erci-

269 4103 380 4143 exortum
392 4104 442 4156 est,
452 4111 558 4162 quarum
570 4091 659 4142 ductor
670 4127 677 4152 ,
691 4088 776 4139 Musa·
826 4105 881 4136 sum
891 4096 964 4160 caput
976 4103 1028 4134 non
1041 4083 1091 4152 jana
1103 4093 1257 4152 resurgeret.

268 4181 352 4242 getes,
366 4169 432 4243 apud
442 4171 574 4221 Ronmuos
586 4166 721 4220 colebatur.
735 4163 776 4218 Cl'.
860 4163 885 4215 3.
901 4161 984 4214 Unius
1000 4161 1123 4214 humeris.
1134 4159 1198 4212 Sive
1211 4157 1338 4218 Atlantis.
