2896 4958
300 449 465 537 ccxxxviij
489 449 521 516 J.
546 448 712 516 LIPSII
737 447 1199 520 MANUDUCTIONIS

299 613 374 656 nere
389 604 421 654 et
434 591 581 674 exstingui
598 591 640 652 ob
650 589 833 654 indifferens
843 591 966 673 aliquod
976 593 1097 656 debeat.
1110 592 1215 674 ltaque
1231 591 1290 674 ipsi
1300 588 1382 653 Stoi—

301 698 341 775 ci,
349 696 551 760 modestiores
560 717 638 781 ape
650 710 681 760 et
690 697 889 780 sapientiores
899 719 989 761 voces
998 711 1143 782 spargunt
1153 697 1266 759 aVero
1274 695 1380 758 adacti.

301 803 459 888 Epictetus
472 803 546 866 alibi
558 803 745 866 fervidorum
757 803 886 866 istorum
896 818 967 866 rota
979 819 1031 866 aut
1043 805 1129 868 taedia
1139 816 1377 868 commemorat:

302 938 318 966 κ
328 909 489 996 Epicteto,
509 931 567 1002 nos
588 909 759 993 corpusculi
778 909 871 994 hujus
881 911 1009 974 vinculis
1030 903 1175 994 adstringi
1192 910 1302 972 diutius
1319 929 1379 971 non

233 1015 238 1032 '
300 1037 461 1103 possumus
478 1041 486 1079 ι
502 1017 606 1080 cibum
625 1029 791 1100 potumque
812 1019 934 1092 dando,
957 1017 1155 1094 dormiendo,
1178 1015 1249 1078 lassi
1270 1037 1379 1077 sonans.

299 1126 412 1188 Nonne
423 1123 512 1186 Mors
523 1122 606 1184 mala
617 1123 760 1184 nonest?
775 1143 877 1184 nonne
888 1123 1007 1206 cognati
1022 1125 1149 1184 deorum
1160 1143 1278 1196 sumus,
1292 1135 1379 1202 atquc

301 1232 370 1294 inde
381 1229 540 1292 venimus?
556 1225 628 1290 Siue
639 1230 761 1290 tandem
772 1228 898 1291 libcrari
908 1228 1106 1312 compedibus
1116 1229 1196 1306 istis,
1209 1242 1299 1309 atque
1310 1227 1380 1288 illuc

301 1339 410 1403 redire.
425 1334 486 1399 llic
499 1335 649 1412 latrones,
667 1335 769 1408 fures,
788 1337 899 1419 judicia
915 1349 1003 1412 sunt,
1025 1350 1058 1398 ct
1072 1357 1148 1417 quos
1166 1350 1309 1424 tyrannos
1325 1357 1381 1396 vo-

300 1459 390 1520 cant,
406 1443 460 1525 qui
470 1455 652 1527 potestatem
665 1442 723 1504 sibi
733 1443 765 1504 in
780 1463 837 1506 nos
848 1457 970 1506 sumunt
983 1443 1094 1505 obboc
1105 1443 1337 1528 corpusculum,
1353 1455 1381 1503 ct

299 1573 364 1634 qus
376 1549 537 1612 adbaerent
553 1546 627 1610 Sine
640 1551 833 1612 ostendamus
849 1551 913 1624 eis,
934 1571 1027 1632 quam
1041 1550 1117 1611 nihil
1132 1551 1163 1612 in
1177 1571 1234 1612 nos
1246 1549 1380 1611 habeant

299 1659 385 1741 juris.
400 1654 509 1732 Libet,
533 1654 609 1718 libet
632 1655 751 1718 abire.»
773 1655 811 1736 (l
825 1654 958 1720 Dissert.
974 1679 1042 1742 cap.
1058 1657 1108 1740 4.)
1126 1655 1199 1720 Hac
1216 1657 1266 1718 isti
1285 1681 1294 1715 z
1312 1656 1381 1738 quid

300 1777 403 1826 autem
418 1761 506 1846 ipse?
522 1789 538 1815 ιι
549 1760 630 1822 Mihi
646 1783 720 1824 vcro
735 1763 896 1826 dicendum
909 1777 975 1842 cst,
989 1765 1086 1846 inquit
1101 1761 1273 1825 :Homines
1290 1763 1381 1825 susti-

300 1885 391 1946 nete,
404 1867 508 1932 Deum
522 1882 691 1952 exspectate
705 1913 713 1943 ,
730 1871 827 1932 donec
843 1871 896 1932 ille
913 1873 1032 1954 signum
1048 1873 1182 1949 dederit,
1207 1885 1237 1934 et
1255 1870 1381 1932 solverit

302 1997 357 2040 ros
366 1975 426 2039 boc
436 1975 605 2038 ministerio
618 2001 625 2047 ;
638 1989 709 2038 tunc
723 1978 845 2038 adeum
860 1979 965 2040 redite.
979 1977 1070 2041 Nunc
1084 1979 1226 2040 antemio
1241 1977 1380 2061 praeseoti

301 2083 429 2150 tolerate
446 2100 533 2162 aequo
554 2082 680 2157 animo,
699 2095 730 2144 et
747 2082 870 2145 incolite
892 2084 1051 2167 regionem
1072 2085 1180 2156 istam,
1202 2085 1234 2144 in
1252 2105 1313 2165 qua
1328 2105 1379 2145 vos

301 2191 470 2255 collocavit.
483 2187 652 2253 Enimvero
669 2191 809 2274 exiguum
824 2206 944 2275 tempus
960 2192 1049 2276 bnjns
1062 2193 1227 2269 incolatus,
1246 2207 1277 2256 et
1290 2193 1378 2256 facilc

301 2319 459 2383 necgrare
469 2297 522 2373 iis,
536 2297 586 2378 qui
598 2298 642 2360 sic
653 2312 721 2358 sunt
731 2297 840 2360 allecti.
851 2325 866 2354 ι
879 2297 911 2361 Ο
922 2321 994 2362 vere
1005 2300 1055 2364 hic
1065 2299 1253 2386 Epictetum!
1265 2301 1298 2362 id
1313 2314 1376 2374 est,

301 2406 444 2470 divinum.
459 2401 521 2478 Sed
532 2417 562 2464 et
575 2401 691 2466 Seneca
701 2417 805 2466 noster
815 2427 893 2488 saepe
904 2418 1054 2489 temperat
1067 2431 1075 2469 a
1089 2435 1103 2461 ιι
1112 2407 1208 2470 Vides
1218 2409 1376 2488 quosdam,

300 2513 411 2596 inquit,
428 2524 567 2596 optantes
585 2523 740 2588 mortem,
764 2513 929 2592 etquidem
949 2513 1046 2596 magis
1068 2533 1158 2594 quam
1179 2512 1282 2596 rogari
1302 2512 1380 2576 solet

300 2622 371 2683 rita.
381 2618 496 2681 Nescio
513 2631 597 2678 utros
617 2617 786 2679 existimem
796 2621 947 2701 majorem
960 2618 1049 2681 nobis
1061 2621 1197 2682 animum
1211 2621 1286 2683 darc
1304 2667 1314 2696 ,
1329 2618 1377 2700 qui

300 2731 465 2812 deposcunt
482 2737 638 2793 mortem,
657 2744 695 2784 an
718 2724 769 2804 qoi
787 2723 900 2786 hilares
920 2746 988 2787 eam
1010 2726 1160 2807 quietique
1180 2725 1375 2809 operiuntur;

299 2835 444 2917 quoniam
453 2833 527 2894 illud
538 2853 573 2892 ex
584 2830 669 2893 rabie
679 2831 827 2892 interdum
837 2831 1038 2914 acrepentina
1047 2832 1248 2916 indignatione
1258 2831 1379 2908 fit3haec

301 2963 337 3006 ex
352 2941 463 3024 judicio
479 2952 562 3002 certo
573 2935 774 3018 tranquillitas
786 2949 839 2998 est.
852 2965 867 2990 n
882 2934 961 3020 (Ep.
976 2938 1073 3018 xxx.)
1085 2937 1169 3000 Alibi
1178 2939 1249 3000 talia
1265 2953 1375 3008 notes;

300 3045 353 3107 scd
366 3042 458 3105 etiam
471 3040 531 3106 alia
544 3061 662 3120 :neque
676 3039 707 3099 in
719 3060 778 3100 una
789 3053 876 3122 parte
891 3040 1096 3102 constiterunt.
1108 3037 1170 3102 Sed
1182 3041 1252 3122 quid
1262 3041 1378 3104 lusoria

299 3151 365 3213 bac
374 3149 435 3210 tela
446 3146 575 3231 spargo?
587 3145 763 3208 decretoriis
774 3167 852 3230 opus
863 3160 918 3208 est.
928 3146 1031 3222 Deus,
1044 3145 1130 3209 Dens
1142 3147 1264 3230 inquam
1277 3195 1287 3226 ,
1299 3162 1379 3210 vetat

300 3259 413 3340 injussu
430 3273 485 3316 suo
499 3251 584 3314 abire
599 3274 606 3312 :
623 3251 695 3333 quid
711 3253 912 3335 disputamus,
925 3265 977 3314 aut
986 3253 1153 3336 ungamur?
1165 3253 1236 3314 Vox
1248 3255 1316 3337 ejus
1325 3253 1379 3316 Sa-

299 3366 359 3429 cris
370 3361 481 3425 nostris
491 3360 620 3444 prodita.
635 3360 707 3420 Non
723 3360 853 3420 occides:
867 3381 958 3441 quem
968 3359 980 3422 ἓ
992 3381 1053 3422 nou
1064 3374 1115 3438 te,
1133 3381 1195 3422 non
1205 3360 1303 3424 alium
1321 3385 1328 3420 :
1350 3375 1380 3423 et

297 3473 371 3538 scito
382 3471 469 3533 illum
476 3469 543 3531 ritae
551 3467 708 3529 dominum
716 3467 995 3548 tantom,quidedit
1002 3466 1107 3549 ltaque
1116 3467 1265 3550 patientia
1277 3491 1380 3531 exem·

297 3581 350 3665 pla
364 3577 479 3640 infinita
490 3577 570 3660 apud
580 3594 636 3637 nos
648 3589 716 3636 sunt
730 3598 737 3633 ε
752 3587 782 3635 et
799 3575 859 3636 vita
873 3576 905 3636 in
921 3575 1068 3638 molestiis
1082 3589 1244 3646 transacta;
1269 3591 1302 3639 et
1314 3591 1379 3638 tor-

298 3700 400 3750 menta
414 3684 543 3746 tolerata
556 3707 564 3756 ;
579 3696 609 3744 ct
619 3703 703 3743 mors
714 3682 780 3764 ipsa
796 3683 837 3743 ob
847 3682 992 3766 pietatem
1009 3683 1113 3761 obita,
1129 3687 1182 3747 sed
1195 3684 1302 3762 obita,
1318 3707 1379 3746 non

298 3806 427 3877 sumpta.
440 3767 533 3872 hiqui
547 3789 685 3872 exempla
700 3789 792 3850 ctiam
802 3787 875 3866 alia,
898 3788 977 3851 dicet
987 3790 1145 3872 quispiam.
1161 3787 1295 3851 Samson
1308 3790 1377 3866 ille,

295 3919 456 3984 perquem
473 3898 553 3958 mira
566 3894 653 3958 Deus
671 3909 829 3978 operatus,
842 3915 904 3957 non
922 3917 954 3958 se
972 3896 1059 3957 ruina
1075 3899 1200 3970 domus,
1218 3919 1291 3960 cum
1312 3899 1380 3960 aliis

297 4002 471 4091 oppressitl
492 4003 602 4065 Razias
616 4001 740 4064 Judaeus
757 4024 790 4066 se
805 4002 906 4086 gladio
927 4003 1093 4086 percussit,
1133 4024 1172 4064 ne
1194 4004 1226 4065 in
1243 4005 1380 4068 hostium

297 4125 477 4198 potestatem
487 4111 623 4186 veniret,
637 4124 668 4172 et
678 4131 748 4170 mox
759 4113 797 4170 de
811 4129 900 4171 muro
912 4110 1038 4192 dejecit,
1055 4109 1182 4192 denique
1196 4125 1227 4173 ct
1237 4113 1378 4174 intestina

296 4219 437 4283 manibus
447 4216 508 4280 suis
518 4215 652 4302 sparsit'l
670 4218 752 4298 quod
773 4213 866 4278 Sacra
884 4216 927 4277 ita
941 4229 1088 4292 namant,
1109 4231 1142 4277 ut
1152 4218 1288 4300 speciem
1303 4240 1380 4303 pro·

295 4325 432 4388 bantium
447 4324 560 4384 habere
576 4323 742 4385 rideantur.
765 4320 819 4404 (tl
831 4317 935 4384 Mach.
949 4343 1016 4404 cap.
1036 4321 1102 4402 14.)
1117 4321 1325 4406 Respondeo,
1342 4327 1378 4386 de
