2896 4958
216 497 283 565 AD
307 497 483 567 stole.
511 499 719 572 PHILOS.
747 500 843 572 LIB.
869 503 943 572 111.
1022 507 1115 572 cxcvi

395 711 732 780 DISSERTATIO
752 716 793 778 X.

74 861 141 922 t'ttt
155 861 265 926 Porod.
275 863 437 944 Sapientem
448 860 755 943 sidisufficere,·sioe,
771 865 809 925 Sa
819 865 878 925 solo
889 874 1048 926 murcatum
1058 885 1130 926 esse.

104 1019 210 1086 Heres
223 1021 290 1083 utili
303 1021 548 1106 interpretatione
559 1019 749 1085 Paradoxum
763 1045 771 1081 s
783 1044 839 1086 uec
849 1019 1130 1086 minusistud.Nam

69 1129 209 1212 adjungo,
226 1155 242 1182 ι
254 1125 428 1212 Sapientem
438 1126 496 1190 sibi
504 1126 641 1191 sulficere
654 1155 671 1183 υ
688 1152 695 1186 :
708 1130 789 1211 quod
798 1125 897 1191 Graeci
906 1127 1007 1190 dicunt
1017 1127 1131 1210 signate

69 1249 95 1295 et
110 1235 262 1308 breviter,
280 1239 330 1298 Tin
344 1239 421 1316 copis
438 1239 553 1318 ἀυτάρκη
568 1237 642 1298 εἶναι.
657 1231 772 1298 Seneca
787 1235 910 1296 extulit:
925 1263 939 1287 ιι
957 1231 1131 1317 Sapientem

68 1340 159 1422 seipso
184 1353 360 1404 contentum
385 1361 460 1402 esse.
479 1368 494 1394 n
511 1337 598 1402 Esta
617 1337 742 1402 Socrate
768 1354 798 1402 et
815 1339 942 1403 Platone
961 1363 969 1399 ι
986 1353 1074 1420 atque
1092 1337 1132 1399 ab

69 1445 119 1507 isto
134 1467 321 1532 expressum.
339 1444 401 1518 tlll
419 1444 471 1509 De
487 1444 583 1532 Rep.)
598 1443 673 1527 Quae
688 1447 734 1508 vis
753 1423 822 1508 huic
838 1445 940 1508 dicto?
964 1445 1055 1506 illum*
1074 1443 1132 1506 sibi

67 1554 163 1615 omnia
177 1575 245 1616 esse
257 1578 265 1628 3
279 1575 335 1616 nec
349 1553 481 1636 pendere
500 1553 540 1614 ab
552 1553 675 1616 bomine
690 1553 771 1630 alio,
788 1567 839 1615 aut
851 1553 951 1616 rebus
967 1551 1130 1636 Quomodo

67 1658 129 1720 lelix
143 1661 200 1735 sit,
223 1673 253 1722 et
263 1660 308 1721 sui
318 1659 393 1743 juris
405 1705 414 1734 ,
428 1659 454 1720 si
466 1659 498 1722 iu
508 1658 641 1722 alienum
653 1659 811 1721 arbitrium
825 1659 1007 1722 demittimus
1019 1705 1028 1737 ,
1042 1672 1072 1720 et
1083 1679 1132 1720 ca-

66 1779 161 1829 tenam
176 1765 316 1848 quamvis
331 1765 537 1850 splendidam,
557 1779 695 1830 catenam
707 1781 828 1844 mmen,
844 1765 973 1830 damus?
988 1764 1045 1828 llle
1059 1787 1131 1828 vero

68 1892 130 1934 snus
146 1887 234 1951 esto,
251 1874 330 1956 apud
344 1893 376 1934 se
391 1885 454 1934 csto
473 1895 480 1934 ι
498 1871 554 1934 etsi
568 1873 648 1955 apud
662 1872 739 1935 alios
754 1874 845 1935 etiam
860 1871 950 1946 velit,
967 1874 1020 1933 sed
1039 1872 1087 1933 vel
1100 1872 1131 1931 in

67 1978 221 2042 solitudine
235 1979 339 2064 possit.
354 1977 439 2040 Velit
452 1979 540 2051 dico;
556 2000 629 2041 nam
645 1976 763 2064 Stilpo,
775 1978 887 2041 Timon
902 2025 910 2056 ,
927 1993 957 2041 et
972 1977 1022 2040 alii
1033 1955 1130 2052 luemss

67 2085 111 2164 qui
122 2085 307 2147 abducerent
317 2086 357 2147 ab
371 2085 454 2151 omni
468 2085 638 2162 consortio,
655 2100 686 2148 et
698 2085 763 2169 ipsa
774 2086 904 2148 amicitia
921 2109 928 2144 :
942 2085 1030 2148 nobis
1044 2083 1131 2146 aliter

67 2189 166 2252 visum.
183 2217 201 2249 ι
216 2190 300 2254 Nam
314 2191 388 2254 illud
404 2193 526 2274 quidem
540 2191 681 2256 cumillis
698 2213 858 2255 commune
876 2205 939 2270 est,
955 2189 1131 2274 Sapientem

66 2297 159 2380 seipso
176 2310 352 2362 contentum
366 2319 451 2361 esse:
465 2301 517 2362 sed
526 2313 626 2362 tamen
639 2313 670 2362 et
680 2299 810 2362 amicum
820 2299 934 2365 habere
948 2297 1030 2376 vult,
1043 2312 1073 2360 et
1083 2297 1132 2358 vi-

67 2402 183 2482 cinum,
200 2418 231 2467 et
243 2405 507 2484 contubemalem‚
520 2406 657 2488 quamvis
670 2405 728 2467 sibi
742 2406 805 2492 ipse
820 2405 954 2469 sufficiat.
969 2433 983 2460 n
996 2402 1131 2486 (Seneca

67 2507 160 2594 Epist.
172 2513 234 2590 tx.)
242 2509 362 2573 Sociale
373 2506 505 2590 animal,
520 2511 613 2574 homo
625 2525 670 2574 est
684 2536 691 2572 :
705 2526 735 2573 et
745 2513 821 2574 inter
831 2511 970 2574 homines
981 2509 1108 2598 Sapiens
1122 2537 1129 2582 ;

68 2619 115 2678 sed
127 2617 190 2681 boc
203 2617 376 2679 discrimine
388 2637 406 2679 a
417 2617 540 2698 reliquis
550 2663 560 2697 ,
572 2619 653 2700 quod
665 2647 680 2672 o
692 2639 756 2699 qum
772 2615 829 2679 sibi
840 2615 946 2679 desunt
958 2663 966 2695 ,
983 2639 1045 2678 non
1056 2618 1132 2679 desi-

66 2725 164 2798 derat,
183 2725 313 2785 sednon
329 2725 433 2786 deesse
452 2723 575 2784 mauult.
593 2750 608 2778 u
628 2720 749 2805 (lbid.)
764 2720 917 2814 Exerecre
936 2721 1018 2799 vult,
1040 2744 1132 2803 quum

66 2829 137 2891 alias
146 2831 290 2906 virtutes,
302 2841 367 2892 tum
376 2829 454 2893 hanc
462 2829 578 2893 bomini
589 2843 652 2891 mm
663 2831 837 2913 propriam,
853 2844 882 2892 et
895 2851 979 2915 paene
990 2831 1131 2891 innatam.

65 2935 190 3019 ltaque,
209 2963 225 2991 n
240 2957 404 3021 perperam
416 2936 462 2998 illi
480 2936 733 3020 interpretantur,
750 2937 801 3018 qui
815 2934 989 3020 Sapientem
1002 2937 1133 3019 undique

65 3045 265 3122 submovent,
282 3057 314 3105 et
330 3045 408 3106 intra
432 3057 532 3107 cutem
555 3063 641 3104 suam
664 3056 783 3125 cogunt
802 3039 1054 3126 Distinguendum
1070 3055 1131 3118 est,

63 3154 132 3232 quid
148 3167 182 3214 et
196 3164 341 3233 qnatenus
352 3171 410 3211 vox
425 3150 482 3212 ista
496 3150 659 3233 promittat.
673 3146 715 3210 Se
729 3161 885 3211 contentus
899 3162 943 3210 est
955 3147 1082 3232 Sapiens
1095 3149 1134 3210 ad

63 3257 151 3319 beate
166 3259 347 3329 vivendum,
362 3276 425 3317 non
440 3257 478 3316 ad
491 3255 660 3317 vivendum.
677 3253 727 3316 Ad
739 3254 798 3316 boc
812 3255 893 3316 enim
905 3253 1008 3315 multis
1021 3253 1067 3314 illi
1080 3273 1134 3314 re-

63 3363 117 3424 bus
130 3384 212 3447 opus
224 3375 287 3434 est;
303 3364 342 3424 ad
354 3361 445 3438 illud,
460 3374 575 3422 tantum
588 3361 689 3424 animo
704 3381 778 3446 sano
791 3381 807 3432 ,·
816 3373 846 3421 et
858 3373 959 3421 erecto
973 3405 980 3432 ,
994 3372 1024 3420 et
1036 3359 1135 3441 despi-

62 3471 159 3534 ciente
174 3468 353 3532 Fortunam.
367 3496 383 3523 a
395 3466 514 3550 (lbid.)
525 3466 646 3534 Subduc
653 3467 699 3529 illi
708 3467 824 3541 cibrmr,
836 3487 898 3530 non
909 3469 1009 3529 vivet:
1022 3469 1135 3530 subduc

61 3580 200 3654 amicos,
216 3577 311 3654 rivet,
329 3575 492 3658 etquidem
505 3575 602 3638 beate.
621 3604 635 3630 α
658 3573 767 3658 Qualis
785 3589 886 3638 tamen
905 3576 1003 3637 sutura
1022 3588 1067 3637 est
1081 3574 1134 3636 illa

62 3686 143 3762 vita,
168 3683 199 3746 si
214 3683 280 3745 sine
294 3681 399 3744 amicis
412 3681 619 3764 relinquatur,
633 3683 664 3745 in
678 3683 843 3746 custodiam
857 3683 1021 3766 conjectusss,
1040 3681 1088 3744 vel
1103 3683 1134 3744 in

62 3793 163 3874 aliqua
178 3804 271 3876 gente
285 3788 384 3851 aliena
398 3789 568 3866 destitutus,
581 3789 630 3852 vel
645 3790 675 3851 in
689 3789 877 3874 navigatione
891 3791 981 3873 longa
992 3803 1134 3866 retentus,

62 3914 111 3961 ant
124 3902 158 3961 in
182 3901 338 3962 desertum
353 3881 434 3960 littus
448 3897 581 3980 ejectus?
606 3897 701 3980 qualis
725 3912 770 3960 est
788 3897 895 3973 Jovis,
920 3919 989 3962 cum
1002 3897 1135 3960 resoluto

63 4008 205 4082 mundo,
228 4003 382 4088 paulisper
405 4018 539 4068 cessante
559 4001 693 4079 Natura,
711 4005 872 4086 acquiescit
894 4005 951 4066 sibi
975 4005 1136 4090 cogitatio-

63 4113 150 4174 nibus
165 4110 230 4174 suis
242 4111 377 4173 traditus.
392 4137 407 4165 ι)
424 4109 545 4190 (lbid.)
559 4107 721 4194 Magnifica
736 4111 941 4194 comparatio,
957 4126 986 4173 et
1000 4134 1063 4193 quac
1074 4111 1137 4194 pla-

61 4221 118 4282 cita
132 4221 232 4282 etiam
246 4218 277 4279 in
291 4218 348 4281 hac
361 4238 395 4280 re
410 4215 563 4301 Epicteto.
578 4246 593 4271 a»
612 4213 716 4278 Homo
730 4232 811 4279 amat
830 4218 950 4299 quidem
965 4219 1138 4280 societatem

60 4341 89 4388 et
103 4329 225 4391 amicos
240 4375 250 4406 ,
265 4326 377 4408 inquit,
396 4326 448 4386 scd
467 4325 561 4388 nihilo
577 4323 672 4386 secius
687 4338 806 4406 oportet
822 4339 851 4386 et
864 4325 894 4396 in
909 4323 967 4386 hoc
982 4325 1136 4400 exerceri,
