2926 4958
277 463 434 551 clxxxviii
459 463 491 530 J.
517 464 678 534 LlPSll
702 463 1170 534 MANUDUCTIONIS

280 605 385 670 Motus
397 621 453 684 est,
468 629 560 690 quum
572 607 833 686 crescitAllectus,
846 621 990 672 utnoster
1000 609 1042 685 ait
1052 608 1097 690 (ll
1108 607 1159 672 Ile
1170 609 1220 671 lra
1231 655 1239 688 ,
1252 631 1278 671 c.
1292 613 1348 686 a.),

274 715 392 796 junctus
403 743 418 770 ιι
427 737 496 778 cum
508 715 661 779 voluntate
675 737 737 779 non
751 718 941 793 contumaci,
953 745 968 772 ιι
981 716 1245 799 qnodtitscilicet,
1259 739 1355 798 quum

275 821 407 884 motibus
422 822 484 884 illia
500 823 630 906 primis,
659 823 849 900 «consentit,
867 837 896 886 et
910 823 1054 907 opinione
1070 843 1123 885 sua
1136 823 1308 907 approbat:
1333 852 1348 876 ιι

277 929 333 990 etsi
346 927 427 991 baud
446 929 536 1012 plene
556 943 660 993 tamen
681 953 714 993 se
730 931 895 1014 permittit;
914 931 1062 1014 ingressu
1083 943 1147 1004 est,
1169 931 1305 991 nondrmr
1323 931 1355 990 in

276 1053 375 1096 cursu.
401 1034 443 1098 bt
464 1036 592 1112 tertius,
619 1038 683 1120 jam
708 1037 886 1121 impotens,
907 1051 938 1099 et
951 1036 1003 1117 qni
1020 1058 1076 1098 nos
1097 1035 1206 1098 aufert.
1225 1035 1256 1098 ls
1272 1035 1356 1097 velut

277 1142 414 1203 excursio
426 1155 472 1204 est
482 1162 551 1205 com
564 1142 698 1226 impetu,
715 1157 748 1205 ut
760 1141 940 1206 Plutarchus
954 1142 1141 1205 assimilabat
1159 1168 1166 1202 :
1184 1155 1214 1204 et
1228 1157 1353 1212 noster,

277 1249 384 1310 eadem
399 1248 552 1332 imagine,
571 1247 727 1312 «Allectus
745 1270 808 1311 non
824 1249 943 1312 moveri
961 1261 1098 1325 tautum,
1119 1250 1172 1311 sed
1190 1267 1355 1310 excurrere

279 1353 377 1414 debet.
393 1350 450 1414 Est
464 1347 545 1416 enim
561 1354 691 1438 impetus
704 1380 710 1416 :
723 1354 799 1433 u(ll
812 1354 863 1418 De
878 1355 939 1432 lra,
950 1377 1015 1440 cap.
1026 1355 1078 1434 3.)
1089 1357 1120 1418 id
1131 1369 1194 1428 est,
1207 1359 1283 1437 ὁρμὴ.
1293 1353 1356 1414 lsta

278 1457 469 1535 lneem,nisi
484 1459 590 1538 lallor,
607 1463 677 1522 dent
696 1459 870 1524 Stoicorum
890 1460 1023 1524 dilectui
1042 1484 1158 1543 :quem
1179 1461 1358 1524 delinitione

276 1565 461 1641 nuncetiam
474 1567 654 1650 aperiamus.
669 1565 716 1628 Ea
730 1553 748 1629 a
763 1567 886 1630 Zenone
900 1567 1019 1652 duplex.
1037 1575 1123 1638 nitor
1133 1574 1184 1651 γάρ
1199 1573 1283 1644 ἐστιν,
1296 1566 1360 1626 aie-

240 1677 242 1686 ’
281 1672 334 1738 bat
343 1681 373 1747 ,ἦ
389 1677 481 1756 ἄλογος
492 1680 564 1760 παρὰ
577 1684 651 1757 φύσιν
664 1685 778 1753 κίνησις,
794 1679 887 1760 ἧὸρμὴ
899 1680 1091 1754 straveram:
1105 1671 1259 1753 (Laertio
1266 1673 1359 1748 Zeu.)

280 1801 344 1860 quae
354 1778 464 1844 Cicero
478 1782 520 1843 ita
537 1782 645 1858 vertit,
661 1796 691 1844 et
705 1783 805 1844 eidem
823 1782 939 1844 Zenoni
958 1781 1094 1844 inscribit
1113 1805 1120 1841 ε
1138 1778 1359 1841 «Perturbatio

281 1899 345 1958 est,
367 1887 416 1950 vel
430 1908 536 1950 aversa
553 1903 667 1952 aresta
684 1887 835 1969 Ratione,
848 1904 953 1952 contra
969 1887 1138 1964 Naturam,
1156 1885 1250 1949 enirm
1264 1907 1358 1948 com-

281 1995 377 2061 motio
391 2021 399 2068 ς
423 1995 472 2058 vel
487 1995 631 2073 brevius,
647 1995 807 2081 Appetitns
822 1997 1040 2060 vehementior.
1060 2007 1077 2049 »ι’
1093 1993 1161 2075 (IV
1173 1990 1286 2072 Tusc.)
1301 1991 1358 2054 Ait

282 2107 374 2186 meyer
386 2113 499 2178 κίνησις,
513 2103 695 2166 irrationalis
708 2105 823 2177 motio,
839 2103 1037 2167 adverbum:
1054 2104 1109 2165 sed
1121 2099 1231 2165 Cicero
1246 2101 1362 2163 diducit

282 2223 313 2272 et
325 2224 394 2294 apte
406 2211 546 2296 explicat,
565 2232 672 2273 aversa
686 2233 704 2272 a
716 2226 799 2274 recta
814 2209 956 2274 Ratione.
971 2207 1028 2272 Est
1041 2208 1123 2271 enim
1140 2206 1292 2284 Rationis,
1306 2209 1362 2268 sed

282 2337 390 2400 pravae.
397 2315 520 2398 Absque
526 2317 837 2402 bacinterpretatione
847 2315 1080 2400 el'eripateticis
1087 2314 1358 2381 etiamconueniat:

283 2426 334 2508 qui
349 2425 406 2508 ipsi
422 2425 606 2488 definiuntur
616 2423 740 2488 Motum
754 2425 963 2488 irrationalem
974 2423 1087 2500 animi,
1102 2423 1144 2486 ob
1153 2421 1364 2508 praesumptio-

282 2553 353 2595 nem
360 2531 440 2594 Boni
447 2531 570 2596 Malive.
581 2557 596 2587 ιι
606 2529 668 2594 Sed
675 2530 882 2594 lrrationabile
893 2530 975 2592 alind
985 2529 1022 2592 iis
1031 2542 1135 2592 sonat:
1147 2541 1177 2591 et
1186 2527 1363 2612 abjungitur

284 2639 324 2700 ab
337 2639 445 2702 iisdem
460 2639 560 2717 Zeno,
577 2659 671 2722 quum
685 2639 812 2715 addidit,
831 2650 937 2702 contra
949 2635 1101 2699 Naturam
1115 2657 1200 2708 esse,
1215 2647 1363 2720 negabam

287 2745 360 2807 istis.
374 2743 480 2826 ltaque
489 2759 521 2808 et
530 2745 626 2808 altera
635 2744 730 2806 linitio
741 2743 894 2822 Zenonia,
905 2742 1088 2828 «Appetitus
1097 2741 1328 2812 vehementior;
1345 2769 1361 2795 ιι

283 2853 481 2936 interpretem
495 2851 679 2918 Ciceronem
692 2851 803 2929 babet,
822 2879 837 2906 ιι
845 2852 897 2933 qui
911 2851 1031 2936 longius
1044 2850 1214 2914 discesserit
1227 2871 1247 2911 a
1257 2847 1365 2912 Natu-

283 2982 325 3022 rae
340 2961 509 3023 constantia
521 2988 536 3014 ιι
551 2984 558 3020 :
575 2971 608 3022 ut
620 2962 780 3034 ostendat,
794 2980 936 3022 aversum
950 2958 1082 3021 maxime
1096 2957 1136 3018 ab
1151 2957 1259 3020 eadem
1273 2977 1362 3032 ease,

285 3067 384 3139 idest,
403 3087 421 3128 a
435 3065 535 3129 stabili
551 3067 605 3128 illa
619 3081 650 3129 et
665 3064 848 3128 immutabili
864 3062 1007 3127 Ratione.
1019 3061 1082 3126 Sed
1095 3060 1367 3145 qnodAppetitnm

285 3172 396 3250 vertit,
419 3173 571 3256 angustius
594 3186 664 3236 est:
686 3186 717 3236 et
733 3171 850 3235 Vitatio
869 3172 918 3235 vel
936 3169 1023 3256 Fuga
1045 3171 1138 3233 etiam
1155 3168 1363 3253 intelligenda.

286 3277 369 3341 Nam
383 3283 448 3364 ὁρμὴ
458 3279 519 3358 bic,
530 3281 642 3362 qnaeds
654 3279 820 3343 commotio
833 3278 883 3342 rel
895 3277 1083 3352 incitatio;et
1096 3280 1210 3360 ἀφορμὴν
1226 3275 1365 3338 includit.

286 3385 415 3460 Desino,
429 3400 459 3450 et
467 3400 573 3470 repeto
586 3385 738 3450 :Allectus
747 3405 854 3448 omnes
870 3385 902 3446 in
916 3383 1072 3447 Rationali
1081 3397 1167 3468 parte
1178 3403 1261 3461 esse,
1278 3381 1366 3445 ideo-

286 3515 345 3575 qne
359 3509 460 3559 cetera
474 3494 619 3556 animalia
632 3494 670 3556 iis
686 3515 812 3570 carere,
830 3495 912 3577 juxta
928 3489 1071 3564 Stoicos,
1091 3517 1107 3546 ιι
1125 3489 1241 3552 babere
1257 3502 1365 3551 tamen

286 3601 401 3663 similes
416 3603 564 3683 quosdam
579 3600 639 3662 illis
656 3599 812 3683 impulsus
821 3626 836 3652 ιι
852 3596 942 3676 (Seu.
962 3595 978 3660 1
991 3596 1043 3660 De
1056 3594 1125 3674 Ira,
1144 3618 1171 3660 c.
1182 3593 1233 3677 3.)
1246 3591 1367 3658 Carere

288 3719 319 3768 et
334 3704 510 3790 Sapientem
530 3707 657 3769 dicimus
679 3707 757 3768 :sed
777 3726 838 3786 quo
859 3705 969 3768 sensu?
991 3725 1055 3766 non
1074 3703 1129 3764 illo
1147 3723 1240 3784 quern
1255 3701 1368 3784 vulgus

267 3823 272 3834 '
289 3813 408 3874 exaudit
420 3826 452 3874 et
465 3813 617 3896 exagitat,
636 3825 670 3874 ut
688 3809 817 3895 Sapiens
834 3811 934 3872 nullas
956 3808 1162 3873 vellicationes
1176 3820 1229 3869 ant
1241 3827 1368 3868 morsos

287 3918 399 3984 babeat
420 3943 427 3981 :
449 3920 560 3998 babet,
585 3941 666 3982 «nee
686 3917 747 3982 hoc
771 3919 859 3996 dico,
884 3939 947 3980 uon
967 3917 1058 3981 sentit
1076 3915 1293 3992 incommoda,
1311 3916 1368 3976 sed

287 4027 388 4090 vincit.
399 4054 413 4081 ιι
432 4025 503 4107 (De
516 4025 710 4090 Providentia
724 4073 733 4103 ,
749 4047 816 4111 cap.
832 4029 880 4106 α.)
890 4024 975 4088 Alibi
988 4023 1106 4088 Seneca
1124 4047 1131 4081 e
1152 4051 1167 4076 ιι
1176 4021 1250 4084 Non
1264 4024 1365 4085 educo

288 4128 471 4211 Sapientem·
478 4150 513 4190 ex
526 4126 685 4189 hominum
703 4147 848 4205 numero,
866 4147 922 4189 nec
942 4125 1065 4188 dolores
1079 4124 1119 4186 ab
1138 4122 1210 4198 illo,
1229 4123 1307 4184 sicut
1325 4122 1368 4183 ab

291 4234 392 4317 aliqua
417 4256 492 4318 rupe
506 4234 624 4294 nullum
639 4255 761 4296 sensum
775 4233 970 4309 admittente,
987 4231 1164 4294 submoveo.
1180 4227 1314 4292 Memini
1329 4251 1367 4290 ex

291 4343 406 4405 duabus
419 4341 552 4424 partibus
566 4340 653 4402 illum
668 4361 734 4402 esse
747 4342 948 4425 compositum
959 4365 966 4402 ε
976 4321 1084 4402 Altera
1098 4351 1144 4400 est
1153 4334 1365 4399 Inrationalis:
