2930 4956
277 473 344 542 AD
369 472 544 542 stote.
570 469 780 542 Paltos.
804 467 901 538 ulo:
927 469 955 535 1.
1027 467 1153 554 lxxxvii

105 615 174 680 Nun
185 616 363 692 audivisset,
388 629 422 678 ut
438 629 571 698 coeperat
586 637 593 673 ε
613 623 644 676 et
658 615 731 695 qnid
745 614 852 697 prim‘u
866 615 931 696 ejus
947 611 1034 674 amis
1046 613 1157 674 lauda-

105 721 177 786 bilius
188 723 262 788 suit?
274 724 349 788 seito
360 736 479 799 autem,
492 719 638 786 aSeueca
653 724 777 785 doctore
789 721 978 784 otdirectore
990 719 1157 783 consuisse.

104 827 137 890 At
149 830 222 894 enim
236 849 314 915 opes
326 829 359 892 in
372 850 411 894 ea
424 828 626 913 congregavit.
644 825 720 890 Miri
730 825 882 892 beminen
894 828 902 888 i
923 827 956 888 in
976 826 1043 888 aliis
1063 844 1155 911 opes,

104 938 195 1001 inabis
209 939 346 1022 inopiam
355 950 496 1002 accusant
514 959 522 998 ε
538 950 569 1000 et
580 936 614 998 in
626 934 684 999 bac
698 935 916 1012 ambitionem,
932 935 964 996 in
975 933 1043 998 aliis
1055 933 1159 998 avari·

103 1043 164 1108 tiam
176 1059 348 1130 agnomt.
370 1042 500 1108 Discant
517 1067 526 1105 ι
542 1049 560 1098 ι’
571 1041 675 1106 Nemo
688 1039 866 1126 Sapientem
879 1055 1055 1126 paupertate
1069 1040 1160 1104 dam·-

102 1153 177 1214 navit.
185 1149 321 1214 Habebit
332 1149 531 1234 philosophus
540 1149 658 1234 amplas
669 1169 761 1234 opes,
773 1151 827 1212 sed
840 1148 916 1210 nulli
925 1150 1091 1222 detractas,
1102 1169 1160 1214 net

101 1257 187 1320 abeno
197 1258 342 1342 sauguine
350 1271 489 1320 emenus
503 1280 510 1315 ι
524 1275 654 1339 quarum
665 1269 729 1318 tam
740 1255 883 1318 honestus
894 1256 933 1318 sit
943 1255 1054 1326 exitus,
1067 1275 1160 1338 quam

102 1366 234 1429 intuitus.
244 1393 260 1420 u
273 1365 378 1448 (lbid.
392 1385 420 1428 e.
438 1363 512 1446 23.)
526 1361 577 1426 En
592 1362 799 1440 conditiones,
817 1362 976 1448 legesque,
995 1360 1103 1445 quibos
1116 1381 1163 1424 sa·
1286 1359 1289 1364 ’

101 1471 196 1555 pintia
206 1495 281 1558 opes
291 1471 459 1558 permittit:
480 1471 613 1534 honeste
623 1468 811 1552 quicrauonr,
824 1483 876 1532 aut
886 1469 1026 1542 reniam
1037 1469 1162 1532 honeste

101 1583 315 1662 expendantur,
330 1580 509 1661 abeuntque.
521 1575 637 1641 Noster
650 1599 689 1640 an
702 1599 765 1640 non
779 1576 870 1640 feeit?
888 1577 1055 1662 apriueipe
1073 1597 1164 1639 aece-

100 1685 155 1768 pit;
166 1701 194 1750 et
204 1687 297 1772 ptura
310 1685 383 1764 aiii,
397 1685 516 1748 meritis
527 1685 592 1767 ejus
603 1704 667 1746 nno
678 1704 778 1768 pares.
791 1681 868 1765 Quis
879 1697 999 1760 autem,

258 1811 262 1818 '
280 1801 349 1873 Qui:
360 1803 488 1856 induentis
500 1801 568 1856 dona
581 1801 703 1856 Fortuna
713 1791 829 1855 abnuet?

101 1903 137 1964 ait
151 1902 263 1970 Seneca
275 1905 375 1979 alter,
386 1919 417 1969 et
429 1921 533 1970 noster
546 1930 553 1968 ι
567 1933 584 1968 v
594 1905 667 1972 Non
681 1927 713 1968 ee
724 1906 844 1991 sapiens
857 1905 1014 1990 indiguum
1023 1905 1093 1968 ullis
1103 1904 1165 1966 for-

101 2011 168 2074 tuitis
177 2013 358 2077 muneribus
367 2026 461 2098 putot.
474 2009 547 2075 Nou
559 2011 660 2098 abiget
671 2012 722 2075 ilia
735 2035 752 2075 a
764 2033 797 2076 se
807 2056 816 2087 ,
828 2015 882 2076 sed
891 2011 1031 2074 abeuntia
1043 2033 1165 2074 securus

101 2135 299 2203 prosequetm.
309 2117 445 2183 Divitias
456 2121 580 2204 quidem
595 2119 648 2182 ubi
661 2121 753 2183 tutius
765 2117 900 2182 Fortuna
912 2123 1061 2204 deponet,
1073 2139 1165 2201 quam

59 2303 63 2312 Ι
102 2224 155 2302 ibi,
170 2229 247 2290 mae
264 2229 333 2290 siue
346 2227 471 2310 querela
484 2226 636 2290 reddentis
651 2241 811 2310 receptura
822 2227 914 2290 esti»
934 2225 1035 2308 (lbid.
1048 2245 1074 2292 o
1091 2228 1166 2305 at.)

102 2327 282 2416 Recepturai
296 2333 389 2396 etiam
403 2352 499 2416 qutun
512 2351 574 2396 non
587 2346 680 2416 petet.
693 2330 775 2395 Vide
789 2347 947 2411 nosumn,
965 2345 995 2395 et
1009 2345 1113 2417 stupe,
1129 2335 1167 2394 ad

100 2433 245 2502 Neronem
253 2439 450 2516 venientem,
466 2452 498 2501 et
517 2451 654 2523 acceptas
666 2458 773 2502 omues
789 2455 862 2522 opes
875 2459 988 2522 magno
1003 2439 1106 2500 animo
1119 2459 1167 2500 re

101 2541 264 2608 tmdmtem
281 2569 291 2606 ι
306 2543 434 2622 «tube,
445 2544 563 2626 inquit,
581 2564 634 2607 eas
646 2565 702 2628 per
711 2557 926 2629 procuratores
941 2557 1010 2606 tuos
1022 2544 1169 2606 adminis—

100 2649 183 2728 trari,
199 2649 232 2712 iu
242 2663 329 2712 tuam
340 2650 496 2713 fortunam
506 2649 613 2734 recipi.
628 2647 695 2713 Nee
709 2671 761 2712 me
771 2650 802 2712 in
813 2662 1025 2734 paupertatem
1043 2649 1108 2732 ipse
1119 2651 1171 2712 de

102 2757 225 2818 tradem:
236 2759 294 2820 sed
303 2758 429 2834 traditis,
440 2777 572 2840 quornm
583 2757 704 2841 iulgore
717 2757 924 2842 prestringor,
933 2757 1014 2838 quod
1023 2757 1170 2840 temporis

101 2861 251 2928 hortorum
268 2876 322 2926 aut
334 2863 477 2926 villarum
493 2883 572 2928 curte
592 2863 764 2946 seponitur,
784 2865 968 2926 inanimum
981 2863 1169 2927 revocabo.»

106 2967 204 3054 idpud
216 2971 294 3034 Tac.
311 2969 392 3032 xlv
404 2969 510 3048 Anu.)
526 2963 608 3046 Ecce
622 2971 809 3054 sapientem,
824 2971 876 3052 qui
890 2990 964 3054 opes
979 2971 1011 3032 in
1025 2974 1170 3050 domurn,

102 3098 156 3142 nott
165 3079 196 3140 iu
205 3079 344 3142 animuum
352 3077 491 3142 admisit?
504 3079 555 3161 qui
563 3077 670 3156 habet,
682 3099 744 3142 non
755 3078 900 3153 hebetum
917 3105 932 3134 o
941 3079 1036 3154 ,habet
1047 3081 1100 3142 sed
1108 3091 1173 3141 tan-

101 3201 186 3266 quam
201 3185 287 3249 leves
306 3197 338 3248 et
350 3183 542 3258 avolatione,
560 3199 617 3248 net
630 3185 685 3246 ulli
700 3185 751 3247 aiii
763 3230 773 3262 ,
786 3205 843 3249 nec
858 3183 916 3248 sibi
934 3205 1051 3270 graves.
1068 3213 1085 3242 a
1097 3185 1110 3270 (
1121 3183 1173 3248 De

102 3289 169 3354 Vita
178 3290 266 3355 Beat.
281 3313 350 3376 cap.
369 3291 433 3370 23.)
447 3285 521 3356 ΗΜ
533 3291 687 3374 quesitio,
704 3305 756 3354 aut
768 3294 918 3376 possessio
934 3315 941 3352 ε
959 3294 1057 3356 exitus
1068 3313 1174 3354 earum

101 3399 253 3479 quiescit?
267 3395 379 3481 Liquet
392 3399 468 3461 mibi
479 3445 490 3478 ,
501 3393 652 3462 Senecam
666 3419 728 3462 nou
742 3399 800 3462 uisi
818 3401 849 3461 in
861 3401 994 3464 alienum
1008 3400 1073 3462 iere
1090 3401 1175 3464 snrc-

101 3517 161 3567 tum
178 3503 333 3569 babuisse.
356 3531 374 3562 ι
387 3501 524 3570 Donavit
542 3519 594 3568 aut
613 3505 720 3580 bonis,
743 3521 794 3569 aut
807 3507 845 3568 iis
864 3526 940 3589 quos
958 3507 1059 3570 tacere
1079 3507 1178 3590 potuit

102 3611 202 3678 bonos.
217 3611 359 3678 Donavit
379 3633 450 3676 cum
468 3631 589 3678 summo
613 3613 762 3692 consilio,
785 3615 976 3698 dignissimos
992 3614 1107 3696 eligens
1122 3635 1129 3673 :
1144 3627 1178 3676 ut

103 3721 149 3802 qui
166 3721 282 3800 sciret,
302 3735 368 3783 tam
384 3739 602 3804 expensorum,
618 3741 711 3803 mam
724 3733 919 3804 acceptorum
940 3721 1092 3783 rationem
1111 3741 1177 3785 esse

102 3825 491 3908 reddendam.a(lbid.)Et
502 3827 582 3890 sama
598 3827 720 3912 publica
739 3847 841 3890 nonne
855 3829 894 3890 de
913 3826 1094 3892 liberalitate
1114 3831 1179 3912 ejus

104 3929 174 3996 initi
186 3955 205 3998 e
218 3953 283 4018 qua
295 3947 392 4018 poeto
403 3915 585 4012 bamcrmt,
605 3933 850 4018 scripseruntque
864 3955 872 3992 ε

298 4058 383 4110 Nemo
396 4057 477 4130 petit,
490 4056 599 4112 modieis
610 4077 668 4130 qute
676 4057 842 4111 mittebantur
853 4057 941 4113 amieis

299 4151 324 4202 Α
336 4147 452 4204 Seneeaz
729 4149 905 4220 (torneae.)

107 4269 209 4333 magna
224 4252 359 4316 ostendit
371 4253 473 4315 missa.
487 4251 530 4315 Et
544 4253 620 4318 alius
637 4279 644 4314 ε

300 4371 405 4426 Pisones
417 4409 425 4438 ,
438 4373 613 4443 Senecasque,
625 4373 833 4445 Memmiosque,
849 4375 1010 4443 (biterras.)
