2910 4954
352 439 507 506 LIBER
533 441 614 521 111,
645 441 757 506 CAP.
785 443 914 510 xvn.
1111 441 1166 526 ¹4¹

103 567 251 660 gentium
264 617 273 649 ,
291 569 361 658 peti
374 617 383 649 ,
398 583 432 634 et
444 566 701 636 necessitatibus
713 569 783 635 suis
792 567 934 660 obsequi
947 571 972 636 ¹.
987 567 1055 637 Sed
1066 593 1172 662 quum
1200 603 1214 635 2

101 683 193 751 utilis
210 683 255 752 sit
268 683 496 752 servientibus
510 733 519 766 ,
535 683 716 752 affectuum
731 709 869 754 suorum
883 735 892 769 ,
914 701 949 754 et
962 683 1067 778 hujus
1081 709 1172 780 prae·

101 802 198 892 cipue
211 797 323 868 rubidi
341 815 444 892 atque
458 799 605 869 effraeuis
620 801 828 869 coutinentia
842 851 852 883 ,
868 800 987 870 utilior
1005 817 1057 870 est
1077 803 1172 895 regi·

101 915 174 984 bus.
194 917 378 985 Perierunt
395 917 529 1000 omnis,
546 917 606 984 ubi
626 933 790 1008 quantum
807 915 928 985 suadet
940 917 1016 1000 irs,
1038 917 1173 986 fortuna

101 1035 283 1126 permittit,
293 1057 359 1102 uec
369 1032 430 1102 diu
441 1049 553 1128 potest
566 1083 575 1116 ‚
590 1057 666 1125 quae
682 1031 865 1101 multorum
878 1032 968 1101 malo
979 1049 1170 1117 exercetur,
1185 1051 1188 1060 ’

100 1151 250 1242 potentia
269 1165 359 1218 sture
379 1153 407 1216 ²:
424 1148 639 1242 periclitatur
659 1150 774 1230 enim,
800 1149 860 1216 ubi
884 1150 1019 1241 eosqui
1037 1173 1174 1242 sepers-

102 1267 159 1334 tim
179 1283 342 1360 gemunt,
374 1268 561 1336 communis
578 1281 687 1334 metus
704 1265 830 1358 junxit.
852 1266 1038 1358 Plerosque
1057 1269 1172 1359 itnque

101 1381 199 1450 modo
223 1383 349 1476 singuli
369 1399 624 1465 mactaverunt,
651 1381 749 1450 modo
772 1383 947 1467 universi,
972 1409 1077 1476 quum
1094 1384 1171 1453 illos

101 1499 256 1566 mulerre
279 1499 317 1566 in
340 1523 446 1567 unum
464 1500 532 1567 iras
556 1497 715 1592 publicus
742 1496 838 1566 dolor
861 1501 1039 1594 ooegisset.
1066 1499 1171 1593 Atqui
1197 1513 1213 1564 t

103 1615 260 1708 plerique
277 1617 326 1684 sio
342 1601 454 1698 iram,
476 1615 573 1707 quasi
586 1616 720 1709 insigne
740 1617 896 1709 regium,
919 1634 1169 1702 exercuerunt,

100 1733 186 1800 sicut
197 1733 321 1802 Durius
331 1722 358 1812 ³,
376 1731 436 1823 qui
449 1733 592 1825 primus,
608 1747 684 1824 post
696 1731 846 1800 ablatum
857 1735 959 1826 Mago
974 1734 1168 1826 imperium,

99 1850 220 1915 Persas
239 1863 273 1915 et
291 1871 447 1941 magnum
464 1863 597 1940 purtem
611 1847 764 1916 Orientis
782 1848 942 1918 obtinuit.
965 1853 1050 1918 Nem
1066 1876 1172 1943 quum

99 1959 227 2028 bellum
254 1961 389 2054 Scythis
413 1960 612 2044 indixisset,
642 1961 819 2031 Orientem
844 1963 1085 2056 cingentibus,
1117 1989 1173 2032 ro-

101 2092 198 2169 gutus
213 2075 257 2144 ab
275 2071 441 2147 OEbuzo⁴
460 2076 568 2145 nobili
582 2101 676 2161 seue,
692 2093 732 2144 ut
747 2101 787 2145 ex
803 2077 912 2147 tribus
927 2078 1047 2147 liberis
1064 2103 1171 2147 unum

99 2196 134 2262 iu
157 2194 316 2264 solatium
330 2195 420 2288 patri
439 2194 675 2286 relinqueret,
697 2193 842 2264 duorum
867 2219 971 2289 opera
989 2212 1169 2282 uteretur,

99 2312 297 2405 plusquam
320 2311 505 2406 rogabatur
532 2310 722 2406 pollicitus,
745 2335 862 2380 omues
882 2336 918 2380 se
940 2312 991 2381 illi
1011 2311 1097 2381 dixit
1116 2337 1172 2382 re-

100 2429 281 2496 missurum
296 2479 305 2510 ,
327 2443 363 2496 et
375 2427 503 2496 occisos
515 2429 552 2496 in
565 2443 748 2521 conspectu
759 2429 914 2522 parentis
926 2429 1052 2522 abjecit
1067 2456 1075 2496 ι
1091 2454 1171 2499 oru-

100 2545 185 2615 delis
205 2546 359 2627 futurus,
376 2546 404 2612 si
422 2568 539 2612 omnes
554 2541 763 2614 abduxisset!

146 2663 260 2730 XVII.
281 2659 327 2728 At
339 2675 465 2752 quanto
479 2649 613 2728 Xerxes
630 2661 871 2754 faciliorPQui
885 2657 1045 2755 Pythio⁵,
1066 2665 1210 2756 quin-r
1299 2747 1304 2756 .
1366 2659 1369 2667 ’

135 2910 157 2944 ι.
174 2887 265 2944 Unum
275 2899 347 2944 est...
355 2889 469 2960 obsequi.
477 2889 535 2945 Hoc
545 2888 612 2943 Stoi·
659 2892 707 2942 ler
717 2891 764 2942 der
773 2891 845 2942 alten
864 2891 949 2944 Welt.
962 2893 1037 2944 Toni.
1052 2892 1076 2944 ll
1087 2893 1104 2956 ).
1115 2892 1173 2944 Me·

102 2987 188 3020 eorum
201 2966 331 3020 decretum
351 2980 402 3019 ernt
412 2987 419 3020 ι
431 2986 575 3038 quenquam
588 2977 613 3018 et
661 2969 729 3022 diam
739 2982 823 3022 autern
830 2970 897 3022 Asise
906 2971 957 3023 fere
965 2983 1060 3044 portem
1069 2985 1170 3023 tenuere

101 3047 213 3099 antesin
225 3045 416 3099 necessitudinis
426 3047 505 3119 jugo,
521 3045 563 3100 eui
575 3057 611 3097 te·
660 3046 777 3120 Seytlue,
799 3047 937 3101 nomsdieo
953 3047 1060 3100 vivendi
1079 3067 1171 3121 genere

102 3145 168 3178 mers
189 3125 307 3178 resistent
327 3125 460 3192 homines,
480 3144 610 3178 commen·
659 3137 765 3177 utentes.

102 3201 186 3258 dende
197 3204 274 3256 multi
287 3217 359 3256 erent
367 3204 483 3267 Veteres,
496 3217 520 3256 et
530 3215 609 3277 postte
692 3203 715 3268 4.
731 3201 847 3254 OEbnso.
864 3202 935 3256 Libri
954 3203 1006 3257 sere
1017 3220 1023 3256 :
1036 3203 1171 3258 Oeobazo:

102 3283 159 3336 inde
171 3285 204 3337 nb
216 3285 329 3337 Homero
339 3321 346 3346 ,
359 3296 384 3334 et
394 3283 477 3336 ceteri
487 3295 609 3348 suctores,
660 3281 723 3352 quin
733 3277 736 3287 '
746 3281 866 3333 Ernsrnus
887 3293 986 3354 prtestnt
1006 3299 1013 3334 τ
1035 3281 1170 3334 Oraborto.

102 3381 122 3414 e.
133 3383 155 3416 c.
166 3363 293 3416 Herodot.
306 3361 350 3415 lib.
362 3363 373 3414 l
383 3401 390 3426 ,
402 3381 455 3436 esp.
466 3382 507 3436 9¹·
660 3360 713 3412 Sed
720 3371 756 3412 est
764 3360 886 3428 οἰόβαζον
894 3379 933 3432 sp.
941 3359 1063 3412 Herodot.
1072 3358 1116 3411 lib.
1124 3361 1170 3423 lV,

132 3461 155 3494 n.
172 3441 230 3494 Nec
242 3443 289 3494 diu
299 3450 427 3510 potest...
439 3451 517 3494 stare.
533 3439 610 3494 Coni.
660 3457 712 3511 esp.
725 3439 773 3502 84,
785 3438 854 3491 node
868 3439 961 3492 Noster
972 3457 1016 3490 sus
1026 3437 1109 3490 bnusit

102 3517 143 3570 lib.
154 3520 179 3570 ll
189 3559 197 3582 ,
209 3539 262 3592 esp.
282 3539 318 3572 rr.
693 3517 776 3568 xvlt.
790 3519 861 3568 Anu.
871 3517 1051 3570 Antecedentin
1059 3516 1171 3589 exemplu

134 3595 157 3648 3.
167 3595 247 3649 Sti-nt
260 3595 370 3650 Darius.
386 3597 515 3670 Hystaspis
527 3595 608 3665 filins,
661 3593 766 3668 prebere
776 3595 857 3668 pergit
867 3594 1015 3668 peregrinis.

103 3674 179 3749 Mago
191 3675 340 3740 interiecto,
354 3696 395 3728 res
409 3675 502 3729 Persiae
514 3689 610 3730 creatus
694 3677 717 3726 5.
730 3673 834 3746 Pythio.
845 3675 887 3726 De
903 3673 998 3748 Pythio
1017 3673 1107 3746 Lydo,
1126 3675 1172 3746 qni
1225 3698 1231 3712 .

103 3751 204 3825 Scythis
211 3752 308 3805 bellum
314 3753 409 3806 intulit.
418 3753 610 3818 Crudelitatem,
663 3751 770 3805 Celsenis
782 3789 789 3815 ,
801 3751 863 3804 urbe
876 3751 1012 3826 Phrygia,
1029 3752 1171 3818 hebitnbnt,

103 3829 129 3882 in
151 3831 282 3884 OEbesnm
307 3831 488 3898 commissam,
508 3832 612 3886 tradidit
661 3830 772 3882 neuntio
797 3842 874 3882 exstat
895 3850 935 3903 sp.
957 3830 1080 3884 llerodot.
1103 3832 1171 3898 vll,

104 3909 227 3963 lleroslot.
244 3911 291 3974 IV,
312 3911 351 3976 84·
375 3909 486 3984 Scythia
508 3929 613 3986 geogrs-
663 3930 705 3979 27,
730 3908 779 3971 38,
801 3907 855 3980 39,
878 3907 1009 3978 eliquento
1035 3907 1134 3961 diverse
1158 3929 1173 3962 s

103 3989 187 4058 phinni
206 3987 277 4042 dedit
295 3987 364 4042 idem
380 3989 485 4062 scriptor
499 3989 612 4063 diligen·
662 3989 781 4042 Nostro:
802 4006 860 4038 narn
886 3987 979 4038 Xerses
1003 3985 1098 4060 Pythio
1118 4006 1172 4039 non

103 4071 230 4132 tissimus,
247 4069 292 4131 Ν,
305 4087 354 4141 99,
371 4087 408 4139 sq.
423 4086 499 4140 quem
511 4067 611 4142 egregie
661 4068 739 4119 fertur
758 4065 785 4118 id
798 4064 930 4139 permissse
940 4103 947 4129 ,
958 4077 987 4116 ut
1002 4085 1078 4136 quem
1097 4064 1173 4118 vellet

103 4146 237 4200 illustravit
251 4145 360 4199 Heeren.
375 4146 386 4213 (
394 4146 475 4200 Idem
491 4147 555 4199 uber
568 4147 612 4201 die
661 4145 780 4220 eligeret,
791 4145 834 4198 sed
842 4143 950 4219 Pythius
957 4145 1080 4219 extemplo
1093 4143 1172 4200 maxi-

103 4223 210 4278 Polits'l.
221 4236 266 4278 etc.
279 4227 327 4277 der
339 4225 519 4278 sometimes
534 4225 611 4278 Voet-
661 4243 731 4277 rnusn
751 4235 811 4276 netu
821 4223 934 4296 elegisse.
