2896 4958
291 401 387 472 asts.
474 397 506 472 t.
530 385 693 474 ursit
718 401 1174 478 aaaonucrmttts

289 547 370 626 quod
383 565 444 612 ttott
458 546 781 632 intermittentes
794 551 946 614 vinculum
959 564 1005 614 est
1019 573 1026 611 t
1039 553 1150 633 etquid
1158 551 1240 629 miri,
1253 553 1311 636 pr'o
1320 570 1355 614 ea

287 651 427 726 homines
438 655 536 718 marii
549 653 693 730 Utilitatis
701 677 791 722 cam
801 655 886 719 illam
895 659 1019 722 adscisci
1029 703 1039 737 ,
1049 655 1192 742 Epicurei
1201 674 1354 729 assemta

287 761 383 825 nostri
392 761 558 825 reclamant
568 808 577 840 ,
588 777 619 824 et
630 778 752 838 testem,
766 791 780 820 ι
794 785 850 849 per
862 785 896 828 se
907 767 1115 848 expetendam.
1129 788 1144 819 s
1155 763 1278 846 Quare?
1289 767 1356 846 quia

289 871 452 932 semotum
471 867 621 933 Natum
635 883 689 931 est.
706 899 721 924 «ι
737 868 820 932 Nara
839 884 872 931 ιιι
885 870 1014 932 aliarum
1033 870 1122 936 sotis
1139 893 1243 934 reram
1258 873 1356 934 inuata

291 973 417 1044 dulcedo
437 983 499 1051 eat,
519 976 563 1037 sic
580 972 729 1044 amicitias.
746 1003 761 1031 a
779 972 870 1058 (Son.
885 970 982 1059 Epist
998 974 1057 1058 ts.)
1071 973 1156 1038 'Satis
1171 979 1209 1038 de
1224 977 1280 1038 ista
1298 979 1357 1038 :de

288 1076 404 1144 timore
415 1079 676 1162 hromter,quiust
686 1080 1024 1166 separandumfleneeas
1039 1111 1054 1137 «
1066 1083 1162 1146 Amas
1170 1105 1232 1160 me,
1245 1085 1359 1145 amiens

290 1203 409 1251 nottes-
422 1183 507 1266 Quid
521 1203 594 1269 ergo
605 1187 617 1248 i
628 1187 699 1251 *heo
717 1189 841 1251 interae
862 1190 981 1254 diversa
996 1203 1087 1265 sunt,
1108 1191 1174 1252 imo
1193 1189 1358 1251 dissimilia.

288 1287 350 1370 Qui
362 1293 476 1357 amiens
488 1306 552 1369 cst,
568 1306 650 1354 aurat
659 1315 669 1354 a
677 1295 732 1375 qni
741 1308 836 1372 amat,
849 1315 911 1356 non
921 1295 1022 1376 ιιιίφιι
1030 1295 1145 1358 amiens
1154 1307 1207 1357 est.
1220 1321 1235 1350 a
1246 1293 1359 1379 (Epis-

289 1396 351 1463 tola
370 1403 494 1474 xxxv.)
510 1397 581 1462 llos
601 1403 786 1477 nomadum,
807 1416 840 1464 ut
861 1400 1013 1466 Plutarchi
1030 1405 1166 1484 quaedam
1182 1403 1357 1485 capiamus,

290 1505 353 1568 imo
367 1518 399 1568 st
407 1505 598 1587 rejiciamus,
614 1507 724 1569 acriter
738 1505 857 1570 Stoicos
867 1508 1028 1574 incusantis
1039 1531 1046 1567 ι
1058 1509 1109 1590 qui
1119 1507 1304 1584 censebant,
1317 1535 1330 1560 r
1344 1528 1360 1567 e

290 1609 492 1692 humentibus,
506 1613 564 1679 etsi
577 1611 696 1697 pulchri
710 1627 818 1690 essent,
833 1613 988 1678 nemiuem
1003 1617 1176 1692 amandum,
1193 1627 1360 1676 autumare

290 1717 413 1799 ὀὶμιιιω
426 1739 512 1781 enea
527 1732 646 1796 eontra,
663 1722 786 1802 juvenes
798 1719 854 1782 etsi
866 1720 965 1788 malos
976 1735 1007 1782 et
1016 1721 1137 1792 stultos,
1153 1741 1267 1800 eoque.
1284 1721 1362 1800 quod

290 1823 442 1903 sequitur,
459 1835 584 1908 turpes,
600 1825 744 1890 mandor
758 1841 879 1900 tamena
899 1828 951 1910 qui
972 1828 1036 1910 lpse
1053 1839 1142 1892 antor
1163 1813 1302 1901 desinat,
1321 1825 1362 1886 si*

290 1929 354 1992 mul
363 1951 399 1992 ac
408 1927 566 2014 Sapientes
573 1933 631 1994 sint
640 1913 722 1995 lacti.
732 1961 748 1988 a
759 1931 833 1996 llaec
843 1933 895 1996 ille
906 1934 1033 1998 clamate
1044 1961 1058 1987 ι
1071 1945 1363 2016 praetercommnnes

291 2037 430 2102 notiones
444 2059 529 2116 esse,
545 2053 576 2100 et
589 2039 779 2102 absurditatis
792 2041 891 2101 omnis
905 2041 1114 2124 participantia
1130 2039 1234 2100 rideri.
1252 2063 1268 2094 ι
1290 2035 1362 2115 (Dc

294 2139 457 2212 Coranm.
467 2143 555 2226 Not.)
567 2143 616 2208 Ne
626 2147 727 2224 ninus,
739 2167 759 2208 o
769 2145 858 2208 hane.
870 2145 973 2209 Minus
981 2161 1029 2208 est
1042 2145 1158 2221 Amor,
1170 2165 1263 2228 qnam
1274 2143 1364 2206 Arni-

293 2249 361 2317 uitta
373 2275 380 2314 a
391 2264 421 2314 et
434 2252 502 2313 ideo
512 2251 565 2312 illo
575 2253 673 2316 etiam
681 2250 795 2314 Stultos
804 2255 978 2336 dignantur,
990 2253 1045 2314 lota
1055 2269 1116 2314 non
1128 2251 1185 2313 nisi
1196 2249 1363 2334 Sapientes

292 2353 334 2420 Et
341 2378 419 2436 quoa
428 2371 528 2422 umen
539 2355 671 2420 Stultos?
686 2358 890 2425 'adolescentes
900 2358 987 2420 δοιιω
998 2357 1077 2442 spei,
1089 2371 1120 2424 et
1132 2355 1364 2440 Sapientiaejam

293 2463 468 2530 alludentes.
477 2462 546 2548 lpsa
554 2463 617 2531 htro
626 2465 750 2526 illorum
758 2465 862 2542 rerba,
871 2477 1025 2538 contante,
1037 2464 1092 2554 tihi
1103 2464 1267 2528 dehemus:
1281 2462 1366 2524 «Au-

295 2570 415 2652 napum
427 2569 509 2632 enirn
519 2571 680 2651 quoddam,
690 2571 738 2632 vel
744 2569 1030 2646 rmntioestAmor,
1038 2569 1237 2634 adolescentis
1243 2571 1365 2650 quidem

294 2675 481 2758 imperfecti,
497 2679 550 2738 sed
562 2676 724 2738 benenati.
741 2675 937 2746 »Audientar
948 2689 978 2736 et
988 2675 1072 2738 Zeno
1083 2689 1113 2737 et
1122 2673 1314 2760 Chrysippus
1326 2721 1335 2744 ,
1349 2695 1367 2734 e

295 2782 402 2862 quihus
412 2779 551 2845 Laertius
563 2781 628 2844 haec
641 2783 791 2865 prompsit
799 2803 812 2840 a
831 2807 847 2836 α
861 2779 903 2847 Et
917 2796 1087 2844 amaturum
1101 2781 1280 2866 Sapientem
1292 2783 1367 2842 ado-

295 2889 441 2958 lescentes
450 2889 530 2964 illos,
541 2891 594 2970 qui
605 2888 636 2948 ln
649 2889 731 2950 uultu
739 2888 901 2971 prmlerant
910 2888 1043 2950 indolem
1055 2907 1235 2972 generosam
1248 2889 1289 2948 ad
1298 2885 1368 2946 Vir-

296 3004 406 3059 tutem:
418 3003 451 3056 ut
458 2990 543 3054 Zeno
553 2989 585 3052 io
596 2987 776 3072 Republica,
786 3002 816 3050 et
826 2985 1015 3076 Chrysippus
1021 2989 1052 3050 in
1060 2987 1343 3070 Vitisscripserunt.
1353 3013 1367 3038 a

296 3095 374 3177 Quis
388 3099 515 3164 damnet
528 3096 591 3160 hato
612 3095 766 3178 aucupia?
781 3115 803 3156 o
818 3095 992 3178 capiantur,
1016 3108 1049 3156 et
1070 3115 1177 3178 sapere
1200 3094 1366 3176 incipiant,

299 3204 396 3272 amari
420 3203 564 3276 desinant.
584 3201 641 3264 llle
663 3203 745 3264 enim
763 3199 853 3273 linior
872 3215 900 3262 st
914 3199 1064 3262 Amorem
1087 3199 1186 3283 ipsum
1206 3199 1369 3262 definiunt:

299 3315 373 3380 disat
388 3315 506 3376 initalia
526 3313 689 3390 planarios,
710 3313 754 3372 dati
768 3313 857 3379 atilios
877 3313 1065 3391 ippotsdprart’
1086 3327 1150 3388 φη
1167 3304 1280 3371 Cloero
1301 3326 1371 3367 tter·-

298 3420 359 3484 tit:
385 3447 399 3474 a
424 3415 518 3482 Stoici
542 3413 716 3500 supinum
737 3429 907 3478 amaturum
926 3435 993 3478 esse
1017 3413 1146 3488 dieunt,
1170 3427 1200 3476 et
1222 3411 1371 3474 Amorem

299 3527 417 3607 ipsum,
440 3539 580 3587 canatum
601 3523 739 3586 amicitia
756 3523 918 3598 iaciendas,
940 3534 972 3584 et
986 3521 1217 3606 pulchritudinis
1239 3521 1369 3602 specie,

294 3633 452 3709 ¹tisi'rtt'oant.
471 3632 534 3710 (tv
549 3632 727 3710 Tusctrlan.)
750 3627 832 3695 Ecce
855 3630 954 3692 Amor
984 3631 1023 3691 ad
1050 3627 1225 3692 Amicitiam
1244 3627 1371 3688 illiciam

301 3753 366 3818 est,
387 3742 442 3807 aed
464 3741 565 3822 priato
585 3741 626 3801 ad
645 3737 786 3800 viantem
804 3761 811 3795 s
827 3735 1064 3819 ideoqoeeollus
1081 3735 1243 3818 Sapientis.
1261 3731 1371 3820 Cynici

303 3845 378 3908 alirn
401 3868 409 3906 ι
430 3873 447 3902 ιι
468 3843 648 3906 Amamrum
669 3863 804 3925 quoqoet
827 3842 926 3904 solum
947 3843 1029 3904 enim
1051 3841 1140 3904 'scire
1169 3837 1372 3923 Sapientem,

303 3969 377 4030 quos
399 3947 537 4033 oporteat
552 3969 665 4011 amare.
682 3976 698 4004 a
718 3941 838 4024 (lacit.
859 3948 889 4009 in
905 3947 1035 4010 Antistia·
1047 3949 1061 4024 )
1074 3945 1123 4008 At·
1136 3967 1208 4008 eece
1226 3948 1325 4010 redeo
1344 3945 1373 4006 in

302 4058 483 4120 numeriam
497 4055 658 4138 Apuleiani
668 4051 728 4116 loci
740 4100 748 4132 ,
762 4055 814 4136 qui
828 4053 918 4118 ualde
930 4053 990 4115 huc
1002 4053 1132 4115 laeiehat
1143 4097 1152 4126 ‚
1165 4051 1226 4112 nisi
1237 4051 1373 4132 exscrip-

301 4177 383 4226 tores
397 4163 558 4223 vitiassent
568 4159 673 4223 Verhs
684 4173 769 4222 sunt:
782 4185 797 4212 a
808 4158 913 4221 Bonos
923 4178 1031 4226 omnes
1039 4147 1158 4242 oportet
1166 4159 1246 4219 iuter
1258 4177 1293 4219 se
1305 4156 1375 4218 arnt

303 4291 355 4331 coa
369 4291 455 4346 esse,
474 4270 529 4336 etsi
541 4282 608 4330 smt
622 4270 720 4330 minus
733 4269 796 4330 nati
809 4292 816 4327 ι
831 4271 1015 4351 etpotestate
1027 4266 1119 4352 ipss,
1135 4286 1193 4346 qua
1205 4287 1312 4328 mores
1327 4285 1374 4325 eo·
