2926 4958
288 443 357 510 tt)
384 443 792 512 STOIC.PH1LOS.
821 442 918 511 LIB.
945 443 994 512 ΙΙ.
1129 448 1183 532 eiij

108 589 275 670 Protagora
287 586 436 648 Abderita
449 586 543 667 liquet
555 609 562 642 ε
577 585 633 646 etsi
645 583 762 647 Seneca
772 585 952 647 sententiam
964 587 1028 668 ejus
1037 587 1135 670 magis
1147 590 1186 649 ad

109 694 311 779 Pyrrhotum
332 691 514 756 conformat.
531 689 633 754 Ellcrt
656 705 688 754 et
705 689 883 754 Plutarchus
905 690 1009 774 paullo
1029 691 1136 767 aliter,
1153 694 1185 754 in

108 799 248 863 Colotem
264 847 273 876 ‚
292 799 389 861 initio.
403 796 466 862 Sed
479 798 561 860 addit
574 801 610 860 dc
623 797 839 883 Nausiphane:
859 797 970 861 «Nihil
983 800 1081 883 magis
1094 821 1160 862 esse
1174 845 1182 876 ‚

107 929 194 987 quarn
205 926 272 967 nou
287 927 387 967 esse.»
401 902 479 966 Sunt
489 905 553 988 ipsa
567 901 732 990 Pyrrhonis
749 927 756 962 ι
777 917 806 965 et
819 925 873 968 cur
889 924 951 965 non
966 925 1036 966 curn
1052 907 1185 969 advoca-

105 1013 164 1074 vit?
179 1011 269 1075 Nam
285 1013 399 1096 ahisto
411 1013 534 1074 doctore
545 1031 600 1074 suo
610 1009 823 1094 Nausiphanes
833 1009 942 1074 hausit.
953 1007 1186 1075 Commemorat

102 1118 261 1204 Diogenes
272 1120 305 1180 in
316 1117 475 1204 Pyrrhone
488 1142 496 1178 ε
511 1131 541 1180 et
552 1115 659 1181 Sextus
669 1117 754 1180 initio
764 1116 932 1195 librorum,
947 1143 962 1171 ιι
975 1115 1102 1200 Epicuri
1112 1118 1185 1179 doc-

102 1241 203 1288 torem
217 1226 335 1296 fuisse,
352 1246 371 1285 a
388 1245 448 1306 quo
460 1224 534 1299 ille,
551 1237 584 1286 ut
599 1225 752 1288 videretur
769 1227 972 1300 ὰιιτοδὶδαιιτος,
990 1223 1180 1298 dissenserit,

102 1332 218 1394 lamam
231 1334 300 1416 ejus
312 1345 342 1394 et
354 1352 467 1394 nomeu
480 1331 571 1394 etiarn
585 1330 745 1400 obterens,
764 1340 942 1414 ειπνεύμωνα
952 1329 1084 1414 passim,
1096 1329 1184 1392 idest

98 1439 283 1520 pulmonem
289 1439 393 1520 (quasi
403 1439 570 1514 exsensum)
580 1436 745 1520 appellans.
756 1465 770 1492 ιι
782 1437 922 1502 Tertium
931 1439 969 1500 dc
979 1435 1180 1510 Parmenide,

98 1571 111 1598 ι
121 1544 209 1605 Nihil
224 1565 295 1607 esse
310 1545 341 1605 in
356 1545 539 1606 universnm.
552 1571 566 1598 ιι
583 1541 617 1606 si
631 1564 703 1606 vera
716 1543 779 1607 hacc
793 1544 883 1608 lectio
893 1592 901 1621 ‚
911 1545 1038 1608 dixerim
1054 1565 1181 1628 respec-

9 1733 10 1741 Ὶ
93 1664 157 1712 man
170 1653 213 1714 ad
226 1651 305 1712 illud
319 1649 520 1726 parmenidis,
536 1679 550 1705 ιι
557 1649 651 1712 Nullo
666 1653 759 1714 modo
774 1673 839 1714 esse
854 1675 919 1734 quae
928 1673 989 1715 non
1001 1666 1077 1714 sunt
1088 1679 1102 1704 ιι
1112 1649 1181 1712 Pla-

92 1759 152 1818 toni
174 1757 224 1820 his
241 1771 370 1838 terque,
386 1757 441 1818 illo
459 1772 581 1820 auctore
604 1779 796 1840 expressum,
816 1773 846 1820 et
863 1759 1033 1822 refutatum.
1046 1758 1103 1840 (lu
1117 1756 1178 1819 So*

91 1864 216 1945 phista.)
225 1861 302 1944 Quo
313 1863 443 1926 voluisse
452 1864 579 1935 videtur,
590 1870 667 1931 νοητά
679 1880 708 1925 et
720 1879 831 1927 retorna
842 1866 894 1928 illa
905 1867 1005 1928 solum
1016 1887 1082 1928 esse
1096 1889 1103 1923 ε
1115 1865 1178 1928 haec

94 1970 208 2032 visihrn
222 1970 362 2052 subjecta
375 1983 406 2031 et
419 1970 554 2054 fugacia,
573 1993 630 2034 nec
642 1993 714 2034 vere
730 1995 804 2036 csse.
819 1970 881 2036 Sed
894 1972 1027 2036 arbitror
1040 1973 1178 2056 interpo-

95 2077 155 2138 lata
165 2078 246 2140 ista:
263 2091 295 2139 et
304 2077 398 2139 verba
409 2078 487 2154 hnc,
501 2107 516 2132 ιι
527 2099 563 2140 ex
574 2079 611 2141 iis
621 2102 685 2161 quse
696 2081 851 2152 ridentur,
861 2109 876 2134 ιι
887 2101 980 2164 prave
992 2081 1175 2163 esuperiore

95 2184 175 2246 linea
188 2184 343 2246 translata
358 2209 367 2244 z
381 2185 482 2266 itaque
498 2186 635 2248 delenda.
645 2186 728 2250 'l'urn
742 2183 892 2271 amplius,
903 2208 997 2269 quum
1013 2187 1044 2248 in
1058 2187 1175 2269 optimo

95 2311 166 2353 uteo
178 2289 300 2356 Codice
313 2291 396 2353 nulla
411 2293 450 2354 sit
461 2295 598 2376 negativa
610 2294 682 2370 illa,
699 2296 806 2360 Nihils
821 2294 981 2378 lcgcuduut
994 2338 1003 2371 ‚
1020 2321 1035 2347 ιι
1043 2291 1177 2354 Parme-

94 2399 181 2460 nides
193 2399 262 2474 ait,
286 2419 354 2461 esse
376 2419 470 2462 unum
491 2401 675 2464 universtuu.
686 2430 700 2456 ιι
725 2400 809 2464 Naro
822 2401 929 2486 periit,
951 2413 1003 2463 aut
1015 2399 1103 2462 latuit
1117 2400 1174 2462 ista
1256 2403 1258 2408 ’

95 2507 224 2584 vocula,
240 2507 275 2568 in
290 2508 440 2591 principio
451 2508 685 2589 sequentis.Res
695 2509 817 2591 quidem
829 2511 870 2572 ita
880 2509 992 2572 hahet:
1007 2521 1037 2570 et
1050 2523 1096 2572 est
1105 2530 1174 2590 ger-

93 2634 184 2674 mana
198 2615 269 2696 ipsa
282 2615 452 2690 sententia,
466 2615 530 2676 imo
540 2616 632 2678 vcrha
648 2613 837 2678 Parmenidis
852 2640 859 2674 ε
879 2609 911 2680 it
924 2621 953 2678 το·
963 2628 1015 2678 πᾶν
1025 2639 1032 2674 :
1044 2643 1059 2669 ιι
1069 2613 1172 2674 Unum

90 2719 282 2781 univctwn.
295 2747 311 2772 ιι
327 2717 443 2783 Seneca
458 2719 613 2797 adfirmat,
629 2743 723 2803 quum
738 2722 838 2784 statim
851 2720 910 2784 hoc
925 2734 1086 2804 repetens,
1107 2719 1170 2792 ait,

93 2851 109 2878 ιι
122 2822 325 2902 Parmenidi,
341 2825 416 2886 nihil
435 2846 522 2902 esse,
539 2839 651 2908 prater
664 2849 766 2890 unum.
781 2857 796 2880 ιι
811 2825 898 2896 Plato
921 2827 1110 2902 clarissime,
1134 2827 1172 2886 dc

90 2929 225 2994 hlelisso
240 2943 273 2993 et
284 2929 488 2996 Par-menide:
506 2959 520 2988 ιι
529 2931 634 2994 Unum
648 2933 756 2996 stabile
769 2935 871 2996 dicunt
885 2934 1069 2995 universum.
1078 2957 1093 2985 n
1107 2930 1173 2994 lte-

90 3057 224 3118 rnrnqne
238 3039 278 3099 de
292 3037 400 3098 iisdem
419 3061 425 3096 :
442 3033 585 3100 «Omnia
603 3039 639 3100 iis
654 3060 747 3100 uuum
760 3053 848 3116 sunt,
864 3053 953 3121 atque
965 3040 996 3101 id
1007 3051 1064 3101 stat
1078 3039 1109 3100 in
1121 3059 1173 3100 se-

88 3145 182 3228 ipso,
201 3165 300 3226 qutun
322 3143 424 3208 locum
445 3165 507 3207 non
527 3145 638 3208 haheat
658 3146 711 3212 ubi
732 3160 928 3210 moveatur.»
953 3146 1012 3227 (ln
1034 3145 1172 3222 Thcaet.)

89 3251 220 3336 Duplex
236 3252 329 3336 igitur
345 3254 490 3317 sententia
503 3299 513 3329 ,
530 3267 560 3317 et
582 3283 597 3310 ιι
609 3277 703 3318 unum
714 3255 817 3318 omnia
831 3279 838 3314 ε
853 3283 868 3310 ιι
886 3256 1004 3318 etitem
1021 3253 1173 3316 lmmohi-

88 3361 133 3422 lia
145 3405 155 3438 ‚
166 3361 255 3441 qnod
264 3357 442 3423 Plutarchus
452 3361 526 3424 alibi
540 3363 647 3426 iisdem
660 3363 805 3446 adsignat
815 3361 877 3444 Qui
888 3361 1053 3438 idcmhoc‚
1063 3363 1101 3422 de
1111 3381 1172 3441 quo

86 3464 214 3530 Seneca
226 3511 237 3536 ,
253 3463 361 3528 difflue
372 3467 520 3550 explicat,
541 3481 571 3530 et
583 3469 715 3532 defendit
727 3468 808 3532 libro
821 3481 927 3532 contra
938 3464 1081 3532 Colotern
1094 3461 1172 3547 Epi-

87 3595 236 3637 curernu.
249 3568 377 3634 Summa
391 3587 455 3650 est,
469 3602 485 3630 ιι
492 3572 707 3638 Parmenidem
717 3597 786 3638 ctnu
799 3573 942 3648 Socrate,
955 3576 1008 3637 sed
1022 3586 1091 3634 ante
1103 3594 1173 3633 eum

85 3680 263 3743 advertisse
276 3678 615 3765 dagmarinopinahile,
633 3681 664 3742 in
682 3695 789 3744 natura
807 3703 893 3752 esse3
916 3682 1047 3761 itemque
1064 3682 1172 3752 νοητὸν,

88 3785 318 3850 Intellectuale.
329 3784 410 3848 lllud
420 3787 546 3850 inmotu
557 3787 692 3864 assiduo,
705 3789 882 3864 etruriam,
896 3799 927 3848 ct
936 3786 1023 3848 atteri
1031 3799 1061 3846 et
1069 3784 1151 3846 nasci
1165 3807 1172 3841 :

86 3893 152 3956 hoc
168 3893 318 3970 minime,
331 3907 362 3955 et
371 3905 512 3957 constans
526 3915 562 3958 ac
576 3907 755 3978 perpetuum
769 3894 908 3974 idemque
925 3914 1000 3955 esse.
1017 3889 1091 3953 ldco
1102 3912 1174 3951 vere

86 3997 173 4061 Esse
189 4000 268 4076 dici,
287 4012 318 4060 et
335 4021 432 4064 unum
453 4020 519 4064 csse
543 4025 550 4057 τ
575 4013 678 4082 estque
692 4001 821 4084 proinde
835 4020 870 4062 ac
885 4000 1021 4076 sidicat,
1040 4003 1070 4061 τὸ
1085 4003 1112 4060 ὅν
1125 4001 1171 4058 ἔνι

86 4105 200 4168 Unum
221 4126 286 4168 cns.
296 4135 311 4160 ιι
337 4105 406 4190 (De
428 4105 535 4172 Placit.
548 4105 626 4168 Phil.
649 4107 676 4184 l,
699 4130 725 4170 e.
747 4108 818 4184 al.)
839 4106 883 4168 lta
905 4104 1102 4176 Plutarchus,
1119 4125 1176 4164 nec

87 4213 183 4274 valde
198 4213 240 4275 ah
253 4213 312 4277 hoc
327 4235 419 4278 sensu
433 4211 615 4300 Pythagorei
636 4213 748 4276 abeunt
766 4215 817 4295 qui
839 4242 853 4267 «
866 4234 973 4274 eorum
989 4234 1053 4292 quase
1071 4231 1127 4293 per
1143 4231 1175 4270 se

86 4319 305 4404 intelliguntur
318 4341 416 4406 genus
432 4321 613 4384 constituunt
624 4365 633 4400 ,
644 4319 760 4382 Unum.
771 4347 785 4374 ιι
800 4319 895 4401 (Λᾶν.
906 4317 1076 4394 Matltem.)
1086 4311 1178 4396 Quod
