2930 4956
277 496 347 566 AD
372 495 543 568 STOIC.
570 496 777 567 PHILOS.
806 496 903 566 LlB.
929 501 958 566 l.
1107 501 1155 570 lix

95 637 179 702 libros
196 640 320 722 quidem
337 660 453 723 panem
472 639 610 724 scripsit,
637 641 691 702 sed
704 640 877 725 complures
892 641 1014 724 reliquit
1022 641 1159 726 discipu-

95 745 166 810 los.»
178 743 350 822 Eusebius,
365 747 418 810 ubi
432 743 638 834 Chrysippmu
647 748 851 823 nominasset,
867 749 971 810 addit:
987 776 1002 804 ιι
1012 747 1094 810 Nam
1104 748 1160 812 hu-

92 854 132 932 jrs
146 849 346 938 (OErysippi)
363 852 544 937 discipulum
559 866 590 914 et
604 873 811 916 successorem
822 855 998 927 Zenonem,
1013 855 1097 916 aiunt
1106 856 1160 926 du-

92 958 191 1021 litaase
197 981 293 1042 super
301 958 434 1022 universi
445 957 688 1042 conflagratione.
695 957 809 1036 »(Lih.
816 957 880 1020 XV
887 957 1019 1044 Praepar.
1027 957 1158 1044 Evaug.)

91 1062 202 1128 Delsoc
215 1066 285 1149 ipso
304 1063 432 1142 Suidas,
454 1078 484 1128 et
498 1065 665 1128 dubitantm
686 1068 723 1128 de
743 1067 841 1149 patria
862 1067 992 1129 ostendit
1013 1091 1020 1128 ι
1043 1093 1059 1122 u
1072 1067 1157 1130 Zeno

89 1167 274 1234 Dioscuridis
288 1171 383 1249 tilius,
397 1171 559 1236 Tarsensis
575 1195 583 1232 ε
600 1185 634 1232 ut
646 1191 720 1234 vero
734 1173 873 1253 quidam,
889 1171 1048 1247 Sidonius,
1064 1173 1157 1236 disci-

88 1275 169 1357 pulus
182 1274 352 1363 Chrysippi
365 1277 544 1354 Tarsensis,
554 1275 733 1362 Philosophi
742 1277 852 1356 Stoici,
868 1293 898 1341 et
909 1299 1092 1342 successor.»
1106 1277 1159 1342 Ab

89 1385 190 1446 οοάειιι
202 1385 332 1448 doctore

122 1488 293 1552 usmarus
319 1534 328 1563 ,
362 1503 563 1574 cognomento
583 1488 810 1578 ,Babyloniust
838 1511 901 1553 non
927 1491 997 1574 qtria
1022 1513 1094 1555 vere
1114 1491 1159 1555 ibi

87 1611 185 1675 natus,
205 1599 262 1660 secl
278 1596 410 1660 aricino
424 1611 455 1659 et
468 1599 587 1661 notiore
601 1598 671 1662 loco
688 1599 731 1661 sic
744 1599 858 1677 dictus!
869 1596 1009 1662 Laertius
1033 1622 1042 1660 ε
1061 1627 1076 1653 s
1085 1596 1160 1662 Fuit

87 1719 114 1767 et
132 1703 292 1788 Diogenes
317 1701 437 1766 Stoicus
462 1725 498 1766 er
523 1701 662 1768 Seleucia
680 1705 823 1768 oriundus
844 1728 852 1765 ι
875 1708 928 1768 scd
948 1705 1156 1793 Babylonius,

87 1812 124 1874 ol)
142 1812 309 1888 viciniam,
331 1814 593 1896 cognominatus.»
618 1812 676 1892 (ln
697 1813 770 1875 Vita
788 1812 880 1897 Diog-
895 1811 1011 1898 Cynici.
1027 1813 1159 1901 >Chry-

86 1919 158 2002 sippi
189 1918 314 1981 auditor
341 1917 397 1980 luit
426 1941 434 1977 ε
464 1947 479 1974 α
493 1917 625 2003 Magnus
649 1932 680 1982 et
703 1919 802 2004 gravis
826 1917 945 1982 Stoicus
965 1948 980 1976 »ι
1014 1919 1158 1985 Ciceroni

87 2025 249 2109 insignitus.
260 2021 352 2104 (Cic.
367 2021 445 2087 IDe
454 2023 590 2087 Divinat.
602 2049 610 2096 ς
623 2023 670 2087 lll
680 2021 730 2089 De
739 2023 849 2108 ostie)
859 2023 987 2089 Factum
1001 2029 1081 2109 ejus,
1093 2028 1160 2110 phi-

85 2133 210 2216 losopho
227 2146 260 2194 et
272 2129 347 2194 Stoa
364 2133 509 2216 dignmn,
530 2133 562 2193 in
575 2129 693 2196 Seneca
718 2155 725 2192 ε
750 2131 908 2216 «Diogeni
929 2130 1033 2196 Stoico
1051 2135 1088 2196 de
1106 2132 1156 2195 lra

86 2262 173 2320 quum
183 2239 322 2300 maxime
336 2238 494 2300 disserenti
507 2237 682 2301 adolescens
694 2251 853 2321 protervus
868 2238 989 2322 inspuit.
1004 2238 1088 2302 Tulit
1097 2238 1157 2302 hoc

87 2345 189 2408 leniter
203 2367 243 2408 ac
257 2345 412 2428 sapienter
423 2367 431 2404 ε
442 2343 515 2410 Non
528 2345 672 2427 quidem,
694 2345 809 2427 inquit,
831 2345 947 2410 irascor
959 2391 969 2422 ,
985 2348 1037 2409 sed
1051 2347 1157 2409 dubito
1239 2401 1244 2406 .

84 2468 183 2516 tamen
211 2474 254 2514 an
277 2452 368 2516 irasci
389 2465 536 2536 oporteat.
559 2479 575 2506 n
594 2449 669 2535 (De
685 2449 736 2514 Ira
753 2449 821 2530 111,
841 2473 907 2536 cap.
927 2451 1002 2533 38.)
1021 2451 1157 2518 Stoicum

84 2561 259 2645 agnominat
266 2574 402 2632 tanturm
417 2572 448 2622 et
461 2559 505 2623 sic
515 2579 593 2644 saepe
604 2560 636 2620 in
650 2555 789 2636 stoliaco,
806 2573 894 2642 atque
908 2561 988 2622 lumc
998 2574 1080 2644 puto.
1095 2559 1159 2624 Ro-

85 2689 137 2728 nn
150 2667 228 2744 suit,
249 2667 387 2750 legatus,
409 2667 447 2728 de
465 2685 524 2747 quo
538 2663 649 2728 Cicero
668 2687 675 2722 ι
695 2693 710 2719 α
721 2663 815 2726 Lrelio
830 2679 860 2728 et
876 2664 1018 2749 Scipione
1034 2667 1156 2729 adoles-

84 2773 218 2836 centibus
229 2818 239 2850 ,
255 2770 391 2836 Stoicmn
404 2770 595 2855 Diogenem,
613 2783 643 2832 et
655 2769 873 2834 Academicum
886 2769 1092 2848 Carneadem,
1108 2773 1157 2834 vi-

84 2881 140 2940 deo
150 2876 634 2942 adSeoammahAtheniensilsus
643 2875 759 2960 legatos
773 2897 838 2939 esse
850 2877 960 2940 missos
974 2899 982 2937 ι
996 2878 1049 2959 qui
1062 2899 1156 2960 quum

84 2988 159 3069 reip.
179 2985 300 3048 nullam
312 3005 445 3068 unquam
460 2997 580 3069 partem
596 2983 785 3068 attigissent,
804 2997 941 3066 essetque
955 3005 1061 3048 eorum
1078 2986 1157 3049 alter

84 3091 264 3180 Cyrenas,
288 3093 365 3155 alter
378 3091 585 3179 Babylonium
602 3110 757 3172 nunquam
778 3089 915 3173 prolecto
932 3091 1043 3154 scholis
1056 3103 1156 3154 essent

83 3201 218 3274 excitati,
239 3221 337 3282 neque
353 3201 391 3261 ad
406 3199 482 3261 illud
497 3219 607 3260 munus
621 3197 710 3260 electi
729 3197 789 3260 nisi
804 3198 836 3259 in
849 3197 1029 3281 quibusdam
1044 3199 1157 3282 princi-

83 3305 171 3389 pibus
191 3303 387 3386 (Romanis)
407 3303 596 3388 temporibus
623 3301 684 3366 illis
709 3302 835 3366 fuissent
858 3304 955 3366 studia
979 3306 1154 3367 doctrine.»

82 3410 149 3492 (tv
160 3409 279 3491 tuse)
294 3409 355 3474 Sed
368 3412 447 3474 addo
465 3411 574 3485 etiam,
590 3406 782 3473 Carneadem
795 3408 875 3472 hunc
892 3410 1072 3494 discipulum
1079 3408 1158 3472 Dio·

82 3519 166 3601 genis
183 3521 249 3601 ejus
269 3517 369 3580 luisse.
383 3513 432 3578 Er
452 3517 520 3600 ipso
540 3513 691 3580 Cicerone
707 3538 715 3576 t
738 3543 754 3570 a
765 3513 869 3598 Quum
886 3517 998 3597 aliquid
1008 3515 1155 3600 ejusmodi

83 3625 489 3704 inciderancaoiltannnmet
498 3621 656 3704 optinorum)
665 3669 674 3700 ,
684 3619 1155 3687 sicludereCarneadessolebatt

83 3729 115 3793 Si
128 3745 210 3795 recte
226 3729 381 3806 conclusi,
397 3744 506 3802 teneo;
522 3729 570 3792 sin
585 3728 713 3803 vitiose,
731 3728 849 3791 minam
859 3727 1016 3813 Diogenes
1031 3731 1155 3803 reddetr

85 3837 122 3898 als
140 3859 179 3899 eo
200 3837 284 3899 enim
304 3834 407 3899 Stoico
420 3833 621 3899 Dialecticam
631 3835 785 3898 didicerat.
804 3833 905 3915 »(1v
919 3835 1014 3899 Acad.
1025 3834 1159 3918 Quaest)

89 3942 165 4007 lluic
177 3943 297 4006 auditor
311 3963 523 4024 successorque
538 3941 594 4004 tait

123 4051 314 4114 &emersu
327 4049 482 4128 Sidonius,
495 4071 586 4131 quem
600 4045 738 4112 Lale'rtius
753 4048 785 4110 in
800 4048 940 4127 Zenone,
959 4062 1049 4131 atque
1063 4050 1154 4129 alibi,

87 4159 227 4219 nominat
241 4156 293 4221 De
306 4157 463 4240 disciplina
474 4178 492 4217 a
505 4154 666 4240 Diogene,
680 4153 791 4218 Cicero
805 4169 910 4220 auctor
924 4179 931 4216 :
950 4184 965 4211 «ι
977 4155 1069 4218 Aliud
1078 4154 1157 4218 Dio·

87 4267 152 4347 geni
164 4265 336 4352 Babylonio
350 4265 445 4328 videri
457 4264 550 4340 solet,
566 4263 648 4325 alind
660 4260 824 4346 Antipatro
838 4255 986 4348 dis'oipulo
1002 4265 1083 4347 ejus,
1100 4264 1162 4326 ho·
1215 4317 1219 4326 ,
1264 4265 1268 4274 “

88 4371 344 4438 miniacutissimo.
361 4399 377 4426 n
387 4369 448 4449 (lll
459 4367 618 4452 DeOlfic.)
627 4367 726 4453 Atque
734 4368 807 4433 alibi
817 4371 849 4432 in
858 4371 966 4456 primis
974 4369 1153 4434 Dialecticis
