2930 4956
283 449 351 518 ati)
374 447 545 528 STOIC.
572 447 769 521 PHILOS.
795 447 890 518 LIB.
918 449 947 518 1.
1061 447 1156 516 inis

102 593 253 657 salutarim
267 595 459 656 monitorum
474 591 584 674 ubique
598 593 754 676 sparsisse.
770 591 914 675 Ubique,
935 610 1007 654 uam
1021 603 1052 654 et
1069 592 1102 652 in
1117 613 1156 654 eo

102 722 157 762 vera
169 700 293 764 istorum
311 701 453 785 gloriatio
469 713 518 764 est
538 723 545 760 :
571 728 585 753 α
595 697 668 764 Nou
684 713 729 762 est
740 691 821 781 ipuod
833 700 935 784 exigas
948 697 1091 782 Repetite
1102 712 1156 762 aut

102 799 245 890 Esterpta;
282 807 459 871 continuum
478 819 524 868 est
547 807 626 888 apud
647 819 787 877 nostros,
809 806 954 890 quidquid
972 807 1052 890 apud
1077 805 1155 868 alios

99 913 254 996 excerpitur.
275 912 350 975 Non
369 913 517 976 habemus
530 912 586 975 ista
604 911 778 990 oeuliieria,
799 933 856 976 uec
880 927 1051 997 emptorem
1069 913 1155 976 deei-

97 1019 195 1102 pitnns,
214 1019 294 1082 nihil
313 1022 505 1084 inventurum
520 1042 613 1102 qutun
636 1021 811 1096 intraverit,
833 1034 942 1105 praeter
962 1020 1015 1082 illa
1037 1041 1102 1102 quae
1121 1021 1153 1082 in

95 1127 176 1189 ironte
189 1137 336 1213 suspensa
350 1142 429 1191 suut.
445 1129 646 1210 Quocumque
656 1129 776 1191 miseris
787 1128 924 1206 oculum,
937 1128 968 1190 id
979 1127 1035 1190 tibi
1048 1148 1153 1190 oceur-

93 1247 128 1293 ret
142 1238 215 1315 quod
236 1235 377 1298 eminere
398 1250 517 1319 posset,
538 1235 597 1297 nisi
618 1237 698 1297 inter
715 1236 801 1320 paria
818 1237 1002 1321 legeretur.n
1019 1233 1151 1316 (Senes.

92 1337 173 1422 Epist.
188 1359 302 1404 xxxnt.
343 1340 376 1404 Ο
389 1363 480 1424 quam
500 1363 571 1404 vera
592 1341 673 1419 brec,
697 1344 735 1404 de
752 1343 818 1426 ipso
835 1341 975 1426 inprimis
992 1341 1043 1423 qui
1058 1341 1149 1418 aicit,

91 1451 273 1510 asseratur!
299 1447 422 1530 Ubique
445 1449 531 1524 altre,
555 1467 659 1522 aeres,
683 1448 825 1512 lerientes
843 1450 978 1531 qmdam
995 1448 1149 1511 sententiae

91 1565 163 1628 sunt,
184 1567 213 1615 et
237 1555 401 1617 utilissima
421 1557 536 1618 monita
560 1567 612 1618 not
632 1557 851 1620 meditamenta
872 1557 1055 1618 animorum.
1074 1555 1149 1617 Jam

89 1679 149 1720 reru
158 1661 195 1722 ad
208 1659 346 1724 Civilem
362 1663 454 1724 etiam
468 1663 651 1740 doctrinam,
665 1685 730 1746 quae
746 1661 847 1746 Reges
857 1661 1073 1746 Prinoipesque
1083 1675 1150 1724 tan-

88 1764 134 1846 git,
144 1765 213 1828 istos
225 1769 363 1831 maxime
378 1769 468 1832 ivisse
477 1770 667 1853 etpraeieisse
678 1815 687 1846 ,
699 1771 882 1852 scriptorum
891 1769 1017 1831 illorum
1030 1767 1149 1832 ludices

86 1870 148 1932 mili
164 1871 278 1935 dieunt.
292 1871 393 1950 Vide,
419 1877 527 1950 sodes,
551 1877 631 1959 apud
650 1873 806 1937 laertium
819 1873 869 1936 vel
881 1873 1016 1936 Zenonis
1032 1875 1146 1952 libros,

87 1977 125 2037 rel
137 1975 310 2056 Cleanthis,
327 1994 357 2044 et
366 1978 531 2067 Chrysippi
544 2003 552 2043 t
568 1983 669 2045 statim
684 1994 860 2058 occurrent,
877 1981 974 2053 tituli,
990 1981 1036 2042 De
1046 1983 1147 2064 Repra-

85 2083 160 2162 liieu,
172 2085 217 2148 De
234 2087 374 2166 Legibus,
392 2087 443 2148 De
457 2087 598 2164 Comtlrit,
611 2100 643 2150 et
657 2088 734 2150 talia'
747 2109 811 2169 quae
825 2089 864 2149 ad
876 2087 1014 2171 regimen
1030 2100 1083 2148 aut
1095 2099 1148 2147 tu-

85 2189 162 2252 telam
182 2193 297 2256 iaciunt
316 2193 437 2277 generis
451 2195 587 2257 huutani.
601 2193 685 2274 Quid
699 2193 948 2256 dissimulandum
964 2193 1030 2255 est?
1046 2193 1147 2256 diviua

82 2291 286 2376 Providentia,
310 2299 485 2381 priusquam
501 2299 601 2362 lucem
617 2297 778 2384 Sapientia
796 2299 941 2383 plenam,
961 2298 1054 2362 missa
1080 2299 1145 2382 ipsa

80 2397 222 2486 Sapientia
237 2405 285 2483 (id
298 2417 365 2482 est,
381 2402 492 2483 Filio),
507 2405 597 2468 nobis
615 2419 790 2490 spargeret3
805 2405 862 2469 bos
876 2405 952 2468 tales
967 2405 1145 2488 praemisisse

78 2507 204 2586 videtur,
230 2523 265 2572 ut
286 2511 432 2574 scintillas
453 2513 518 2593 ejus
537 2512 722 2589 allucerent,
738 2525 770 2574 et
785 2533 926 2576 errorum
944 2512 1145 2594 vitiorumque

78 2611 252 2680 Cimmerias
269 2621 417 2698 quasdam
430 2619 571 2688 tenebras
581 2633 730 2682 arcerent.
740 2617 846 2680 Unum
859 2633 922 2696 est,
939 2619 971 2679 in
984 2638 1044 2699 quo
1058 2631 1144 2680 caute

77 2719 211 2802 legendos
223 2723 448 2805 audiendosque
457 2723 555 2785 fateor
567 2747 574 2783 ι
586 2723 712 2786 altitudo
722 2745 863 2786 sensuum
875 2737 926 2785 aut
934 2726 1142 2800 decretorum,

76 2827 220 2890 interdurn
230 2829 346 2906 nimia,
363 2821 472 2910 etque
486 2827 724 2892 imbecillitatem
737 2831 816 2892 hane
826 2831 922 2891 nostri
932 2829 1050 2914 generis
1064 2829 1144 2892 vide-

75 2942 118 2991 tur
131 2953 285 3016 superare.
302 2932 420 2998 Senem
441 2948 470 2996 et
485 2935 589 3016 objicit
606 2935 684 3010 sibi,
709 2949 739 2997 et
753 2935 851 3018 rejicit
868 2956 876 2994 s
892 2933 964 2997 lieet
978 2935 1143 2998 audiamus.

75 3036 193 3100 «Nimis
215 3039 276 3101 alta
297 3039 489 3123 promittitis,
513 3041 668 3122 inquiunt,
689 3041 780 3103 nimis
796 3043 871 3104 dura
890 3040 1059 3125 praecipitis
1076 3039 1144 3103 Nos
1256 3097 1260 3106 .

71 3139 285 3208 homunciones
300 3167 422 3223 summ,
437 3147 539 3208 omnia
554 3165 667 3231 negare
680 3147 769 3209 nobis
782 3167 844 3208 non
857 3165 1027 3230 possumus.
1039 3173 1054 3200 r·
1065 3145 1143 3209 lies-

70 3253 178 3332 ponder
196 3254 304 3316 deiude
328 3277 336 3312 r
357 3281 373 3307 κ
384 3253 469 3315 Vatia
482 3265 604 3330 nostra,
621 3254 692 3336 quia
706 3273 863 3329 amamus,
880 3252 1070 3315 defendimus
1087 3277 1095 3312 ι
1111 3249 1143 3316 et

69 3359 217 3422 malsonus
237 3381 381 3424 exeumre
403 3359 478 3437 iila,
501 3379 594 3441 quarn
614 3372 763 3423 excutere.
790 3358 883 3421 Nolle
904 3359 935 3419 in
956 3375 1048 3421 causa
1073 3372 1138 3434 est,

68 3483 124 3524 uon
136 3485 229 3548 posse
242 3466 473 3548 praetenditur.»
495 3463 616 3549 (Epist.
635 3468 746 3543 ortvs.)
761 3463 841 3526 Vide
856 3457 896 3526 ne
911 3465 943 3525 iu
961 3463 1064 3525 multis
1082 3461 1142 3525 boo

68 3591 170 3632 rerum
186 3573 225 3632 sit
239 3585 293 3648 ,et
307 3573 401 3636 nimia
415 3572 589 3648 videantur,
605 3572 675 3654 quia
689 3591 746 3633 uos
760 3570 791 3631 in
806 3570 922 3633 deliciis
933 3583 986 3631 aut
997 3569 1076 3630 uitiis
1088 3569 1140 3630 ui·

68 3679 116 3738 mii
128 3699 245 3741 snrnus.
259 3677 323 3740 Sed
336 3692 420 3755 esto,
436 3679 497 3740 siut
506 3678 629 3762 praealta
642 3679 734 3760 :quid
747 3675 850 3740 vocari
861 3678 900 3738 ad
913 3697 949 3738 ea
959 3688 1065 3752 nocet,
1078 3694 1141 3737 non

66 3797 279 3864 perventurum
294 3785 307 3846 i
322 3783 366 3847 Ut
385 3784 478 3866 isqui
499 3785 655 3867 exemplar
670 3783 728 3846 sibi
747 3782 909 3868 proponit,
921 3783 1141 3846 emendatissi-

67 3911 146 3952 tttttrn
161 3892 267 3976 cupit,
292 3891 349 3954 etsi
371 3890 451 3952 inira
471 3890 704 3958 itinerantium
724 3913 731 3947 :
749 3890 811 3951 tale
829 3883 884 3952 hic¹
898 3902 961 3965 est,
983 3889 1141 3952 audiamus

66 4001 180 4080 optima
192 4023 201 4076 3
215 4001 380 4062 aruleamus
392 3999 510 4083 optima
521 3999 596 4068 ,etsi
609 3997 816 4063 imbecillitate
828 3997 886 4058 bae
900 3997 987 4060 insita
997 3996 1140 4058 retrabe-

66 4125 139 4166 utur.
154 4105 219 4168 Sed
233 4109 270 4168 de
283 4105 342 4168 isto
357 4105 431 4167 alibi
445 4131 452 4164 :
468 4125 549 4167 nune
562 4106 643 4186 quod
657 4105 729 4181 dixi,
748 4102 895 4179 adfirmo,
912 4103 1139 4188 magnanimem

67 4225 92 4270 et
107 4213 288 4295 altiloquam
302 4212 381 4276 bane
395 4225 491 4276 totam
504 4209 734 4295 Philosophiam
748 4211 917 4272 eminenter
931 4231 1008 4272 esse.
1022 4209 1137 4272 Noster

68 4317 138 4381 alibi
161 4321 284 4404 egregie
316 4345 323 4378 ε
354 4321 513 4384 «Taetrum
536 4321 682 4383 interesse
700 4320 780 4382 inter
800 4317 943 4396 Stoicos,
965 4331 997 4380 et
1023 4330 1141 4384 eeteros
