<?xml version="1.0" encoding="UTF-8"?>
<!DOCTYPE html PUBLIC "-//W3C//DTD XHTML 1.0 Transitional//EN"
    "http://www.w3.org/TR/xhtml1/DTD/xhtml1-transitional.dtd">
<html xmlns="http://www.w3.org/1999/xhtml" xml:lang="en" lang="en">
 <head>
  <title>
</title>
<meta http-equiv="Content-Type" content="text/html;charset=utf-8" />
  <meta name='ocr-system' content='tesseract 3.04.00' />
  <meta name='ocr-capabilities' content='ocr_page ocr_carea ocr_par ocr_line ocrx_word'/>
</head>
<body>
  <div class='ocr_page' id='page_1' title='image "./lannsenecparspr01bouigoog_0230.png"; bbox 0 0 2896 4958; ppageno 0'>
   <div class='ocr_carea' id='block_1_1' title="bbox 234 430 1137 520">
    <p class='ocr_par' dir='ltr' id='par_1_1' title="bbox 234 430 1137 520">
     <span class='ocr_line' id='line_1_1' title="bbox 234 430 1137 520; baseline 0.004 -22"><span class='ocrx_word' id='word_1_1' title='bbox 234 431 300 498; x_wconf 79' lang='lat' dir='ltr'>AD</span> <span class='ocrx_word' id='word_1_2' title='bbox 323 430 496 500; x_wconf 86' lang='lat' dir='ltr'>STOIC.</span> <span class='ocrx_word' id='word_1_3' title='bbox 522 430 733 500; x_wconf 82' lang='lat' dir='ltr'>PHILOS.</span> <span class='ocrx_word' id='word_1_4' title='bbox 760 431 859 499; x_wconf 89' lang='lat' dir='ltr'>LIB.</span> <span class='ocrx_word' id='word_1_5' title='bbox 885 432 960 499; x_wconf 92' lang='lat'>111.</span> <span class='ocrx_word' id='word_1_6' title='bbox 1045 439 1137 520; x_wconf 79' lang='lat' dir='ltr'>ccxxj</span> 
     </span>
    </p>
   </div>
   <div class='ocr_carea' id='block_1_2' title="bbox 370 671 832 736">
    <p class='ocr_par' dir='ltr' id='par_1_2' title="bbox 370 671 832 736">
     <span class='ocr_line' id='line_1_2' title="bbox 370 671 832 736; baseline 0.002 -1"><span class='ocrx_word' id='word_1_7' title='bbox 370 671 708 736; x_wconf 80' lang='lat' dir='ltr'>DISSERTATIO</span> <span class='ocrx_word' id='word_1_8' title='bbox 734 674 832 736; x_wconf 86' lang='lat' dir='ltr'><strong>XIX.</strong></span> 
     </span>
    </p>
   </div>
   <div class='ocr_carea' id='block_1_3' title="bbox 79 813 1125 985">
    <p class='ocr_par' dir='ltr' id='par_1_3' title="bbox 79 813 1125 985">
     <span class='ocr_line' id='line_1_3' title="bbox 79 813 1125 900; baseline 0.01 -28"><span class='ocrx_word' id='word_1_9' title='bbox 79 813 139 873; x_wconf 85' lang='lat' dir='ltr'>Duo</span> <span class='ocrx_word' id='word_1_10' title='bbox 153 819 211 877; x_wconf 82' lang='lat' dir='ltr'>aliu</span> <span class='ocrx_word' id='word_1_11' title='bbox 228 817 401 890; x_wconf 78' lang='lat' dir='ltr'>Parodana,</span> <span class='ocrx_word' id='word_1_12' title='bbox 420 827 506 900; x_wconf 79' lang='lat' dir='ltr'>atque</span> <span class='ocrx_word' id='word_1_13' title='bbox 522 820 606 878; x_wconf 83' lang='lat' dir='ltr'>etium</span> <span class='ocrx_word' id='word_1_14' title='bbox 621 819 761 896; x_wconf 86' lang='lat' dir='ltr'>Porologu</span> <span class='ocrx_word' id='word_1_15' title='bbox 774 819 877 879; x_wconf 67' lang='lat' dir='ltr'>nodis:</span> <span class='ocrx_word' id='word_1_16' title='bbox 893 817 961 878; x_wconf 86' lang='lat' dir='ltr'>Non</span> <span class='ocrx_word' id='word_1_17' title='bbox 976 823 1125 899; x_wconf 73' lang='lat' dir='ltr'>ignoscere,</span> 
     </span>
     <span class='ocr_line' id='line_1_4' title="bbox 490 922 709 985; baseline -0.005 -2"><span class='ocrx_word' id='word_1_18' title='bbox 490 922 559 983; x_wconf 88' lang='lat' dir='ltr'>Non</span> <span class='ocrx_word' id='word_1_19' title='bbox 576 927 709 985; x_wconf 78' lang='lat' dir='ltr'>miseren&#39;.</span> 
     </span>
    </p>
   </div>
   <div class='ocr_carea' id='block_1_4' title="bbox 60 1100 1179 4362">
    <p class='ocr_par' dir='ltr' id='par_1_4' title="bbox 75 1100 1138 1396">
     <span class='ocr_line' id='line_1_5' title="bbox 113 1100 1136 1192; baseline 0.011 -32"><span class='ocrx_word' id='word_1_20' title='bbox 113 1100 223 1174; x_wconf 76' lang='lat' dir='ltr'>Ancon</span> <span class='ocrx_word' id='word_1_21' title='bbox 240 1103 304 1166; x_wconf 76' lang='lat' dir='ltr'>haer</span> <span class='ocrx_word' id='word_1_22' title='bbox 325 1125 419 1187; x_wconf 84' lang='lat' dir='ltr'>parva</span> <span class='ocrx_word' id='word_1_23' title='bbox 439 1107 588 1182; x_wconf 78' lang='lat' dir='ltr'>sortasse,</span> <span class='ocrx_word' id='word_1_24' title='bbox 609 1127 648 1166; x_wconf 89' lang='lat' dir='ltr'>an</span> <span class='ocrx_word' id='word_1_25' title='bbox 663 1119 692 1170; x_wconf 91' lang='lat' dir='ltr'>et</span> <span class='ocrx_word' id='word_1_26' title='bbox 706 1126 799 1188; x_wconf 85' lang='lat' dir='ltr'>prava</span> <span class='ocrx_word' id='word_1_27' title='bbox 819 1108 953 1186; x_wconf 85' lang='lat' dir='ltr'>quaedam</span> <span class='ocrx_word' id='word_1_28' title='bbox 970 1107 1136 1192; x_wconf 69' lang='lat' dir='ltr'>subjungo?</span> 
     </span>
     <span class='ocr_line' id='line_1_6' title="bbox 75 1204 1138 1276; baseline 0.011 -12"><span class='ocrx_word' id='word_1_29' title='bbox 75 1204 182 1268; x_wconf 82' lang='lat' dir='ltr'>Nostro</span> <span class='ocrx_word' id='word_1_30' title='bbox 194 1222 224 1269; x_wconf 88' lang='lat' dir='ltr'>et</span> <span class='ocrx_word' id='word_1_31' title='bbox 235 1206 410 1272; x_wconf 88' lang='lat' dir='ltr'>Christiano</span> <span class='ocrx_word' id='word_1_32' title='bbox 424 1231 513 1272; x_wconf 88' lang='lat' dir='ltr'>seusu</span> <span class='ocrx_word' id='word_1_33' title='bbox 525 1212 565 1272; x_wconf 89' lang='lat' dir='ltr'>ita</span> <span class='ocrx_word' id='word_1_34' title='bbox 578 1225 663 1272; x_wconf 85' lang='lat' dir='ltr'>suot:</span> <span class='ocrx_word' id='word_1_35' title='bbox 677 1226 728 1272; x_wconf 87' lang='lat' dir='ltr'>aut</span> <span class='ocrx_word' id='word_1_36' title='bbox 740 1211 826 1274; x_wconf 85' lang='lat' dir='ltr'>valde</span> <span class='ocrx_word' id='word_1_37' title='bbox 837 1232 994 1274; x_wconf 80' lang='lat' dir='ltr'>necessum</span> <span class='ocrx_word' id='word_1_38' title='bbox 1005 1227 1050 1275; x_wconf 91' lang='lat' dir='ltr'>est</span> <span class='ocrx_word' id='word_1_39' title='bbox 1058 1212 1138 1276; x_wconf 89' lang='lat' dir='ltr'>flecti</span> 
     </span>
     <span class='ocr_line' id='line_1_7' title="bbox 75 1313 1031 1396; baseline 0.004 -21"><span class='ocrx_word' id='word_1_40' title='bbox 75 1313 331 1396; x_wconf 74' lang='lat' dir='ltr'>interpretatione,</span> <span class='ocrx_word' id='word_1_41' title='bbox 349 1331 380 1378; x_wconf 90' lang='lat' dir='ltr'>et</span> <span class='ocrx_word' id='word_1_42' title='bbox 394 1319 556 1380; x_wconf 84' lang='lat' dir='ltr'>emendari.</span> <span class='ocrx_word' id='word_1_43' title='bbox 569 1315 687 1379; x_wconf 88' lang='lat' dir='ltr'>Tamen</span> <span class='ocrx_word' id='word_1_44' title='bbox 701 1317 865 1378; x_wconf 85' lang='lat' dir='ltr'>rideamus.</span> <span class='ocrx_word' id='word_1_45' title='bbox 877 1313 1031 1394; x_wconf 87' lang='lat' dir='ltr'>Primum,</span> 
     </span>
    </p>

    <p class='ocr_par' dir='ltr' id='par_1_5' title="bbox 63 1421 1179 4151">
     <span class='ocr_line' id='line_1_8' title="bbox 109 1421 1137 1504; baseline 0.01 -26"><span class='ocrx_word' id='word_1_46' title='bbox 109 1423 268 1501; x_wconf 75' lang='lat' dir='ltr'>Sapientem</span> <span class='ocrx_word' id='word_1_47' title='bbox 279 1445 338 1482; x_wconf 85' lang='lat' dir='ltr'>non</span> <span class='ocrx_word' id='word_1_48' title='bbox 346 1428 500 1500; x_wconf 70' lang='lat' dir='ltr'>ignoscere·</span> <span class='ocrx_word' id='word_1_49' title='bbox 511 1421 671 1486; x_wconf 83' lang='lat' dir='ltr'>Stohaeaua</span> <span class='ocrx_word' id='word_1_50' title='bbox 685 1446 693 1482; x_wconf 81' lang='lat' dir='ltr'>t</span> <span class='ocrx_word' id='word_1_51' title='bbox 707 1449 721 1474; x_wconf 70' lang='lat' dir='ltr'>«c</span> <span class='ocrx_word' id='word_1_52' title='bbox 732 1421 825 1484; x_wconf 82' lang='lat' dir='ltr'>Aiunt</span> <span class='ocrx_word' id='word_1_53' title='bbox 842 1444 997 1504; x_wconf 87' lang='lat' dir='ltr'>nunquam</span> <span class='ocrx_word' id='word_1_54' title='bbox 1016 1425 1137 1488; x_wconf 83' lang='lat' dir='ltr'>veniam</span> 
     </span>
     <span class='ocr_line' id='line_1_9' title="bbox 73 1526 1134 1613; baseline 0.011 -29"><span class='ocrx_word' id='word_1_55' title='bbox 73 1527 138 1585; x_wconf 87' lang='lat' dir='ltr'>dare</span> <span class='ocrx_word' id='word_1_56' title='bbox 154 1540 207 1586; x_wconf 87' lang='lat' dir='ltr'>ant</span> <span class='ocrx_word' id='word_1_57' title='bbox 221 1526 378 1610; x_wconf 72' lang='lat' dir='ltr'>ignoscere</span> <span class='ocrx_word' id='word_1_58' title='bbox 396 1527 591 1612; x_wconf 83' lang='lat' dir='ltr'>Sapientem=</span> <span class='ocrx_word' id='word_1_59' title='bbox 612 1551 705 1610; x_wconf 55' lang='lat' dir='ltr'>mum</span> <span class='ocrx_word' id='word_1_60' title='bbox 719 1529 886 1604; x_wconf 86' lang='lat' dir='ltr'>existimet,</span> <span class='ocrx_word' id='word_1_61' title='bbox 905 1530 956 1610; x_wconf 91' lang='lat' dir='ltr'>qui</span> <span class='ocrx_word' id='word_1_62' title='bbox 979 1532 1134 1613; x_wconf 84' lang='lat' dir='ltr'>peccarit,</span> 
     </span>
     <span class='ocr_line' id='line_1_10' title="bbox 72 1635 1137 1721; baseline 0.011 -31"><span class='ocrx_word' id='word_1_63' title='bbox 72 1651 127 1690; x_wconf 89' lang='lat' dir='ltr'>non</span> <span class='ocrx_word' id='word_1_64' title='bbox 140 1645 248 1694; x_wconf 84' lang='lat' dir='ltr'>eontra</span> <span class='ocrx_word' id='word_1_65' title='bbox 265 1647 317 1694; x_wconf 87' lang='lat' dir='ltr'>aut</span> <span class='ocrx_word' id='word_1_66' title='bbox 329 1648 440 1716; x_wconf 76' lang='lat' dir='ltr'>praeter</span> <span class='ocrx_word' id='word_1_67' title='bbox 453 1647 586 1698; x_wconf 86' lang='lat' dir='ltr'>mentem</span> <span class='ocrx_word' id='word_1_68' title='bbox 599 1655 739 1720; x_wconf 80' lang='lat' dir='ltr'>peccasse</span> <span class='ocrx_word' id='word_1_69' title='bbox 753 1680 761 1711; x_wconf 92' lang='lat'>‚</span> <span class='ocrx_word' id='word_1_70' title='bbox 783 1635 921 1697; x_wconf 86' lang='lat' dir='ltr'>omuibus</span> <span class='ocrx_word' id='word_1_71' title='bbox 936 1636 1049 1700; x_wconf 87' lang='lat' dir='ltr'>scilicet</span> <span class='ocrx_word' id='word_1_72' title='bbox 1062 1659 1137 1721; x_wconf 87' lang='lat' dir='ltr'>pec-</span> 
     </span>
     <span class='ocr_line' id='line_1_11' title="bbox 72 1738 1136 1821; baseline 0.008 -24"><span class='ocrx_word' id='word_1_73' title='bbox 72 1738 202 1798; x_wconf 73' lang='lat' dir='ltr'>motibus</span> <span class='ocrx_word' id='word_1_74' title='bbox 213 1740 340 1821; x_wconf 91' lang='lat' dir='ltr'>propria</span> <span class='ocrx_word' id='word_1_75' title='bbox 352 1740 476 1802; x_wconf 88' lang='lat' dir='ltr'>malitia.</span> <span class='ocrx_word' id='word_1_76' title='bbox 490 1740 622 1821; x_wconf 80' lang='lat' dir='ltr'>Ideoque</span> <span class='ocrx_word' id='word_1_77' title='bbox 635 1753 665 1803; x_wconf 90' lang='lat' dir='ltr'>et</span> <span class='ocrx_word' id='word_1_78' title='bbox 678 1755 759 1804; x_wconf 89' lang='lat' dir='ltr'>recte</span> <span class='ocrx_word' id='word_1_79' title='bbox 777 1739 854 1816; x_wconf 75' lang='lat' dir='ltr'>eliel,</span> <span class='ocrx_word' id='word_1_80' title='bbox 871 1740 991 1802; x_wconf 87' lang='lat' dir='ltr'>reniam</span> <span class='ocrx_word' id='word_1_81' title='bbox 1007 1762 1069 1804; x_wconf 92' lang='lat' dir='ltr'>nou</span> <span class='ocrx_word' id='word_1_82' title='bbox 1086 1743 1136 1804; x_wconf 92' lang='lat' dir='ltr'>in·</span> 
     </span>
     <span class='ocr_line' id='line_1_12' title="bbox 73 1841 1135 1931; baseline 0.011 -31"><span class='ocrx_word' id='word_1_83' title='bbox 73 1841 189 1924; x_wconf 80' lang='lat' dir='ltr'>dulgere</span> <span class='ocrx_word' id='word_1_84' title='bbox 200 1845 429 1926; x_wconf 79' lang='lat' dir='ltr'>peccantibus.»</span> <span class='ocrx_word' id='word_1_85' title='bbox 441 1845 517 1908; x_wconf 82' lang='lat' dir='ltr'>Vult</span> <span class='ocrx_word' id='word_1_86' title='bbox 526 1847 656 1924; x_wconf 87' lang='lat' dir='ltr'>dictum,</span> <span class='ocrx_word' id='word_1_87' title='bbox 668 1848 789 1910; x_wconf 83' lang='lat' dir='ltr'>veniam</span> <span class='ocrx_word' id='word_1_88' title='bbox 799 1868 861 1909; x_wconf 90' lang='lat' dir='ltr'>non</span> <span class='ocrx_word' id='word_1_89' title='bbox 871 1849 983 1912; x_wconf 85' lang='lat' dir='ltr'>mereri</span> <span class='ocrx_word' id='word_1_90' title='bbox 996 1895 1005 1921; x_wconf 74' lang='lat'>,</span> <span class='ocrx_word' id='word_1_91' title='bbox 1018 1849 1075 1912; x_wconf 90' lang='lat' dir='ltr'>nisi</span> <span class='ocrx_word' id='word_1_92' title='bbox 1084 1851 1135 1931; x_wconf 90' lang='lat' dir='ltr'>qni</span> 
     </span>
     <span class='ocr_line' id='line_1_13' title="bbox 72 1949 1136 2036; baseline 0.008 -26"><span class='ocrx_word' id='word_1_93' title='bbox 72 1949 161 2030; x_wconf 88' lang='lat' dir='ltr'>ignari</span> <span class='ocrx_word' id='word_1_94' title='bbox 174 1963 351 2032; x_wconf 85' lang='lat' dir='ltr'>peccassent</span> <span class='ocrx_word' id='word_1_95' title='bbox 365 1974 372 2010; x_wconf 77' lang='grc' dir='ltr'><strong>ε</strong></span> <span class='ocrx_word' id='word_1_96' title='bbox 388 1971 480 2015; x_wconf 90' lang='lat' dir='ltr'>nemo</span> <span class='ocrx_word' id='word_1_97' title='bbox 490 1951 561 2016; x_wconf 84' lang='lat' dir='ltr'>facit</span> <span class='ocrx_word' id='word_1_98' title='bbox 577 1975 586 2011; x_wconf 73' lang='grc' dir='ltr'><strong>ε</strong></span> <span class='ocrx_word' id='word_1_99' title='bbox 600 1973 691 2014; x_wconf 86' lang='lat' dir='ltr'>nemo</span> <span class='ocrx_word' id='word_1_100' title='bbox 707 1974 779 2035; x_wconf 92' lang='lat' dir='ltr'>ergo</span> <span class='ocrx_word' id='word_1_101' title='bbox 791 1968 924 2016; x_wconf 90' lang='lat' dir='ltr'>meretur</span> <span class='ocrx_word' id='word_1_102' title='bbox 940 1978 947 2014; x_wconf 75' lang='grc' dir='ltr'><strong>ε</strong></span> <span class='ocrx_word' id='word_1_103' title='bbox 965 1975 1063 2036; x_wconf 89' lang='lat' dir='ltr'>neque</span> <span class='ocrx_word' id='word_1_104' title='bbox 1074 1953 1136 2018; x_wconf 89' lang='lat' dir='ltr'>Sa-</span> 
     </span>
     <span class='ocr_line' id='line_1_14' title="bbox 71 2054 1136 2144; baseline 0.008 -29"><span class='ocrx_word' id='word_1_105' title='bbox 71 2056 150 2137; x_wconf 82' lang='lat' dir='ltr'>piens</span> <span class='ocrx_word' id='word_1_106' title='bbox 159 2059 261 2118; x_wconf 89' lang='lat' dir='ltr'>donat.</span> <span class='ocrx_word' id='word_1_107' title='bbox 276 2054 386 2120; x_wconf 85' lang='lat' dir='ltr'>Cicero</span> <span class='ocrx_word' id='word_1_108' title='bbox 398 2057 456 2120; x_wconf 88' lang='lat' dir='ltr'>hoc</span> <span class='ocrx_word' id='word_1_109' title='bbox 467 2058 545 2122; x_wconf 90' lang='lat' dir='ltr'>inter</span> <span class='ocrx_word' id='word_1_110' title='bbox 560 2059 703 2122; x_wconf 88' lang='lat' dir='ltr'>immania</span> <span class='ocrx_word' id='word_1_111' title='bbox 715 2057 905 2134; x_wconf 86' lang='lat' dir='ltr'>Stoicorum,</span> <span class='ocrx_word' id='word_1_112' title='bbox 922 2063 975 2122; x_wconf 88' lang='lat' dir='ltr'>sed</span> <span class='ocrx_word' id='word_1_113' title='bbox 986 2064 1066 2144; x_wconf 90' lang='lat' dir='ltr'>apud</span> <span class='ocrx_word' id='word_1_114' title='bbox 1076 2082 1136 2144; x_wconf 90' lang='lat' dir='ltr'>po-</span> 
     </span>
     <span class='ocr_line' id='line_1_15' title="bbox 72 2163 1135 2249; baseline 0.006 -27"><span class='ocrx_word' id='word_1_115' title='bbox 72 2163 193 2244; x_wconf 87' lang='lat' dir='ltr'>pulum,</span> <span class='ocrx_word' id='word_1_116' title='bbox 211 2165 355 2225; x_wconf 88' lang='lat' dir='ltr'>damnat:</span> <span class='ocrx_word' id='word_1_117' title='bbox 370 2177 400 2224; x_wconf 90' lang='lat' dir='ltr'>et</span> <span class='ocrx_word' id='word_1_118' title='bbox 414 2185 535 2228; x_wconf 88' lang='lat' dir='ltr'>censam</span> <span class='ocrx_word' id='word_1_119' title='bbox 545 2177 645 2228; x_wconf 88' lang='lat' dir='ltr'>tamen</span> <span class='ocrx_word' id='word_1_120' title='bbox 661 2165 753 2228; x_wconf 86' lang='lat' dir='ltr'>aliam</span> <span class='ocrx_word' id='word_1_121' title='bbox 765 2169 829 2247; x_wconf 87' lang='lat' dir='ltr'>ejus</span> <span class='ocrx_word' id='word_1_122' title='bbox 842 2167 974 2249; x_wconf 88' lang='lat' dir='ltr'>apponit.</span> <span class='ocrx_word' id='word_1_123' title='bbox 988 2165 1135 2228; x_wconf 73' lang='lat' dir='ltr'>«Fatetur</span> 
     </span>
     <span class='ocr_line' id='line_1_16' title="bbox 71 2267 1135 2354; baseline 0.004 -26"><span class='ocrx_word' id='word_1_124' title='bbox 71 2267 172 2348; x_wconf 84' lang='lat' dir='ltr'>aliquis</span> <span class='ocrx_word' id='word_1_125' title='bbox 186 2290 217 2330; x_wconf 90' lang='lat' dir='ltr'>se</span> <span class='ocrx_word' id='word_1_126' title='bbox 230 2289 393 2350; x_wconf 88' lang='lat' dir='ltr'>peccasse,</span> <span class='ocrx_word' id='word_1_127' title='bbox 410 2283 440 2330; x_wconf 93' lang='lat' dir='ltr'>et</span> <span class='ocrx_word' id='word_1_128' title='bbox 450 2272 514 2351; x_wconf 87' lang='lat' dir='ltr'>ejus</span> <span class='ocrx_word' id='word_1_129' title='bbox 527 2270 628 2332; x_wconf 78' lang='lat' dir='ltr'>delicti</span> <span class='ocrx_word' id='word_1_130' title='bbox 638 2271 758 2332; x_wconf 86' lang='lat' dir='ltr'>reniam</span> <span class='ocrx_word' id='word_1_131' title='bbox 768 2271 862 2354; x_wconf 79' lang='lat' dir='ltr'>petiti</span> <span class='ocrx_word' id='word_1_132' title='bbox 875 2271 1025 2334; x_wconf 81' lang='lat' dir='ltr'>netarium</span> <span class='ocrx_word' id='word_1_133' title='bbox 1036 2285 1081 2334; x_wconf 87' lang='lat' dir='ltr'>est</span> <span class='ocrx_word' id='word_1_134' title='bbox 1091 2271 1135 2334; x_wconf 82' lang='lat' dir='ltr'>sa-</span> 
     </span>
     <span class='ocr_line' id='line_1_17' title="bbox 70 2373 1179 2468; baseline 0.004 -34"><span class='ocrx_word' id='word_1_135' title='bbox 70 2375 169 2450; x_wconf 80' lang='lat' dir='ltr'>eiuus,</span> <span class='ocrx_word' id='word_1_136' title='bbox 191 2375 357 2458; x_wconf 82' lang='lat' dir='ltr'>ignoscere.</span> <span class='ocrx_word' id='word_1_137' title='bbox 383 2374 426 2435; x_wconf 78' lang='lat' dir='ltr'>At</span> <span class='ocrx_word' id='word_1_138' title='bbox 444 2375 511 2438; x_wconf 83' lang='lat' dir='ltr'>lere</span> <span class='ocrx_word' id='word_1_139' title='bbox 535 2375 678 2438; x_wconf 92' lang='lat' dir='ltr'>delictum</span> <span class='ocrx_word' id='word_1_140' title='bbox 697 2389 749 2438; x_wconf 84' lang='lat' dir='ltr'>est</span> <span class='ocrx_word' id='word_1_141' title='bbox 775 2373 889 2438; x_wconf 89' lang='lat' dir='ltr'>Omnia</span> <span class='ocrx_word' id='word_1_142' title='bbox 915 2390 1037 2460; x_wconf 86' lang='lat' dir='ltr'>peccata</span> <span class='ocrx_word' id='word_1_143' title='bbox 1065 2391 1133 2438; x_wconf 91' lang='lat' dir='ltr'>sunt</span> <span class='ocrx_word' id='word_1_144' title='bbox 1175 2459 1179 2468; x_wconf 24' lang='lat'>⁸</span> 
     </span>
     <span class='ocr_line' id='line_1_18' title="bbox 69 2479 1133 2567; baseline 0.006 -27"><span class='ocrx_word' id='word_1_145' title='bbox 69 2481 159 2562; x_wconf 85' lang='lat' dir='ltr'>paria.</span> <span class='ocrx_word' id='word_1_146' title='bbox 170 2509 186 2534; x_wconf 69' lang='grc' dir='ltr'>ι</span> <span class='ocrx_word' id='word_1_147' title='bbox 196 2479 280 2558; x_wconf 88' lang='lat' dir='ltr'>(Pro</span> <span class='ocrx_word' id='word_1_148' title='bbox 294 2479 514 2556; x_wconf 63' lang='lat' dir='ltr'>Murena-llio</span> <span class='ocrx_word' id='word_1_149' title='bbox 528 2483 620 2544; x_wconf 90' lang='lat' dir='ltr'>trahit</span> <span class='ocrx_word' id='word_1_150' title='bbox 634 2503 725 2559; x_wconf 87' lang='lat' dir='ltr'>ecce,</span> <span class='ocrx_word' id='word_1_151' title='bbox 741 2485 823 2563; x_wconf 92' lang='lat' dir='ltr'>quod</span> <span class='ocrx_word' id='word_1_152' title='bbox 837 2484 1005 2546; x_wconf 86' lang='lat' dir='ltr'>minoribus</span> <span class='ocrx_word' id='word_1_153' title='bbox 1017 2485 1133 2567; x_wconf 84' lang='lat' dir='ltr'>ignosci</span> 
     </span>
     <span class='ocr_line' id='line_1_19' title="bbox 69 2585 1132 2670; baseline 0.004 -24"><span class='ocrx_word' id='word_1_154' title='bbox 69 2585 160 2649; x_wconf 81' lang='lat' dir='ltr'>soleat</span> <span class='ocrx_word' id='word_1_155' title='bbox 175 2610 184 2644; x_wconf 74' lang='grc' dir='ltr'><strong>ι</strong></span> <span class='ocrx_word' id='word_1_156' title='bbox 202 2585 275 2648; x_wconf 88' lang='lat' dir='ltr'>talia</span> <span class='ocrx_word' id='word_1_157' title='bbox 287 2607 349 2648; x_wconf 91' lang='lat' dir='ltr'>non</span> <span class='ocrx_word' id='word_1_158' title='bbox 362 2586 475 2650; x_wconf 90' lang='lat' dir='ltr'>bahent</span> <span class='ocrx_word' id='word_1_159' title='bbox 487 2588 603 2664; x_wconf 78' lang='lat' dir='ltr'>nostri,</span> <span class='ocrx_word' id='word_1_160' title='bbox 622 2588 673 2670; x_wconf 88' lang='lat' dir='ltr'>qui</span> <span class='ocrx_word' id='word_1_161' title='bbox 688 2590 789 2650; x_wconf 86' lang='lat' dir='ltr'>omnia</span> <span class='ocrx_word' id='word_1_162' title='bbox 802 2603 927 2670; x_wconf 79' lang='lat' dir='ltr'>tequam.</span> <span class='ocrx_word' id='word_1_163' title='bbox 944 2587 1059 2652; x_wconf 84' lang='lat' dir='ltr'>Seneca</span> <span class='ocrx_word' id='word_1_164' title='bbox 1072 2590 1132 2650; x_wconf 87' lang='lat' dir='ltr'>ite-</span> 
     </span>
     <span class='ocr_line' id='line_1_20' title="bbox 70 2692 1131 2780; baseline 0.007 -29"><span class='ocrx_word' id='word_1_165' title='bbox 70 2713 132 2752; x_wconf 89' lang='lat' dir='ltr'>rum</span> <span class='ocrx_word' id='word_1_166' title='bbox 146 2693 299 2755; x_wconf 86' lang='lat' dir='ltr'>rationem</span> <span class='ocrx_word' id='word_1_167' title='bbox 312 2692 422 2757; x_wconf 83' lang='lat' dir='ltr'>aliam:</span> <span class='ocrx_word' id='word_1_168' title='bbox 437 2692 579 2772; x_wconf 80' lang='lat' dir='ltr'>«Venia,</span> <span class='ocrx_word' id='word_1_169' title='bbox 595 2695 709 2777; x_wconf 88' lang='lat' dir='ltr'>inquit,</span> <span class='ocrx_word' id='word_1_170' title='bbox 727 2709 772 2757; x_wconf 86' lang='lat' dir='ltr'>est</span> <span class='ocrx_word' id='word_1_171' title='bbox 784 2716 881 2780; x_wconf 86' lang='lat' dir='ltr'>poenae</span> <span class='ocrx_word' id='word_1_172' title='bbox 893 2695 1008 2757; x_wconf 73' lang='lat' dir='ltr'>meritae</span> <span class='ocrx_word' id='word_1_173' title='bbox 1019 2696 1131 2758; x_wconf 89' lang='lat' dir='ltr'>remis-</span> 
     </span>
     <span class='ocr_line' id='line_1_21' title="bbox 69 2797 1131 2884; baseline 0.003 -25"><span class='ocrx_word' id='word_1_174' title='bbox 69 2801 120 2860; x_wconf 86' lang='lat' dir='ltr'>sio.</span> <span class='ocrx_word' id='word_1_175' title='bbox 130 2797 215 2882; x_wconf 84' lang='lat' dir='ltr'>Ergo</span> <span class='ocrx_word' id='word_1_176' title='bbox 231 2801 260 2862; x_wconf 94' lang='lat' dir='ltr'>ei</span> <span class='ocrx_word' id='word_1_177' title='bbox 275 2801 456 2882; x_wconf 81' lang='lat' dir='ltr'>ignoscitur,</span> <span class='ocrx_word' id='word_1_178' title='bbox 477 2801 528 2881; x_wconf 90' lang='lat' dir='ltr'>qui</span> <span class='ocrx_word' id='word_1_179' title='bbox 541 2802 641 2884; x_wconf 90' lang='lat' dir='ltr'>puniri</span> <span class='ocrx_word' id='word_1_180' title='bbox 654 2801 776 2864; x_wconf 81' lang='lat' dir='ltr'>debuit:</span> <span class='ocrx_word' id='word_1_181' title='bbox 795 2799 924 2884; x_wconf 77' lang='lat' dir='ltr'>Sapiens</span> <span class='ocrx_word' id='word_1_182' title='bbox 939 2814 1040 2864; x_wconf 90' lang='lat' dir='ltr'>autem</span> <span class='ocrx_word' id='word_1_183' title='bbox 1055 2800 1131 2862; x_wconf 86' lang='lat' dir='ltr'>nihil</span> 
     </span>
     <span class='ocr_line' id='line_1_22' title="bbox 67 2905 1131 2991; baseline 0.002 -23"><span class='ocrx_word' id='word_1_184' title='bbox 67 2907 133 2968; x_wconf 82' lang='lat' dir='ltr'>lacit</span> <span class='ocrx_word' id='word_1_185' title='bbox 144 2952 154 2981; x_wconf 89' lang='lat'>,</span> <span class='ocrx_word' id='word_1_186' title='bbox 167 2909 250 2988; x_wconf 86' lang='lat' dir='ltr'>qnod</span> <span class='ocrx_word' id='word_1_187' title='bbox 262 2927 325 2968; x_wconf 88' lang='lat' dir='ltr'>non</span> <span class='ocrx_word' id='word_1_188' title='bbox 333 2905 423 2968; x_wconf 89' lang='lat' dir='ltr'>dehet</span> <span class='ocrx_word' id='word_1_189' title='bbox 434 2906 526 2978; x_wconf 88' lang='lat' dir='ltr'>,nihil</span> <span class='ocrx_word' id='word_1_190' title='bbox 539 2907 740 2990; x_wconf 78' lang='lat' dir='ltr'>praetermittit</span> <span class='ocrx_word' id='word_1_191' title='bbox 750 2908 831 2987; x_wconf 85' lang='lat' dir='ltr'>qnod</span> <span class='ocrx_word' id='word_1_192' title='bbox 840 2907 944 2979; x_wconf 89' lang='lat' dir='ltr'>debet;</span> <span class='ocrx_word' id='word_1_193' title='bbox 959 2907 1059 2988; x_wconf 87' lang='lat' dir='ltr'>itaque</span> <span class='ocrx_word' id='word_1_194' title='bbox 1067 2930 1131 2991; x_wconf 90' lang='lat' dir='ltr'>pce-</span> 
     </span>
     <span class='ocr_line' id='line_1_23' title="bbox 66 3007 1129 3094; baseline 0.003 -22"><span class='ocrx_word' id='word_1_195' title='bbox 66 3033 151 3086; x_wconf 87' lang='lat' dir='ltr'>uam,</span> <span class='ocrx_word' id='word_1_196' title='bbox 168 3033 261 3093; x_wconf 88' lang='lat' dir='ltr'>qnam</span> <span class='ocrx_word' id='word_1_197' title='bbox 278 3011 397 3094; x_wconf 81' lang='lat' dir='ltr'>exigere</span> <span class='ocrx_word' id='word_1_198' title='bbox 408 3012 497 3074; x_wconf 86' lang='lat' dir='ltr'>debet</span> <span class='ocrx_word' id='word_1_199' title='bbox 508 3057 517 3087; x_wconf 93' lang='lat'>,</span> <span class='ocrx_word' id='word_1_200' title='bbox 528 3031 590 3072; x_wconf 91' lang='lat' dir='ltr'>non</span> <span class='ocrx_word' id='word_1_201' title='bbox 606 3013 706 3073; x_wconf 90' lang='lat' dir='ltr'>donat.</span> <span class='ocrx_word' id='word_1_202' title='bbox 715 3038 729 3065; x_wconf 76' lang='lat' dir='ltr'>n</span> <span class='ocrx_word' id='word_1_203' title='bbox 745 3009 857 3089; x_wconf 89' lang='lat' dir='ltr'>(llDe</span> <span class='ocrx_word' id='word_1_204' title='bbox 869 3007 968 3074; x_wconf 84' lang='lat' dir='ltr'>Clam.</span> <span class='ocrx_word' id='word_1_205' title='bbox 980 3033 1005 3074; x_wconf 89' lang='lat' dir='ltr'>r.</span> <span class='ocrx_word' id='word_1_206' title='bbox 1017 3011 1037 3074; x_wconf 89' lang='lat'>6</span> <span class='ocrx_word' id='word_1_207' title='bbox 1049 3026 1079 3074; x_wconf 86' lang='lat' dir='ltr'>ct</span> <span class='ocrx_word' id='word_1_208' title='bbox 1088 3014 1129 3094; x_wconf 85' lang='lat'>7.)</span> 
     </span>
     <span class='ocr_line' id='line_1_24' title="bbox 66 3115 1126 3201; baseline -0.003 -21"><span class='ocrx_word' id='word_1_209' title='bbox 66 3117 149 3182; x_wconf 88' lang='lat' dir='ltr'>Dura</span> <span class='ocrx_word' id='word_1_210' title='bbox 166 3133 197 3180; x_wconf 90' lang='lat' dir='ltr'>et</span> <span class='ocrx_word' id='word_1_211' title='bbox 210 3119 374 3180; x_wconf 87' lang='lat' dir='ltr'>inhumana</span> <span class='ocrx_word' id='word_1_212' title='bbox 388 3119 464 3196; x_wconf 87' lang='lat' dir='ltr'>ista,</span> <span class='ocrx_word' id='word_1_213' title='bbox 487 3119 631 3200; x_wconf 77' lang='lat' dir='ltr'>inquiunt.</span> <span class='ocrx_word' id='word_1_214' title='bbox 652 3117 702 3180; x_wconf 90' lang='lat' dir='ltr'>Da</span> <span class='ocrx_word' id='word_1_215' title='bbox 719 3139 808 3180; x_wconf 86' lang='lat' dir='ltr'>aures</span> <span class='ocrx_word' id='word_1_216' title='bbox 820 3115 942 3180; x_wconf 75' lang='lat' dir='ltr'>Seneca</span> <span class='ocrx_word' id='word_1_217' title='bbox 958 3117 1126 3201; x_wconf 85' lang='lat' dir='ltr'>mitiganti:</span> 
     </span>
     <span class='ocr_line' id='line_1_25' title="bbox 64 3222 1129 3308; baseline -0.001 -22"><span class='ocrx_word' id='word_1_218' title='bbox 64 3223 189 3308; x_wconf 78' lang='lat' dir='ltr'>Sapiens</span> <span class='ocrx_word' id='word_1_219' title='bbox 200 3225 322 3306; x_wconf 88' lang='lat' dir='ltr'>quidem</span> <span class='ocrx_word' id='word_1_220' title='bbox 329 3223 448 3286; x_wconf 84' lang='lat' dir='ltr'>veniam</span> <span class='ocrx_word' id='word_1_221' title='bbox 462 3243 523 3285; x_wconf 89' lang='lat' dir='ltr'>non</span> <span class='ocrx_word' id='word_1_222' title='bbox 533 3225 601 3284; x_wconf 88' lang='lat' dir='ltr'>dat:</span> <span class='ocrx_word' id='word_1_223' title='bbox 617 3251 632 3278; x_wconf 76' lang='grc' dir='ltr'>«ι</span> <span class='ocrx_word' id='word_1_224' title='bbox 644 3226 698 3284; x_wconf 87' lang='lat' dir='ltr'>sed</span> <span class='ocrx_word' id='word_1_225' title='bbox 709 3222 802 3298; x_wconf 91' lang='lat' dir='ltr'>illud,</span> <span class='ocrx_word' id='word_1_226' title='bbox 821 3225 901 3304; x_wconf 92' lang='lat' dir='ltr'>quod</span> <span class='ocrx_word' id='word_1_227' title='bbox 911 3243 946 3284; x_wconf 87' lang='lat' dir='ltr'>ex</span> <span class='ocrx_word' id='word_1_228' title='bbox 959 3223 1046 3285; x_wconf 84' lang='lat' dir='ltr'>venia</span> <span class='ocrx_word' id='word_1_229' title='bbox 1058 3244 1129 3285; x_wconf 91' lang='lat' dir='ltr'>con-</span> 
     </span>
     <span class='ocr_line' id='line_1_26' title="bbox 64 3325 1129 3411; baseline -0.001 -20"><span class='ocrx_word' id='word_1_230' title='bbox 64 3332 144 3411; x_wconf 85' lang='lat' dir='ltr'>sequi</span> <span class='ocrx_word' id='word_1_231' title='bbox 155 3331 221 3406; x_wconf 84' lang='lat' dir='ltr'>vis,</span> <span class='ocrx_word' id='word_1_232' title='bbox 237 3328 409 3392; x_wconf 86' lang='lat' dir='ltr'>honestiore</span> <span class='ocrx_word' id='word_1_233' title='bbox 424 3327 478 3390; x_wconf 86' lang='lat' dir='ltr'>tibi</span> <span class='ocrx_word' id='word_1_234' title='bbox 496 3327 544 3390; x_wconf 87' lang='lat' dir='ltr'>via</span> <span class='ocrx_word' id='word_1_235' title='bbox 561 3326 674 3390; x_wconf 88' lang='lat' dir='ltr'>tribuit.</span> <span class='ocrx_word' id='word_1_236' title='bbox 687 3327 787 3390; x_wconf 89' lang='lat' dir='ltr'>Parcit</span> <span class='ocrx_word' id='word_1_237' title='bbox 801 3328 882 3390; x_wconf 87' lang='lat' dir='ltr'>enim</span> <span class='ocrx_word' id='word_1_238' title='bbox 896 3325 1043 3410; x_wconf 86' lang='lat' dir='ltr'>Sapiens,</span> <span class='ocrx_word' id='word_1_239' title='bbox 1058 3348 1129 3390; x_wconf 89' lang='lat' dir='ltr'>con-</span> 
     </span>
     <span class='ocr_line' id='line_1_27' title="bbox 64 3434 1125 3519; baseline -0.002 -23"><span class='ocrx_word' id='word_1_240' title='bbox 64 3437 150 3514; x_wconf 81' lang='lat' dir='ltr'>sulit,</span> <span class='ocrx_word' id='word_1_241' title='bbox 168 3449 200 3496; x_wconf 84' lang='lat' dir='ltr'>et</span> <span class='ocrx_word' id='word_1_242' title='bbox 212 3436 343 3519; x_wconf 78' lang='lat' dir='ltr'>corrigit</span> <span class='ocrx_word' id='word_1_243' title='bbox 357 3434 445 3498; x_wconf 90' lang='lat' dir='ltr'>ldem</span> <span class='ocrx_word' id='word_1_244' title='bbox 464 3435 536 3497; x_wconf 79' lang='lat' dir='ltr'>lacit</span> <span class='ocrx_word' id='word_1_245' title='bbox 556 3437 636 3515; x_wconf 91' lang='lat' dir='ltr'>quod</span> <span class='ocrx_word' id='word_1_246' title='bbox 656 3435 681 3496; x_wconf 93' lang='lat' dir='ltr'>si</span> <span class='ocrx_word' id='word_1_247' title='bbox 696 3435 880 3517; x_wconf 86' lang='lat' dir='ltr'>ignosceret,</span> <span class='ocrx_word' id='word_1_248' title='bbox 904 3455 961 3496; x_wconf 89' lang='lat' dir='ltr'>nec</span> <span class='ocrx_word' id='word_1_249' title='bbox 976 3435 1125 3515; x_wconf 84' lang='lat' dir='ltr'>ignoscit:</span> 
     </span>
     <span class='ocr_line' id='line_1_28' title="bbox 64 3538 1129 3624; baseline -0.004 -20"><span class='ocrx_word' id='word_1_250' title='bbox 64 3544 205 3624; x_wconf 85' lang='lat' dir='ltr'>quoniam</span> <span class='ocrx_word' id='word_1_251' title='bbox 216 3543 268 3622; x_wconf 90' lang='lat' dir='ltr'>qui</span> <span class='ocrx_word' id='word_1_252' title='bbox 283 3541 431 3624; x_wconf 84' lang='lat' dir='ltr'>ignoscit,</span> <span class='ocrx_word' id='word_1_253' title='bbox 443 3540 551 3602; x_wconf 87' lang='lat' dir='ltr'>latetur</span> <span class='ocrx_word' id='word_1_254' title='bbox 564 3540 677 3620; x_wconf 82' lang='lat' dir='ltr'>aliqiu&#39;d</span> <span class='ocrx_word' id='word_1_255' title='bbox 693 3561 744 3616; x_wconf 90' lang='lat' dir='ltr'>se,</span> <span class='ocrx_word' id='word_1_256' title='bbox 760 3543 840 3620; x_wconf 92' lang='lat' dir='ltr'>quod</span> <span class='ocrx_word' id='word_1_257' title='bbox 854 3539 920 3600; x_wconf 84' lang='lat' dir='ltr'>heri</span> <span class='ocrx_word' id='word_1_258' title='bbox 933 3538 1036 3602; x_wconf 83' lang='lat' dir='ltr'>debuit</span> <span class='ocrx_word' id='word_1_259' title='bbox 1048 3541 1129 3601; x_wconf 89' lang='lat' dir='ltr'>omi-</span> 
     </span>
     <span class='ocr_line' id='line_1_29' title="bbox 64 3645 1127 3727; baseline -0.003 -17"><span class='ocrx_word' id='word_1_260' title='bbox 64 3653 144 3712; x_wconf 84' lang='lat' dir='ltr'>sisse.</span> <span class='ocrx_word' id='word_1_261' title='bbox 155 3678 172 3703; x_wconf 73' lang='grc' dir='ltr'><strong><em>ι</em></strong></span> <span class='ocrx_word' id='word_1_262' title='bbox 184 3647 302 3725; x_wconf 88' lang='lat' dir='ltr'>(lhid.)</span> <span class='ocrx_word' id='word_1_263' title='bbox 311 3645 390 3709; x_wconf 88' lang='lat' dir='ltr'>Satis</span> <span class='ocrx_word' id='word_1_264' title='bbox 398 3647 535 3708; x_wconf 89' lang='lat' dir='ltr'>intricate</span> <span class='ocrx_word' id='word_1_265' title='bbox 546 3647 605 3708; x_wconf 92' lang='lat' dir='ltr'>hoc</span> <span class='ocrx_word' id='word_1_266' title='bbox 615 3645 667 3707; x_wconf 88' lang='lat' dir='ltr'>ille</span> <span class='ocrx_word' id='word_1_267' title='bbox 680 3669 687 3706; x_wconf 75' lang='grc' dir='ltr'><strong>ι</strong></span> <span class='ocrx_word' id='word_1_268' title='bbox 700 3649 752 3708; x_wconf 89' lang='lat' dir='ltr'>sed</span> <span class='ocrx_word' id='word_1_269' title='bbox 765 3666 837 3707; x_wconf 87' lang='lat' dir='ltr'>mox</span> <span class='ocrx_word' id='word_1_270' title='bbox 847 3645 991 3726; x_wconf 86' lang='lat' dir='ltr'>explicat,</span> <span class='ocrx_word' id='word_1_271' title='bbox 1003 3666 1127 3727; x_wconf 89' lang='lat' dir='ltr'>parcere</span> 
     </span>
     <span class='ocr_line' id='line_1_30' title="bbox 64 3750 1127 3834; baseline -0.002 -20"><span class='ocrx_word' id='word_1_272' title='bbox 64 3755 103 3816; x_wconf 90' lang='lat' dir='ltr'>ch</span> <span class='ocrx_word' id='word_1_273' title='bbox 115 3775 238 3824; x_wconf 60' lang='lat' dir='ltr'>causam</span> <span class='ocrx_word' id='word_1_274' title='bbox 250 3752 295 3814; x_wconf 89' lang='lat' dir='ltr'>illi</span> <span class='ocrx_word' id='word_1_275' title='bbox 307 3752 348 3813; x_wconf 91' lang='lat' dir='ltr'>ch</span> <span class='ocrx_word' id='word_1_276' title='bbox 363 3764 482 3814; x_wconf 69' lang='lat' dir='ltr'>aeuoem</span> <span class='ocrx_word' id='word_1_277' title='bbox 494 3776 502 3823; x_wconf 81' lang='lat'>3</span> <span class='ocrx_word' id='word_1_278' title='bbox 516 3751 568 3812; x_wconf 91' lang='lat' dir='ltr'>alii</span> <span class='ocrx_word' id='word_1_279' title='bbox 582 3750 623 3813; x_wconf 91' lang='lat' dir='ltr'>oh</span> <span class='ocrx_word' id='word_1_280' title='bbox 632 3771 790 3825; x_wconf 84' lang='lat' dir='ltr'>errorem,</span> <span class='ocrx_word' id='word_1_281' title='bbox 805 3763 834 3812; x_wconf 91' lang='lat' dir='ltr'>et</span> <span class='ocrx_word' id='word_1_282' title='bbox 848 3750 916 3830; x_wconf 84' lang='lat' dir='ltr'>quia</span> <span class='ocrx_word' id='word_1_283' title='bbox 932 3751 962 3810; x_wconf 91' lang='lat' dir='ltr'>in</span> <span class='ocrx_word' id='word_1_284' title='bbox 977 3751 1047 3812; x_wconf 89' lang='lat' dir='ltr'>vino</span> <span class='ocrx_word' id='word_1_285' title='bbox 1058 3751 1127 3834; x_wconf 87' lang='lat' dir='ltr'>lap·</span> 
     </span>
     <span class='ocr_line' id='line_1_31' title="bbox 65 3839 1128 3938; baseline -0.003 -18"><span class='ocrx_word' id='word_1_286' title='bbox 65 3881 112 3920; x_wconf 82' lang='lat' dir='ltr'>ens</span> <span class='ocrx_word' id='word_1_287' title='bbox 125 3873 172 3922; x_wconf 85' lang='lat' dir='ltr'>est</span> <span class='ocrx_word' id='word_1_288' title='bbox 183 3883 192 3934; x_wconf 78' lang='lat'><em>3</em></span> <span class='ocrx_word' id='word_1_289' title='bbox 203 3858 266 3928; x_wconf 73' lang='lat' dir='ltr'>,atii</span> <span class='ocrx_word' id='word_1_290' title='bbox 281 3857 322 3918; x_wconf 94' lang='lat' dir='ltr'>ch</span> <span class='ocrx_word' id='word_1_291' title='bbox 333 3877 454 3918; x_wconf 86' lang='lat' dir='ltr'>causam</span> <span class='ocrx_word' id='word_1_292' title='bbox 470 3855 585 3938; x_wconf 85' lang='lat' dir='ltr'>culpae,</span> <span class='ocrx_word' id='word_1_293' title='bbox 603 3855 635 3917; x_wconf 91' lang='lat' dir='ltr'>in</span> <span class='ocrx_word' id='word_1_294' title='bbox 645 3839 745 3938; x_wconf 81' lang='lat' dir='ltr'>specie</span> <span class='ocrx_word' id='word_1_295' title='bbox 756 3876 833 3938; x_wconf 85' lang='lat' dir='ltr'>saepe</span> <span class='ocrx_word' id='word_1_296' title='bbox 843 3853 1020 3932; x_wconf 86' lang='lat' dir='ltr'>honestam,</span> <span class='ocrx_word' id='word_1_297' title='bbox 1038 3884 1053 3910; x_wconf 76' lang='lat' dir='ltr'>a</span> <span class='ocrx_word' id='word_1_298' title='bbox 1064 3878 1128 3937; x_wconf 82' lang='lat' dir='ltr'>quae</span> 
     </span>
     <span class='ocr_line' id='line_1_32' title="bbox 64 3959 1128 4044; baseline 0 -19"><span class='ocrx_word' id='word_1_299' title='bbox 64 3969 185 4039; x_wconf 81' lang='lat' dir='ltr'>omnia,</span> <span class='ocrx_word' id='word_1_300' title='bbox 201 3965 316 4044; x_wconf 88' lang='lat' dir='ltr'>inquit,</span> <span class='ocrx_word' id='word_1_301' title='bbox 333 3983 395 4024; x_wconf 90' lang='lat' dir='ltr'>non</span> <span class='ocrx_word' id='word_1_302' title='bbox 408 3961 533 4036; x_wconf 81' lang='lat' dir='ltr'>Venice,</span> <span class='ocrx_word' id='word_1_303' title='bbox 549 3963 602 4024; x_wconf 88' lang='lat' dir='ltr'>sed</span> <span class='ocrx_word' id='word_1_304' title='bbox 612 3959 790 4024; x_wconf 89' lang='lat' dir='ltr'>Clementiae</span> <span class='ocrx_word' id='word_1_305' title='bbox 803 3981 895 4043; x_wconf 88' lang='lat' dir='ltr'>opera</span> <span class='ocrx_word' id='word_1_306' title='bbox 907 3975 983 4022; x_wconf 89' lang='lat' dir='ltr'>sunt.</span> <span class='ocrx_word' id='word_1_307' title='bbox 994 3991 1008 4016; x_wconf 70' lang='lat' dir='ltr'>u</span> <span class='ocrx_word' id='word_1_308' title='bbox 1023 3961 1128 4044; x_wconf 84' lang='lat' dir='ltr'>(lbid.)</span> 
     </span>
     <span class='ocr_line' id='line_1_33' title="bbox 63 4067 594 4151; baseline -0.017 -16"><span class='ocrx_word' id='word_1_309' title='bbox 63 4073 146 4134; x_wconf 80' lang='lat' dir='ltr'>Adde</span> <span class='ocrx_word' id='word_1_310' title='bbox 159 4119 170 4147; x_wconf 94' lang='lat'>,</span> <span class='ocrx_word' id='word_1_311' title='bbox 185 4093 250 4151; x_wconf 78' lang='lat' dir='ltr'>qnae</span> <span class='ocrx_word' id='word_1_312' title='bbox 263 4070 355 4132; x_wconf 84' lang='lat' dir='ltr'>addit.</span> <span class='ocrx_word' id='word_1_313' title='bbox 370 4067 451 4130; x_wconf 89' lang='lat' dir='ltr'>Huic</span> <span class='ocrx_word' id='word_1_314' title='bbox 462 4068 594 4130; x_wconf 84' lang='lat' dir='ltr'>adsidet:</span> 
     </span>
    </p>

    <p class='ocr_par' dir='ltr' id='par_1_6' title="bbox 60 4173 1130 4362">
     <span class='ocr_line' id='line_1_34' title="bbox 99 4173 1129 4256; baseline -0.001 -17"><span class='ocrx_word' id='word_1_315' title='bbox 99 4179 171 4239; x_wconf 80' lang='grc' dir='ltr'>Νωι</span> <span class='ocrx_word' id='word_1_316' title='bbox 186 4178 315 4236; x_wconf 83' lang='lat' dir='ltr'>misereri</span> <span class='ocrx_word' id='word_1_317' title='bbox 326 4173 622 4256; x_wconf 84' lang='lat' dir='ltr'>Sapientem..Cicero</span> <span class='ocrx_word' id='word_1_318' title='bbox 638 4175 723 4256; x_wconf 92' lang='lat' dir='ltr'>ponit</span> <span class='ocrx_word' id='word_1_319' title='bbox 736 4197 743 4232; x_wconf 74' lang='grc' dir='ltr'><strong>ι</strong></span> <span class='ocrx_word' id='word_1_320' title='bbox 756 4173 945 4238; x_wconf 76' lang='lat' dir='ltr'>«Neminem</span> <span class='ocrx_word' id='word_1_321' title='bbox 956 4175 1129 4238; x_wconf 87' lang='lat' dir='ltr'>miscricor-</span> 
     </span>
     <span class='ocr_line' id='line_1_35' title="bbox 60 4277 1130 4362; baseline -0.002 -18"><span class='ocrx_word' id='word_1_322' title='bbox 60 4285 210 4354; x_wconf 78' lang='lat' dir='ltr'>deuiesse</span> <span class='ocrx_word' id='word_1_323' title='bbox 219 4328 229 4360; x_wconf 90' lang='lat'>,</span> <span class='ocrx_word' id='word_1_324' title='bbox 239 4282 298 4344; x_wconf 87' lang='lat' dir='ltr'>nisi</span> <span class='ocrx_word' id='word_1_325' title='bbox 309 4279 432 4342; x_wconf 88' lang='lat' dir='ltr'>stultum</span> <span class='ocrx_word' id='word_1_326' title='bbox 444 4293 475 4342; x_wconf 91' lang='lat' dir='ltr'>et</span> <span class='ocrx_word' id='word_1_327' title='bbox 483 4281 593 4344; x_wconf 83' lang='lat' dir='ltr'>levem.</span> <span class='ocrx_word' id='word_1_328' title='bbox 607 4308 621 4334; x_wconf 58' lang='grc' dir='ltr'>ἰ</span> <span class='ocrx_word' id='word_1_329' title='bbox 635 4278 716 4356; x_wconf 78' lang='lat' dir='ltr'>(Pro</span> <span class='ocrx_word' id='word_1_330' title='bbox 727 4277 826 4362; x_wconf 66' lang='lat' dir='ltr'>Mur.)</span> <span class='ocrx_word' id='word_1_331' title='bbox 838 4278 976 4342; x_wconf 82' lang='lat' dir='ltr'>Laertius</span> <span class='ocrx_word' id='word_1_332' title='bbox 988 4307 995 4339; x_wconf 76' lang='grc' dir='ltr'><strong>ι</strong></span> <span class='ocrx_word' id='word_1_333' title='bbox 1010 4308 1024 4334; x_wconf 85' lang='lat'>«</span> <span class='ocrx_word' id='word_1_334' title='bbox 1036 4279 1130 4342; x_wconf 86' lang='lat' dir='ltr'>Mise-</span> 
     </span>
    </p>
   </div>
   <div class='ocr_carea' id='block_1_5' title="bbox 0 0 1452 4958">
    <p class='ocr_par' dir='ltr' id='par_1_7' title="bbox 0 0 1452 4958">
     <span class='ocr_line' id='line_1_36' title="bbox 0 0 1452 4958; baseline 0 6"><span class='ocrx_word' id='word_1_335' title='bbox 0 0 1452 4958; x_wconf 95' lang='lat' dir='ltr'> </span> 
     </span>
    </p>
   </div>
  </div>
 </body>
</html>
