2864 4998
304 461 370 557 494
631 455 699 526 un
723 456 853 526 v1rs
875 455 1049 526 naurs

302 591 467 672 delectat,
488 589 727 682 exstinguitur.
757 589 828 656 Nec
855 587 996 655 multum
1018 587 1083 654 Ioci
1101 585 1243 672 habet3
1271 587 1388 678 itaque

305 707 373 776 cito
384 705 504 800 implet
519 731 527 772 ε
541 719 575 774 et
585 703 685 774 toedio
701 718 772 786 est,
788 719 823 771 et
840 717 917 796 post
933 704 1082 796 primum
1094 705 1280 796 impetum
1301 727 1384 771 mar·

302 837 368 892 cet.
390 826 462 892 Nec
472 821 508 890 id
516 845 666 916 unquam
676 836 807 888 eertum
820 835 883 901 est,
898 819 994 912 enjus
1010 821 1047 886 in
1060 835 1153 888 motu
1167 835 1313 888 natura
1323 835 1379 885 est.

300 941 353 1009 Ita
363 963 408 1008 ue
419 953 529 1033 potest
540 937 679 1031 quidem
691 937 761 1006 ulla
771 937 844 1031 ejus
855 959 927 1005 esse
946 935 1147 1041 subqtnntia,
1165 935 1275 1029 quod
1291 941 1379 1003 venit

301 1057 447 1124 transitu
464 1055 656 1136 celerrime,
678 1055 714 1122 in
734 1055 806 1147 ipso
826 1076 889 1122 usu
911 1052 962 1120 sui
979 1051 1184 1145 periturum.
1209 1057 1269 1122 Eo
1289 1053 1374 1120 enim

300 1171 468 1264 pervenit,
488 1170 548 1238 uhi
567 1169 699 1238 desinat
715 1195 723 1236 ι
740 1184 775 1237 et
788 1165 867 1238 dnm
887 1167 1018 1261 incipit,
1034 1184 1165 1261 spectat
1181 1168 1233 1236 ad
1256 1169 1372 1236 finem.

349 1289 440 1356 VIII.
461 1283 579 1378 Quid,
599 1285 692 1378 quod
711 1301 777 1353 tam
803 1283 921 1366 bonis,
944 1307 1045 1377 quam
1064 1284 1189 1368 malis,
1214 1285 1373 1377 voluptas

300 1405 417 1472 inest?
433 1427 497 1478 neo
516 1405 628 1473 minus
647 1419 764 1492 turpes
783 1399 931 1469 dedecus
949 1423 1068 1482 suum,
1089 1425 1193 1492 quam
1210 1403 1371 1470 hortatos

299 1519 439 1613 egregia
456 1517 637 1586 delectant.
659 1515 808 1608 Ideoque
832 1531 1068 1609 praeceperunt
1092 1531 1255 1598 veteres,
1286 1517 1369 1609 opti·

299 1657 386 1703 mam
397 1635 623 1727 acquisitam,
636 1631 1008 1724 nonjucundissimam⁸
1029 1647 1090 1699 :ut
1101 1647 1207 1700 rectae
1222 1657 1269 1702 ac
1278 1633 1367 1701 bone

296 1751 478 1819 voluntatis
491 1774 559 1818 non
577 1749 666 1832 dux,
683 1747 744 1817 sed
760 1771 871 1817 comes
883 1749 1036 1842 voluptas
1050 1749 1106 1816 sit.
1123 1751 1265 1818 Natura
1284 1751 1366 1818 enim

297 1865 384 1936 duce
399 1863 563 1936 utendum
581 1881 633 1934 est
653 1893 661 1933 :
680 1866 769 1934 hanc
786 1867 872 1934 ratio
890 1865 1071 1948 observat,
1088 1867 1180 1934 hanc
1204 1866 1363 1936 consulit.

296 1981 390 2052 Idem
406 1999 457 2053 est
470 2007 553 2077 ergo
565 1983 664 2051 beate
681 1983 796 2052 vivere
814 2033 823 2064 ‚
842 1996 878 2049 et
894 1979 1078 2049 secundum
1095 1998 1274 2052 naturam.
1299 1985 1364 2050 Hoc

296 2099 380 2192 quid
389 2101 445 2180 sit,
456 2099 527 2193 jam
540 2099 690 2192 aperiam
706 2124 713 2164 :
731 2099 758 2166 si
773 2099 923 2191 corporis
937 2096 1043 2180 dotes,
1057 2113 1092 2166 et
1104 2113 1185 2190 apta
1200 2103 1216 2132 ¹
1238 2117 1362 2168 nature

296 2215 568 2286 conservabimus
584 2214 767 2309 diligenter
781 2227 816 2282 et
829 2212 1017 2308 impavide,
1035 2229 1194 2307 tanquam
1217 2217 1259 2284 in
1277 2214 1360 2284 diem

296 2329 417 2398 datast
432 2332 566 2424 fugacia
581 2331 631 2416 3si
641 2355 714 2399 uon
724 2329 926 2399 subierimus
936 2353 1052 2398 eorum
1062 2331 1286 2414 servitutem,
1304 2355 1361 2400 nec

298 2467 359 2512 nos
376 2445 487 2513 aliena
503 2443 737 2538 possederint3
757 2445 784 2511 si
804 2444 938 2536 corpori
957 2457 1051 2535 grata
1070 2459 1106 2509 et
1122 2441 1359 2513 adventitiaeo

296 2557 396 2626 nobis
412 2559 485 2626 looo
499 2558 645 2640 fuerint,
664 2583 732 2652 quo
745 2572 824 2626 sunt
841 2555 878 2624 in
893 2555 1010 2624 castris
1027 2549 1189 2638 auxilia³,
1206 2573 1245 2624 et
1260 2581 1359 2626 arma·

298 2688 382 2741 turae
399 2673 490 2742 leves
503 2667 530 2741 ⁴.
554 2674 711 2743 Serviant
730 2673 816 2756 ista,
837 2694 905 2739 non
924 2670 1092 2764 imperent
1120 2697 1128 2736 ι
1156 2671 1206 2738 itn
1227 2671 1357 2741 demum

296 2786 393 2854 utilia
410 2803 488 2854 sunt
510 2788 627 2854 menti.
648 2787 869 2879 Incorruptus
886 2786 940 2856 vir
957 2786 1001 2854 ait
1017 2786 1189 2884 externis,
1210 2803 1249 2852 et
1265 2788 1356 2856 insu·

297 2901 480 2996 perabilis,
503 2906 709 2996 miratorque
728 2919 857 2972 tantum
879 2904 931 2972 sui
950 2929 957 2968 :
975 2901 1086 2970 fidens
1103 2903 1234 2984 animi,
1257 2919 1354 2996 atque

296 3019 331 3084 in
350 3033 534 3110 utrumque
551 3035 688 3112 paratus
700 3011 734 3100 ⁵,
753 3019 875 3086 artifex
891 3019 969 3086 vitoe
985 3011 1010 3086 ⁶.
1031 3017 1176 3086 Fiducia
1197 3019 1273 3112 ejus
1289 3043 1353 3088 non

294 3133 366 3200 sine
382 3135 524 3232 scientia
541 3137 607 3216 sit,
625 3135 764 3203 scientia
784 3157 851 3202 non
869 3135 942 3202 sine
960 3135 1147 3203 constantia
1170 3161 1178 3199 :
1201 3151 1353 3204 maneant

324 3339 394 3394 VIII.
402 3339 474 3394 Atte-
484 3342 566 3394 Docet
575 3341 643 3394 idem
655 3361 719 3408 esse,
729 3341 798 3394 beate
878 3341 901 3406 4.
912 3343 1065 3394 Armaturoe
1072 3344 1145 3394 leves.
1152 3339 1264 3407 veliin,
1272 3343 1348 3395 fundi·

291 3415 375 3468 vivere
395 3430 419 3470 ct
439 3417 578 3470 secundom
595 3431 725 3483 neutram,
745 3418 797 3472 sols
847 3433 926 3482 tores,
937 3417 1066 3491 sagittarii.
1080 3417 1120 3470 Cs.
1135 3419 1207 3470 Nast.
1217 3417 1347 3472 Rorrsisoit

290 3493 553 3549 rationedominantc.
845 3497 1122 3568 Kriegsaltertdt's'mer,
1135 3497 1248 3570 pssdsq.

327 3589 347 3622 1.
357 3573 469 3642 Ideoque
470 3609 509 3625 .....
513 3576 744 3641 jucundissimam.
757 3573 797 3626 Cf.
878 3577 903 3628 5.
913 3574 950 3628 In
963 3587 1105 3644 nemoque·
1117 3573 1159 3628 Ad
1170 3575 1292 3628 amnas
1304 3575 1343 3627 sd·

291 3647 421 3703 Gatakad
431 3651 554 3704 Antonin.
564 3673 588 3722 p.
599 3651 655 3716 106,
666 3654 707 3713 52,
719 3650 763 3704 ubi
772 3665 797 3704 et
845 3671 977 3723 venasque
991 3652 1132 3714 restoino,
1148 3665 1178 3705 ut
1187 3651 1287 3725 Lipsius
1297 3655 1342 3718 sit,

290 3727 369 3780 nostri
379 3727 428 3781 loci
438 3749 535 3784 memor
544 3733 599 3784 suit.
842 3731 908 3784 mori
915 3729 1158 3801 nutrivereVirgiI„
1165 3730 1212 3800 qni
1221 3729 1255 3782 ob
1266 3733 1342 3784 oculos

323 3818 350 3858 2:
362 3805 437 3874 Apta
452 3818 562 3861 natura.
581 3809 648 3876 Qun
665 3809 698 3862 ud
715 3808 792 3861 vitam
842 3807 1024 3862 videtursaisse
1031 3807 1340 3870 Nosumltnetdtttn,

287 3880 793 3962 bursonamdegendambonccomparata
841 3907 878 3940 rs·
896 3885 927 3940 fis
941 3905 974 3939 :s
989 3885 1085 3940 Fidens
1101 3887 1204 3952 enimi,
1227 3891 1339 3960 atqnsiu

288 3971 358 4024 sunt,
368 3979 389 4011 e.
400 3980 421 4012 e.
429 3961 576 4036 voluptutes,
588 3977 694 4020 externa.
707 3965 792 4038 Oppo·
840 3977 975 4036 utrumqne
983 3978 1090 4038 paratus,
1096 3965 1149 4018 Seu
1157 3984 1258 4020 versare
1266 3967 1338 4030 dolos,

287 4048 383 4088 nnntur
393 4039 473 4090 menti
481 4079 489 4104 ‚
498 4052 528 4092 ut
535 4061 604 4112 seqq.
612 4044 711 4095 docent.
840 4063 884 4098 aen
894 4057 968 4099 corso
978 4042 1124 4098 commitere
1134 4043 1220 4096 morti.
1229 4061 1243 4089 δ

319 4112 791 4199 {Auxilio-Copiaesregibuscdsup-
872 4120 899 4174 6.
910 4123 1022 4194 Artifex
1031 4143 1056 4175 u.
1070 4123 1122 4192 Qui
1131 4125 1241 4176 torum
1248 4124 1335 4178 sibisi-

286 4200 362 4258 petras
371 4191 485 4244 ferendas
495 4195 624 4252 submissae
636 4198 766 4252 Romanis.
840 4209 891 4252 tam
898 4200 974 4271 possit
982 4212 1006 4252 et
1013 4219 1115 4254 omnem
1122 4219 1225 4253 suarem
1233 4199 1333 4254 reddere.
