2896 4958
263 475 330 545 so
355 421 527 545 suom.
554 467 763 540 paruos.
790 463 887 536 mn.
914 467 990 537 111.
1044 476 1161 559 cemj

82 695 86 700 .
100 617 225 684 Laertius
240 620 338 704 magis
352 615 488 682 distincte
503 637 663 680 causarum
676 615 821 696 quasdam
835 613 952 696 aperit,
970 612 1049 674 inter
1064 614 1164 677 Zeno-

8 783 9 790 ,
100 729 143 790 nia
155 731 273 790 decreta
291 750 299 787 ι
318 755 333 782 ιι
350 725 439 788 Juste
457 737 488 788 et
502 745 573 787 cum
586 721 705 785 ratione
720 718 896 804 Sapientem
910 721 1086 783 educturum
1100 742 1132 784 se
1149 741 1167 784 e

8 799 9 848 l
100 833 151 895 rita
160 834 276 905 dicuot;
288 832 337 894 sel
348 854 405 916 pro
416 831 513 915 patria
524 875 533 908 ,
546 842 576 892 et
587 827 709 899 amicis;
725 826 773 888 vel
791 826 861 888 siin
880 825 999 888 acerbis
1010 827 1165 892 doloribus

8 991 9 1016 ,
100 951 222 1000 versetur
240 960 249 1012 ς
268 939 401 1019 itemque
417 936 629 998 membrorum
648 932 862 1010 mutilatione,
883 932 933 994 vel
951 933 1068 995 morbis
1088 955 1167 1018 aegre

8 1047 9 1098 l
98 1045 238 1106 curandis.
257 1070 273 1097 υ
290 1041 460 1126 Triplicem
474 1043 525 1104 dat
541 1060 689 1118 causam,
707 1038 757 1101 rel
771 1059 874 1102 casum
891 1065 900 1098 ι
916 1058 975 1126 pro
989 1037 1113 1114 Patria,
1137 1054 1168 1103 et

97 1148 219 1222 llmicis;
234 1152 268 1210 in
280 1148 396 1225 Animi,
412 1148 545 1229 itemque
559 1143 709 1230 Corporis
724 1145 840 1208 dolore.
853 1144 904 1208 Dc
915 1146 1028 1231 prima,
1044 1167 1170 1210 cousen-

97 1256 164 1318 timt
175 1256 267 1319 hodie
285 1279 293 1316 c
308 1255 465 1318 videamus
478 1253 569 1330 alias,
586 1253 649 1316 imo
661 1265 692 1315 ct
704 1254 860 1315 addamus.
874 1250 1044 1314 Namatio
1058 1251 1165 1315 ultima

96 1374 283 1445 paupertate,
300 1360 380 1422 mori
394 1359 528 1421 invitant.
544 1358 630 1423 Dicit
643 1358 772 1440 aliquis,
790 1354 996 1422 «Necessaria
1017 1361 1164 1427 deerunt?

95 1462 223 1527 Primum
237 1468 344 1528 deesse
357 1485 421 1528 uon
433 1479 595 1550 poterunt,
612 1465 683 1549 quia
696 1463 815 1528 Natura
831 1465 992 1528 minimum
1006 1466 1091 1549 petit.
1106 1463 1168 1530 Sed

96 1572 317 1636 sinecessitates
330 1573 442 1636 ultimae
455 1573 636 1647 inciderint,
653 1574 796 1636 exsiliete
811 1575 893 1652 rita,
907 1588 938 1636 ct
950 1575 1096 1637 molestus
1110 1574 1169 1637 sibi

95 1701 152 1742 esse
165 1681 292 1744 desinet.
311 1709 327 1734 n
344 1678 463 1765 (Epist.
479 1683 582 1760 nvn.)
604 1678 687 1761 Quid
703 1680 753 1743 bic
768 1678 943 1764 Epictetus?
958 1681 1093 1760 sortiter,
1112 1701 1167 1744 suo

95 1809 173 1850 more
187 1803 279 1870 atquc
295 1788 397 1851 indole
415 1813 422 1848 :
443 1815 459 1843 c
478 1786 583 1870 Quum
599 1787 690 1851 hodic
703 1788 814 1871 repleti
827 1786 960 1864 fueritis,
980 1777 1089 1850 sedetis
1101 1789 1169 1870 plo-

95 1903 187 1952 rantes
201 1903 233 1951 et
245 1888 384 1967 solliciti,
398 1889 470 1972 quid
483 1911 550 1953 cras
569 1890 732 1952 comesturi
747 1889 819 1950 sitis.
838 1885 1046 1970 Mancipium!
1065 1890 1089 1951 si
1103 1889 1163 1951 ha-

94 1994 204 2072 bueris,
226 1996 354 2058 habebis
371 2020 377 2054 :
396 1997 422 2058 si
440 2016 502 2059 non
518 1996 680 2072 habueris,
697 1992 814 2067 obibis3
837 2008 942 2078 aperta
957 2009 1002 2056 est
1023 1993 1123 2076 janua.
1146 2026 1161 2051 ιι
1254 2019 1259 2028 ·

93 2101 126 2181 (l
136 2101 266 2166 Dissert.
278 2125 345 2187 cap.
359 2102 404 2188 9.)
416 2101 459 2164 At
469 2116 611 2186 parentes
626 2116 657 2165 ct
670 2103 760 2164 amici
774 2100 836 2164 mei
844 2101 1018 2184 plorabunt.
1027 2099 1163 2175 Plorent,

93 2211 176 2270 modo
190 2231 230 2271 ne
246 2223 280 2270 tu
294 2232 302 2268 ε
320 2209 419 2294 ignavi
436 2223 468 2271 et
481 2208 557 2271 mali
571 2209 650 2285 sint,
668 2229 708 2271 ne
721 2221 763 2269 tu.
779 2208 911 2270 Zenonis
924 2207 986 2270 haec
999 2222 1087 2284 sunt,
1106 2208 1167 2270 bo-

92 2316 174 2378 minis
189 2316 289 2380 tetrici
304 2330 335 2378 et
349 2315 463 2379 odiosi?
480 2329 548 2378 sunt
559 2314 705 2400 Epicuri,
721 2318 805 2399 cujus
819 2317 884 2402 ipsa
895 2315 958 2379 haec
971 2337 1081 2401 gnome
1093 2337 1165 2401 pro-

90 2422 166 2484 ditae
181 2421 327 2486 «Malum
336 2425 421 2486 estin
429 2423 606 2488 necessitate
616 2423 718 2485 vivere
730 2447 738 2495 ς
751 2423 844 2486 sedin
854 2423 1032 2486 necessitate
1043 2424 1162 2499 vivere,

89 2532 246 2594 necessitas
259 2531 343 2592 nulla
358 2545 413 2594 cst.
430 2560 446 2587 ι»
462 2530 556 2609 (Sen.
574 2528 703 2615 Epistol.
724 2533 803 2609 x11.)
820 2531 906 2593 ldem
921 2533 951 2593 in
968 2531 1115 2594 molestiis
1135 2546 1166 2594 et

89 2638 200 2699 dolore.
217 2636 375 2722 Diogenes
397 2639 472 2701 olim
488 2659 595 2722 aspere
616 2641 655 2700 ad
674 2637 899 2723 Speusipptun,
917 2638 1114 2714 morbidum,
1134 2651 1166 2699 et

88 2742 117 2802 in
127 2745 292 2825 gestatorio
305 2744 363 2806 sibi
376 2744 501 2806 obvium
516 2790 526 2821 ,
540 2767 633 2825 quum
644 2745 700 2807 iste
710 2745 796 2827 prior
809 2744 948 2806 dixisset:
963 2773 977 2798 ιι
991 2742 1082 2807 Salve
1090 2742 1166 2806 Dio·

90 2847 282 2930 genes-Tu
295 2870 387 2927 vero,
403 2851 500 2932 inquit
511 2895 520 2928 ,
530 2871 593 2911 non
608 2850 706 2924 salve,
722 2852 774 2932 qui
794 2850 862 2912 talis
878 2871 972 2932 quum
985 2851 1041 2928 sis,
1061 2849 1166 2912 virere

87 2955 254 3018 sustines.»
278 2953 379 3018 Movit
401 2954 578 3032 bominem,
604 2969 634 3018 et
659 2969 764 3019 contra
787 2969 872 3018 sectae
898 2978 957 3018 suae
982 2958 1161 3033 decretum,

11 3053 16 3064 ’
86 3061 174 3142 paulo
186 3075 257 3145 post
267 3075 399 3124 mortem
408 3077 515 3148 sponte
529 3063 664 3146 sumpsit
689 3062 807 3146 Aspera
818 3063 940 3144 quidem
950 3062 1009 3126 hoc
1020 3060 1163 3149 Cynicus,

86 3179 115 3226 ut
125 3168 202 3245 dixi,
216 3169 270 3229 sed
281 3188 387 3244 sensu,
402 3157 494 3250 quem
505 3181 535 3230 et
544 3166 659 3230 Fabius
671 3181 756 3231 acute
772 3169 927 3251 expressit.
942 3195 957 3222 c
967 3168 1088 3247 Nemo,
1104 3168 1163 3230 nisi

85 3294 135 3334 sua
149 3275 261 3358 culpa,
279 3273 331 3337 diu
344 3275 436 3337 dolet.
454 3303 470 3350 p
489 3273 595 3356 (Praei.
609 3273 691 3352 Vll,
707 3274 856 3354 Institut.)
870 3273 954 3356 Quid
970 3276 1063 3359 ergo?
1080 3275 1165 3359 igna-

84 3378 160 3440 viter
169 3378 272 3440 statim
280 3379 312 3440 iu
324 3381 452 3458 morbo,
464 3393 515 3442 aut
530 3382 654 3460 dolore,
671 3405 688 3444 c
703 3383 763 3444 vita
777 3382 910 3466 fugiam?
922 3397 1032 3466 negant
1043 3383 1160 3454 nostri,

83 3499 112 3547 et
125 3506 184 3569 pro
198 3487 237 3547 iis
251 3483 367 3550 Seneca
385 3487 548 3573 distinguit.
565 3488 666 3570 Audi,
688 3503 817 3552 scrutate
835 3513 842 3547 ε
867 3517 883 3545 «
899 3487 1047 3550 Morbum
1063 3481 1163 3552 morte
1179 3543 1181 3554 .

82 3614 141 3655 non
156 3593 289 3677 ingiam,
314 3595 456 3668 duntaxat
470 3575 657 3672 sanabilem,
677 3617 734 3659 nec
748 3595 932 3659 officientem
948 3597 1055 3657 animae
1075 3621 1082 3656 ε
1100 3618 1162 3658 uon

82 3700 210 3763 afferam
238 3699 315 3760 mihi
340 3720 449 3763 manus
469 3713 595 3786 propter
614 3701 773 3776 dolorem;
809 3703 853 3766 sic
872 3704 952 3765 mori
969 3747 979 3779 ,
1013 3703 1092 3766 vinci
1109 3716 1163 3766 est.
1203 3761 1207 3772 ,

83 3805 173 3871 Hunc
189 3823 292 3870 tamen
311 3808 338 3870 si
360 3807 457 3872 sciero
477 3823 625 3892 perpetuo
644 3809 720 3870 mihi
741 3809 917 3893 patiendum
937 3855 945 3886 ,
965 3810 1075 3888 exibo,
1098 3830 1160 3872 uon

82 3927 207 3996 propter
222 3915 333 3998 ipsum,
350 3917 402 3977 sed
418 3915 488 3997 quia
502 3915 718 3998 impedimento
729 3915 929 3978 mihifuturus
941 3930 986 3978 est
997 3919 1035 3979 ad
1047 3936 1156 3994 omne,

81 4023 301 4104 propterquod
314 4022 432 4084 vivitur.
447 4020 622 4086 Imbecillus
637 4037 667 4085 et
682 4024 808 4107 ignavus
822 4037 885 4101 est,
901 4024 952 4105 qui
966 4036 1094 4108 propter
1103 4026 1163 4084 do-

81 4124 179 4188 lorem
191 4126 324 4187 moritur
337 4152 345 4198 ;
359 4127 483 4203 stultus,
498 4129 548 4211 qni
564 4129 678 4192 doloris
690 4151 780 4193 causa
794 4130 877 4192 vivit.
891 4157 906 4185 a
924 4127 1039 4214 (Epist.
1055 4129 1159 4212 nvnc)

82 4229 188 4294 Habes
202 4233 253 4296 laic
280 4234 457 4316 capitalem,
472 4250 506 4298 ut
527 4239 570 4302 sic
583 4239 702 4317 ticam,
722 4239 874 4301 rationem
889 4259 1070 4320 caussamque
1091 4257 1162 4300 mo-

81 4339 194 4402 ciendi:
204 4340 229 4403 si
240 4340 315 4422 quid
328 4354 485 4404 externum
497 4343 557 4408 tale
572 4345 641 4424 erit,
656 4359 689 4408 ut
702 4358 754 4408 aut
766 4346 904 4423 honeste,
922 4359 972 4407 aut
985 4337 1098 4416 utilitbr
1115 4343 1160 4406 vi-
