2926 4958
322 435 397 518 xcvj
445 471 448 478 ,
513 427 545 496 J.
571 429 738 498 LIPSll
761 427 1213 499 MANUDUCTIONIS

322 594 389 638 esse
409 571 540 634 studium
561 572 634 633 artis
652 571 858 635 convenientis
869 575 1055 652 (tumtun.)
1067 599 1082 627 a
1095 568 1138 632 Et
1148 570 1229 634 addit
1238 572 1396 658 intelligen-

320 679 481 741 tiaeausa:
493 675 706 742 «Conveniens
716 689 827 752 autern
837 698 930 740 msam
940 689 971 740 et
979 697 1155 762 supremam
1161 677 1302 740 virtutem
1310 707 1323 732 ι
1336 679 1394 755 (De

322 782 429 846 Placit.
440 781 520 847 Phil.
531 779 626 844 initio.
637 785 659 865 ).
670 781 734 860 Ait,
750 784 831 847 Artis
842 803 907 845 esse
918 782 1058 846 studium.
1072 780 1118 844 lta
1127 778 1238 846 Cicero
1250 807 1259 844 a
1274 781 1395 846 «Philo

321 889 428 974 sophia
438 911 490 950 ars
499 889 573 950 ritae.
581 915 596 946 s
609 885 686 970 Quae
697 902 799 952 autem
809 905 846 951 ea
857 889 1030 951 Conoeniens
1039 891 1057 950 i'
1067 889 1133 972 ipsa
1145 892 1180 947 V
1177 891 1253 950 ἰνιιιε
1258 934 1268 962 ,
1280 903 1314 952 nt
1322 891 1395 952 addit

322 994 519 1059 Plutarchus:
532 1007 563 1058 et
572 994 616 1058 sic
625 997 803 1079 Sapientiam
811 994 927 1080 passim
938 992 1034 1058 Stoici
1047 991 1211 1080 appellant.
1223 979 1294 1078 Quo
1314 1017 1395 1059 sensu

320 1106 352 1168 in
375 1102 516 1188 Diogene
540 1099 720 1165 Posidonius
734 1101 842 1165 dicitur
862 1129 878 1158 ι
903 1105 977 1165 duas
995 1103 1131 1187 posuisse
1154 1103 1300 1181 virtutes,
1317 1101 1395 1170 Con-

320 1213 527 1296 templatimm
537 1223 568 1274 et
574 1209 714 1274 Actiram
725 1232 733 1271 t
746 1211 798 1272 alii
804 1224 877 1287 tres,
885 1209 1092 1287 Rationalem,
1099 1209 1281 1274 Natnrnlem
1290 1225 1320 1274 et
1331 1209 1397 1272 Μο-

321 1317 429 1380 ralem.
441 1345 456 1372 n
471 1315 521 1396 (ln
535 1314 682 1398 Zenone.)
690 1313 732 1377 Et
744 1313 875 1392 Cicero,
890 1337 926 1379 ea
940 1316 1059 1401 lingtra:
1070 1342 1089 1373 n
1104 1315 1250 1401 Princeps
1266 1317 1397 1379 omnium

320 1425 463 1486 rirtmum
478 1436 524 1486 est
532 1419 804 1506 Sapientia,quam
813 1431 903 1506 σοφίαν
914 1421 1018 1486 Graeci
1031 1423 1283 1504 vocantu(llDe
1294 1422 1397 1500 offic.)

322 1527 366 1592 Et
377 1531 458 1612 quod
472 1531 511 1592 ad
529 1521 682 1596 inundatio
700 1547 828 1605 vocem,
844 1529 954 1592 iterum
969 1526 1149 1592 Stoicissans
1163 1526 1295 1594 Cicero:
1311 1556 1326 1584 ι
1342 1528 1397 1591 Sa-

320 1635 436 1721 pientia
457 1648 503 1698 est
525 1635 707 1698 conveniens
726 1635 806 1698 actio
825 1660 840 1690 ι
861 1633 932 1714 (Ill
955 1634 1007 1698 De
1030 1634 1175 1715 Finis),
1191 1639 1272 1718 qood
1286 1637 1397 1700 relerre

323 1743 415 1806 etiam
429 1743 468 1804 ad
485 1741 577 1804 finem
593 1740 762 1803 Zenoniurn
777 1741 877 1826 possis
892 1765 900 1802 ι
917 1743 955 1805 ι1ε
971 1762 1032 1824 quo
1048 1743 1150 1804 statim
1162 1741 1310 1826 (Dissert.
1325 1741 1396 1822 η).

321 1848 426 1934 Ergo,
444 1850 574 1913 studium
589 1849 727 1926 rimatis,
746 1849 827 1912 idern
842 1851 983 1932 estquod
996 1851 1069 1913 artis
1084 1851 1308 1914 convenientis:
1324 1851 1397 1912 addo

323 1957 436 2032 etiam,
452 1957 534 2038 quod
548 1967 636 2018 rectae
653 1955 790 2017 rationis.
808 1953 892 2017 Nam
913 1969 996 2020 recta
1012 1957 1109 2035 ratio,
1127 1977 1189 2018 non
1204 1956 1287 2019 aliud
1309 1977 1398 2038 qoam

322 2076 449 2135 natura,
467 2063 612 2142 adquam
634 2060 728 2124 virtus
750 2061 909 2145 dirigitur,
927 2073 958 2124 et
981 2083 1047 2144 quse
1070 2062 1137 2124 linis
1161 2076 1207 2126 est
1229 2061 1300 2126 huic
1324 2062 1398 2123 vitae.

321 2166 431 2232 Postea
442 2167 538 2252 magis
553 2165 701 2252 intelliges
714 2165 811 2238 (inira
828 2165 959 2230 Dissert.
973 2169 1167 2246 xvt,xv11.)·
1182 2167 1325 2250 Denique
1343 2183 1399 2230 stu-

320 2273 404 2337 dium
418 2273 602 2356 corrigendae
616 2273 736 2349 mentis,
754 2285 837 2335 estne
853 2272 935 2336 aliud
951 2295 986 2336 ae
999 2274 1145 2336 sinunt?
1160 2273 1259 2356 Atque
1272 2296 1309 2338 ea
1324 2275 1398 2358 ipsa,

321 2381 388 2442 Len
397 2383 479 2443 vitm
490 2378 552 2443 Sed
565 2393 596 2443 et
605 2393 651 2443 est
659 2379 719 2443 alia
729 2379 883 2457 definitio,
894 2381 920 2443 si
934 2401 995 2443 non
1009 2377 1193 2460 Stoicorum,
1206 2384 1296 2466 digna
1307 2381 1398 2466 ipsis:

322 2515 338 2544 ι
349 2485 579 2570 Philosophiam
591 2507 656 2550 esse
673 2493 778 2580 μιλιτην
791 2495 920 2566 θανάτου,
936 2488 1163 2552 meditationem
1172 2491 1289 2554 mortis.
1303 2519 1318 2545 n
1330 2487 1400 2572 (De

320 2593 426 2658 Ptacie
442 2592 521 2656 Phil.
536 2593 622 2671 into)
635 2592 756 2655 Platoni
773 2615 841 2656 eam
858 2593 1038 2658 Plutarchus
1060 2595 1166 2658 tribuit
1186 2617 1194 2655 ι
1216 2609 1247 2658 ει
1267 2617 1342 2658 sane
1358 2607 1400 2656 est

320 2701 350 2764 in
365 2701 448 2785 ipso,
465 2702 518 2764 sed
528 2696 700 2785 Pythagora
712 2713 815 2762 tamen
825 2699 991 2763 inventore.
1004 2697 1210 2786 Hieronymus
1225 2723 1232 2760 ι
1253 2731 1267 2754 ι
1278 2699 1400 2764 Primus

318 2805 504 2895 Pythagoras
514 2805 588 2868 dixit
598 2850 607 2882 ,
618 2801 849 2890 Philosophiam
862 2805 1090 2868 meditationem
1104 2827 1170 2870 esse
1182 2807 1289 2869 mortis
1303 2830 1311 2868 ι
1328 2827 1401 2888 qno

317 2913 388 2974 tidie
403 2913 441 2974 de
455 2931 577 2974 carcere
595 2911 735 2995 eorporis
751 2911 897 2974 nitentem
917 2914 1046 2975 educere
1060 2911 1168 2975 enimn
1182 2912 1369 2976 libertatem.
1386 2937 1399 2966 ι

316 3018 490 3099 (Adversus
500 3015 612 3081 llulhn.
624 3016 636 3100 )
649 3017 771 3080 Tribuit
785 3031 816 3081 et
830 3015 950 3082 Socrati
968 3019 1091 3101 quidem
1105 3017 1250 3084 Clemens
1261 3021 1399 3086 Alexan-

318 3127 421 3192 drinus
432 3147 440 3185 ι
452 3139 483 3188 ει
492 3125 728 3208 interpretatur,
743 3152 758 3182 n
775 3123 867 3186 avelli
877 3146 895 3187 a
906 3125 1054 3202 sensibus,
1065 3138 1180 3210 etpura
1190 3140 1293 3190 mente
1308 3126 1400 3189 rebus

317 3255 349 3297 se
361 3233 525 3316 applicare,
537 3233 592 3294 sed
601 3231 700 3308 addit,
717 3243 748 3292 et
761 3227 966 3315 Pythagoram
980 3229 1040 3294 hoc
1057 3230 1188 3296 voluisse
1201 3232 1400 3316 quinquennii

317 3339 456 3416 silentio,
472 3351 505 3400 nt
518 3337 664 3400 sciliceta
678 3335 771 3398 rebus
781 3335 941 3399 sensilibus
955 3336 1072 3416 aversi,
1090 3339 1169 3400 nuda
1180 3353 1282 3402 mente
1293 3337 1399 3400 Deum

315 3444 601 3529 contemplarentur.
614 3469 629 3497 a
643 3440 688 3518 (V
698 3438 828 3520 Strom.)
840 3439 909 3524 lpse
917 3437 1007 3506 Plat'o
1016 3442 1247 3528 interpretatur,
1260 3443 1401 3528 corporis

315 3552 418 3636 lugam
432 3549 612 3635 significari,
632 3560 662 3609 ει
676 3547 812 3608 animum
829 3547 861 3608 in
876 3567 908 3610 se
922 3547 1093 3612 collectum.
1112 3577 1128 3604 o
1145 3548 1204 3631 (ln
1214 3549 1399 3631 Phaedone.)

316 3657 397 3739 Quia
408 3675 515 3720 revera
526 3700 535 3728 ,
547 3667 582 3715 nt
592 3653 666 3715 alibi
678 3653 737 3727 ait,
752 3681 767 3708 o
781 3651 983 3738 Philosophus
993 3675 1059 3736 quse
1074 3656 1105 3717 in
1120 3655 1238 3722 civitate
1250 3671 1401 3742 geruntur

312 3776 365 3825 ant
382 3775 466 3848 gesta
482 3773 570 3834 sunt,
596 3760 734 3844 ignorat;
753 3759 816 3820 imo
838 3757 887 3820 vix
913 3760 994 3821 nam
1014 3763 1054 3823 ad
1078 3762 1181 3824 sorum
1205 3777 1256 3826 aut
1277 3765 1399 3828 curiam

311 3881 396 3932 tenet
411 3891 419 3928 e
436 3869 489 3932 sed
502 3885 611 3930 revera
632 3884 743 3950 eorpus
764 3865 829 3946 ejus
843 3875 962 3926 tantum
982 3865 1014 3927 in
1033 3865 1151 3930 civitate
1166 3868 1248 3952 agit,
1266 3883 1322 3930 aut
1338 3891 1401 3952 po-

312 3975 371 4036 tius
390 3973 622 4057 peregrinatur;
638 3992 726 4032 mens
738 3982 840 4032 autem
858 3983 889 4031 et
902 3969 1065 4054 cogitatio,
1082 3971 1147 4036 haee
1163 3973 1267 4034 omnia
1281 3975 1398 4057 parri,

314 4094 366 4143 aut
380 4080 491 4142 nullius
507 4077 658 4140 aestimans
671 4122 679 4154 ,
694 4097 882 4158 quaecumque
901 4075 1102 4160 sertor(cum
1114 4076 1288 4160 Pindaro),
1307 4094 1401 4144 terroe

312 4189 429 4265 iniere,
444 4199 474 4248 ει
482 4183 548 4248 omli
556 4203 666 4267 supera
678 4183 846 4265 pervadens
854 4202 890 4244 no
902 4182 1081 4264 dimetiens,
1098 4197 1127 4247 et
1138 4205 1261 4249 omnem
1281 4186 1401 4270 ubique

311 4308 449 4359 naturam
469 4291 587 4357 curiose
605 4289 796 4372 investigans.
813 4315 828 4346 s
841 4287 893 4364 <ln
913 4287 1045 4369 Theaet.)
1062 4290 1137 4373 Qnae
1158 4293 1200 4356 ita
1219 4293 1364 4360 breviter
1381 4315 1401 4356 a
