2926 4958
245 477 313 546 AD
337 475 511 544 STOIC.
539 473 747 546 PHILOS.
774 475 870 546 LIB.
897 477 948 546 11.
1052 484 1128 570 exiij

75 620 203 682 tascium
221 645 238 672 e
254 616 382 701 (Epist.
404 631 479 678 stu.
492 618 506 694 )
521 616 620 698 Atque
640 617 689 680 hic
713 617 825 699 aliquid
841 619 931 680 etiam
954 619 1131 704 ambigens,

76 727 134 788 alibi
148 725 262 788 lortius
276 723 390 786 adserit
407 746 414 782 ι
432 751 447 777 «ι
463 721 537 784 Non
551 737 612 800 est,
629 724 740 804 inquit,
759 725 839 805 quod
858 726 959 802 dicas,
977 727 1017 788 ita
1032 743 1065 790 ut
1082 749 1136 792 so-

78 829 126 908 les,
152 829 249 892 Hune
270 829 438 912 sapientem
450 842 587 920 nostmm
600 849 747 910 nusquam
760 829 896 892 inveniri.
913 829 985 894 Non
998 835 1136 918 fingimus
1152 812 1157 830 ⁸

77 934 138 998 istud
149 935 280 996 humani
290 933 402 1016 ingenii
411 954 523 996 vanum
533 936 622 996 decus
632 979 642 1011 ,
654 955 708 997 nec
722 936 874 1017 ingentem
885 937 1046 1020 imaginem
1057 939 1137 1003 l'alsse

76 1041 109 1100 rei
120 1041 313 1123 concipimus
326 1062 334 1098 ε
346 1041 399 1100 sed
407 1039 529 1119 qualem
542 1038 781 1117 conformamus,
796 1039 1000 1118 exhibuimus,
1014 1057 1043 1104 et
1056 1045 1137 1106 exhi-

76 1145 215 1210 bebimus.
225 1145 313 1208 Raro
323 1144 448 1208 forsitan
458 1189 467 1222 ,
479 1145 653 1228 magnisque
664 1157 783 1206 etatum
793 1147 958 1209 intervallis
966 1149 1115 1212 invenitur
1127 1175 1136 1212 a

53 1267 57 1280 ·
77 1253 261 1332 nequeenim
275 1271 402 1334 magna,
419 1263 449 1312 et
463 1251 634 1312 excedentis
647 1234 769 1312 solitum
782 1271 817 1314 ac
828 1252 986 1335 vulgarem
995 1257 1136 1334 modum,

75 1358 174 1420 crebro
188 1357 374 1441 gignuntur:
391 1369 533 1420 ueterum
548 1356 597 1419 hie
612 1355 676 1440 ipse
690 1354 737 1418 Μ.
750 1353 846 1434 Cato,
862 1361 973 1441 senius
987 1362 1139 1426 mentione

77 1461 128 1526 hee
140 1463 308 1546 disputatio
328 1459 434 1537 fluxit,
452 1481 560 1524 vereor
578 1481 616 1523 ne
633 1483 724 1546 supra
738 1476 875 1526 nostmm
892 1467 1048 1550 exemplar
1061 1469 1108 1531 sit.
1121 1492 1139 1528 s

76 1566 129 1646 lDe
136 1565 300 1632 Constant.
313 1564 385 1650 Sap.
396 1587 465 1650 cap.
473 1568 521 1646 7.)
531 1565 599 1649 Αὴξὶ
610 1567 654 1628 mi
666 1565 801 1644 Seneca,
815 1569 895 1632 bona
905 1571 1026 1652 quidem
1038 1587 1141 1640 mente

76 1673 129 1754 ipsc
147 1693 259 1747 erras,
281 1687 335 1734 aut
352 1691 407 1734 nos
423 1672 548 1735 inducis.
564 1669 644 1734 Tam
667 1672 805 1740 credulos
826 1688 927 1737 autem
950 1677 1036 1740 esse?
1054 1679 1142 1742 absit.

75 1776 199 1858 Qualem
218 1778 353 1842 describi
366 1776 541 1861 Sapientem
557 1798 576 1839 a
597 1778 683 1842 vobis
702 1779 831 1856 scimus,
850 1801 920 1844 eum
941 1780 1032 1846 luisse
1050 1805 1142 1848 nemo

74 1881 244 1948 Stoicorum
258 1885 332 1946 dixit
348 1907 356 1942 t
374 1913 389 1939 «ι
400 1905 489 1968 posse
503 1897 606 1946 umen
619 1905 702 1956 esse,
718 1905 833 1948 omnes
846 1884 964 1968 »Quod
979 1890 1070 1952 etiam
1083 1891 1143 1955 boc

75 2006 250 2074 argumento
259 1990 422 2074 colligebat
429 1989 622 2067 Posidonius,
631 1991 701 2072 quia
716 1989 891 2069 «Socrates,
899 1992 1065 2078 Diogenes,
1080 1996 1143 2059 An-

73 2096 232 2175 tisthenes,
252 2117 378 2180 magnos
388 2117 565 2180 progressus
578 2096 731 2174 iecissent,
743 2118 800 2162 nee
817 2098 936 2182 longea
950 2101 1062 2164 vertice
1072 2122 1144 2165 con·

75 2203 222 2268 stitissent.
239 2199 387 2281 »(Laert;
401 2203 433 2262 in
442 2203 536 2280 Zen.)
548 2201 652 2284 ltaque
663 2203 714 2284 qui
723 2205 820 2288 magis
829 2206 1050 2280 adniterentur,
1063 2207 1145 2271 bona
1165 2189 1171 2199 ¹

72 2309 185 2388 indole,
204 2311 291 2373 bona
306 2309 478 2393 disciplina,
494 2311 612 2374 assiduo
626 2309 767 2372 exercitio
778 2355 786 2386 ,
798 2333 887 2393 posse
896 2313 1066 2395 pervenire.
1076 2313 1144 2378 Nos

73 2414 238 2480 Christiani
254 2415 435 2493 abnuimus,
452 2427 481 2478 et
507 2435 575 2478 cum
592 2413 719 2484 Platone
744 2417 887 2480 sentimus
906 2441 914 2477 ι
930 2445 945 2472 u
970 2415 1069 2496 Eum,
1093 2421 1146 2502 qui

71 2543 138 2584 rere
152 2521 406 2606 philosophatur,
422 2541 562 2596 censere,
578 2541 726 2601 nusquam
740 2535 792 2583 aut
804 2543 969 2603 numquam
986 2546 1019 2586 se
1033 2547 1142 2607 puram

70 2623 278 2712 Sapientiam,
294 2645 386 2707 quam
398 2628 477 2709 apud
493 2626 606 2690 inferos
622 2640 850 2690 consecuturum
862 2655 877 2680 υ
891 2627 947 2706 (ln
958 2627 1077 2706 Pboed.)
1092 2632 1143 2693 :id

68 2748 129 2809 est,
146 2753 284 2817 corpore
298 2747 435 2810 exutum,
453 2734 486 2795 in'
498 2733 582 2817 puris
600 2731 660 2794 illis
673 2733 827 2814 beatisque
840 2733 929 2811 locis,
945 2739 1025 2818 apud
1037 2751 1144 2800 aucto·-

68 2862 133 2902 rem
147 2839 257 2904 omnis
271 2837 452 2921 Sapientiae,
469 2855 499 2902 et
513 2839 567 2902 sni.
584 2835 645 2902 Sed
660 2859 719 2919 quo
734 2839 833 2902 l'ructu
845 2841 936 2924 igitur
948 2841 1017 2904 talis
1026 2843 1078 2906 ille
1093 2847 1144 2906 de-

66 2947 232 3022 scribitur,
263 2967 352 3026 qnem
371 2967 436 3008 esse
456 2943 572 3008 Natura
589 2945 713 3008 abnuit?
735 2942 866 3020 Dicam,
897 2945 928 3008 in
961 2948 1142 3031 exemplum.

64 3047 195 3136 Species
212 3064 246 3114 et
260 3049 330 3114 ldea
346 3054 480 3133 qudam
493 3051 574 3114 illius
585 3051 702 3115 Summi
716 3053 912 3136 proponenda
924 3066 987 3125 est,
1004 3077 1063 3135 quo
1074 3076 1145 3117 eon·

64 3159 225 3232 nitamur,
251 3179 313 3222 non
333 3158 521 3242 pertingere,
546 3160 599 3220 scd
619 3159 780 3228 accedere;
808 3178 905 3238 neque
929 3161 1063 3240 assequi,
1091 3165 1145 3225 sed

59 3267 208 3330 aemulari
221 3291 229 3338 ;
246 3267 322 3328 sicut
336 3278 489 3328 oratorem
500 3261 609 3328 Cicero
625 3277 656 3326 et
671 3261 784 3326 Fabius
798 3263 947 3342 l'ormant,
966 3268 1015 3347 qui
1034 3287 1096 3329 non
1113 3267 1146 3328 lit

61 3387 113 3432 aut
128 3373 195 3434 erit
211 3417 222 3448 ,
238 3373 293 3433 sed
312 3391 420 3454 nempe
436 3367 581 3454 perfectio
600 3367 654 3430 illa
676 3368 869 3451 exprimenda
884 3383 929 3432 est
954 3394 961 3429 ε
986 3371 1029 3434 sic
1050 3373 1145 3434 nostri

60 3474 263 3561 Sapientem.
279 3475 349 3560 lpse
362 3473 475 3538 Fabius
489 3499 496 3534 ε
512 3501 526 3532 α
542 3473 768 3555 Quaerentibus,
782 3494 821 3535 an
835 3474 903 3536 talis
916 3490 1020 3538 orator
1033 3475 1144 3541 suerit?

59 3581 280 3668 respondebo,
290 3583 442 3662 quomodo
451 3579 543 3643 Stoici
551 3579 597 3655 „si
607 3581 827 3661 interrogentur
836 3604 844 3640 a
853 3578 903 3641 An
911 3577 1038 3663 Sapiens
1048 3583 1143 3662 Zeno,

59 3711 97 3750 an
109 3687 311 3764 Cleanthes,
323 3708 362 3748 an
373 3685 579 3772 Chrysippus?
590 3686 647 3769 ipsi
660 3688 873 3768 respondeant,
887 3705 1014 3769 magnos
1024 3691 1145 3770 quidem

61 3795 129 3858 illos
140 3817 182 3860 ac
194 3791 409 3869 venerabiles,
421 3811 483 3854 non
493 3805 594 3854 tamen
605 3791 635 3854 id
648 3795 729 3872 quod
739 3805 844 3853 nature
852 3791 984 3854 bominis
995 3814 1145 3858 summum

61 3901 179 3978 babet,
199 3912 422 3962 consecutos.»
439 3895 527 3975 (Lib.
544 3895 640 3975 ΧΠ.)
655 3895 696 3959 Et
711 3919 785 3959 rero
800 3898 904 3960 invitat
916 3898 978 3961 baec
991 3903 1146 3983 grandilo—

60 4009 187 4088 quentia
207 4051 217 4082 ,
242 4018 272 4066 ct
289 4003 430 4066 honestos
444 4005 565 4084 quidem
584 4004 701 4066 animos
718 4002 804 4086 erigit
820 4004 858 4064 ad
876 4003 1011 4066 honesta.
1025 4004 1146 4070 Seneooe

59 4113 156 4174 rerba
173 4123 357 4194 opportune
369 4108 429 4172 huc
443 4111 549 4170 ducam
566 4132 573 4164 τ
593 4137 608 4162 α
626 4107 707 4189 Quid
721 4108 853 4186 mirum,
870 4109 894 4170 si
907 4129 968 4170 non
984 4115 1148 4174 ascendunt

60 4219 89 4279 in
100 4218 221 4292 altrum,
237 4217 334 4276 ardua
344 4213 494 4298 aggressi?
504 4212 599 4274 Viros
606 4214 721 4296 suspice
732 4259 742 4292 ,
753 4214 872 4277 etiamsi
880 4215 1029 4289 decidunt,
1039 4239 1148 4302 magna

59 4337 229 4388 conantes.
249 4317 414 4398 Generosa,
428 4340 478 4382 res
492 4332 555 4396 est,
578 4319 787 4403 respicientem
805 4341 867 4382 non
886 4321 925 4382 ad
939 4339 1028 4396 snas,
1046 4325 1097 4385 sed
1112 4325 1149 4386 ad

198 4429 211 4479 1
1000 4426 1017 4475 b
