2926 4958
240 481 311 549 in
336 481 508 551 s'r01c.
534 482 739 552 mutuos.
766 483 857 551 mu.
884 485 936 550 11.
1035 478 1133 562 cxlvii

83 625 145 688 lane
157 639 272 709 partem
287 639 378 702 eunt,
392 639 444 687 aut
454 626 599 710 vergomt?
612 625 811 710 «Antipater,
824 627 904 688 inter
914 648 1040 711 magnos
1049 629 1136 692 sectae

83 731 154 813 hujus
166 735 324 809 ductores,
345 731 458 813 aliquid
474 753 507 794 se
520 731 655 794 tribuere
667 731 739 794 dicit
749 729 908 810 Externis,
928 735 981 796 sed
996 735 1136 818 exiguum

84 841 233 900 admodum.
247 867 262 892 ιι
284 836 331 900 Ita
348 837 449 916 vides,
471 837 560 900 facile
571 859 627 900 nos
638 839 778 901 homines
792 861 810 901 a
824 841 916 923 vulgo
930 855 982 902 aut
993 842 1135 924 opinione

82 945 187 1022 abduci,
211 960 244 1008 et
258 947 433 1029 quotidiano
448 945 530 1007 velut
543 959 682 1010 commotu
695 948 787 1009 etiam
801 946 963 1032 Sapientiae
987 951 1135 1013 studiosos

83 1048 244 1108 attaminari.
259 1047 343 1128 Quid
350 1061 452 1108 autem
460 1045 525 1110 veri
537 1047 582 1108 illi
589 1048 706 1110 nostri?
724 1047 828 1110 obnixi
837 1050 995 1128 resistunt,
1010 1065 1040 1113 et
1053 1052 1136 1114 nulla

81 1144 1139 1232 Boua,praetertlnimi,agn0seunt.Namsisemelhaecadmittis.etvelri·

82 1275 149 1314 mam
157 1255 263 1317 leviter
273 1254 374 1338 aperis
386 1279 393 1313 :
404 1255 470 1336 quis
483 1253 551 1316 finis
561 1268 614 1316 aut
622 1257 731 1317 modus
742 1256 813 1327 erit;
825 1258 946 1340 agmine
956 1259 1136 1342 irrumpent,
1265 1298 1269 1306 ·

82 1375 105 1420 et
114 1363 232 1424 minima
243 1375 434 1424 momentum
446 1375 573 1445 poscent
586 1376 616 1423 et
628 1363 740 1425 lanient
752 1363 784 1425 in
793 1362 889 1426 Beata
905 1366 976 1427 rita.
991 1362 1136 1429 Facient?

80 1467 132 1548 jam
140 1468 280 1532 lecerunt.
292 1467 491 1532 Aristotelem
502 1468 591 1530 audi:
605 1466 714 1531 «Fieri
724 1489 787 1532 non
796 1485 897 1553 potest
910 1486 991 1535 certe
1002 1495 1093 1557 aegre,
1105 1488 1140 1536 ut

82 1574 147 1636 lona
162 1577 270 1659 aliquis
285 1576 379 1640 saciat
391 1576 456 1638 sine
474 1575 619 1639 instructo
634 1589 665 1648 et
679 1591 836 1660 apparatu.
850 1577 949 1641 Multa
960 1581 1042 1641 enim
1057 1579 1140 1643 velut

81 1703 127 1763 per
137 1703 249 1767 organa
264 1683 401 1746 iacienda
418 1695 507 1758 smat,
532 1681 665 1760 amieos,
690 1703 786 1766 opes,
805 1684 926 1747 civilem
944 1687 1074 1768 gratiam
1087 1701 1140 1748 aut

80 1783 241 1862 potentiam.
252 1779 315 1863 Qui
325 1795 427 1844 autem
436 1779 586 1862 aliquibus
596 1795 718 1859 carent,
734 1782 888 1846 maculant
897 1797 927 1846 et
937 1783 1140 1851 soedantBea-

81 1886 220 1952 titudinem
233 1935 244 1966 ,
258 1889 351 1969 utqui
360 1885 529 1950 Nobilitate
539 1933 548 1964 ‚
560 1888 611 1968 qui
619 1885 757 1950 Prolium
764 1890 853 1972 copia
860 1904 912 1951 aut
918 1890 1052 1954 bonitate
1058 1893 1140 1976 (isre-

81 1997 160 2070 ιιίας),
168 1993 354 2076 quiForma.
362 1991 436 2056 Non
446 1995 527 2056 enim
536 1994 627 2076 plane
637 1993 709 2056 ielix
717 2009 772 2073 est,
780 1994 857 2058 facie
863 1986 971 2080 turpis,
982 1997 1135 2082 ignobilis,

80 2114 122 2160 aut
130 2102 279 2164 solitarius
289 2115 321 2163 et
329 2100 478 2184 improlis.
490 2128 504 2154 ιι
517 2097 638 2180 (Ethic.
650 2102 689 2162 ad
697 2098 766 2164 Nic.
777 2098 804 2178 l,
814 2123 880 2184 cap.
891 2101 1037 2180 8.)Deus
1045 2106 1138 2184 bone,

81 2203 289 2286 Nebulonem,
305 2206 433 2285 Proles,
449 2204 598 2269 Formam
611 2208 718 2282 etiam,
733 2208 837 2270 venire
851 2209 883 2270 in
898 2209 978 2275 hunc
992 2215 1138 2278 censum?

79 2310 121 2374 Da
131 2317 247 2378 reniam
259 2310 421 2400 Lycaeum,
434 2326 463 2375 et
476 2326 510 2374 tu
525 2315 590 2395 ejus
606 2314 729 2376 antistes
742 2340 749 2373 ι
762 2334 872 2398 parum
881 2319 1021 2400 generosi
1035 2332 1087 2380 aut
1097 2322 1141 2384 vi·

80 2419 140 2482 n'les
152 2436 219 2484 sunt
234 2421 284 2484 isti
300 2441 475 2497 sermones,
490 2433 525 2480 ut
540 2420 599 2482 sint
613 2421 687 2483 veri.
704 2420 746 2481 llt
760 2423 841 2482 enim
855 2421 979 2506 plenam
993 2421 1141 2490 Felicita-

78 2538 131 2586 tem
142 2541 294 2608 quaerunt‚
311 2525 397 2588 eteui
409 2525 485 2590 nihil
498 2525 586 2588 absit.
595 2524 663 2589 Nos
677 2547 746 2588 una.
759 2525 810 2588 An
822 2549 886 2589 non
900 2529 968 2592 talis
977 2545 1037 2607 est,
1047 2553 1140 2614 quam

77 2629 137 2694 fecit
149 2631 276 2695 Virtus?
296 2629 396 2695 «Haec
411 2632 487 2694 nihil
506 2653 615 2695 vacare
635 2632 747 2716 patitur
769 2633 831 2696 loci
853 2659 861 2694 ε
886 2649 983 2700 totum
1003 2639 1139 2702 animum

78 2751 163 2817 tenet,
180 2739 365 2803 desiderium
378 2740 515 2802 omnium
529 2740 608 2801 tollit
629 2763 636 2800 :
659 2739 724 2801 sola
739 2740 811 2802 satis
826 2754 879 2818 est.
894 2739 1043 2807 Omnium
1057 2749 1140 2812 euim

77 2843 216 2910 huuormn
232 2847 279 2910 vis
296 2860 327 2909 et
341 2847 428 2931 origo
443 2848 475 2907 in
490 2847 556 2930 ipsa
572 2860 627 2908 est.
640 2873 655 2900 ιι
676 2843 764 2926 (Seu.
787 2844 887 2930 Epist.
903 2854 1036 2929 mxxiv.)
1057 2853 1141 2935 Quid

76 2940 179 3015 minuta
195 2953 438 3036 hmeougeris,
462 2975 526 3033 quae
542 2953 652 3016 melius
670 2952 794 3034 aliquod
814 2953 962 3037 altiusque
984 2960 1138 3043 ingenium

75 3058 117 3119 rel
128 3060 190 3122 sine
201 3060 341 3123 doctrina
352 3055 546 3122 contemnat?
567 3085 582 3115 ιι
590 3058 664 3121 Non
676 3072 775 3141 potest
788 3060 820 3121 in
833 3059 890 3124 ltac
905 3061 1041 3128 claritate
1058 3065 1139 3132 Solis

75 3165 193 3230 scintilla
202 3167 322 3230 haltere
329 3178 529 3228 momentum.
538 3192 553 3222 ιι
566 3161 646 3248 (Ep.
658 3166 758 3243 xcu.)
772 3163 880 3229 Simile
889 3169 926 3230 de
935 3168 1136 3248 valetudine,

72 3285 152 3353 atque
161 3273 224 3336 illis
238 3271 406 3355 Corporeis
419 3272 486 3334 dico
500 3295 508 3330 ε
526 3271 620 3332 animi
636 3283 667 3332 et
678 3269 808 3336 Virtutis
820 3275 964 3356 adspectu
979 3291 1064 3340 «tam
1077 3303 1140 3362 pu-

73 3378 131 3440 silla
142 3401 230 3458 esse,
247 3393 281 3442 ut
294 3399 358 3440 uon
372 3377 532 3442 conveniat
545 3376 606 3438 illis
617 3375 699 3437 Boni
711 3397 833 3439 nomen.
846 3407 861 3434 ιι
877 3377 997 3463 (Epist.
1008 3393 1140 3467 cxvnr.)

72 3484 146 3567 Quid
160 3502 269 3550 autem
280 3483 443 3547 Fortunio?
455 3483 572 3566 magist
593 3510 609 3536 o
625 3496 654 3544 et
668 3481 745 3544 nihil
760 3480 883 3547 Bonum
893 3485 982 3550 nobis
996 3490 1113 3552 videtur
1127 3539 1137 3571 ‚

72 3614 123 3674 quo
133 3595 202 3676 quis
218 3607 252 3655 et
265 3591 347 3654 male
362 3591 404 3652 uti
418 3591 523 3673 possit.
532 3617 549 3644 ιι
564 3586 646 3673 (Ep.
661 3587 755 3671 cxx.)
769 3589 923 3675 Ambigua
933 3593 992 3674 ista
1007 3611 1095 3675 sumt,
1110 3614 1139 3663 et

72 3695 171 3773 dubiae,
186 3708 222 3756 ut
238 3691 402 3768 medicam,
417 3691 573 3753 sanitatis:
588 3711 646 3753 nec
658 3717 673 3743 «ι
682 3690 740 3752 nisi
751 3712 844 3772 quum
856 3691 983 3757 honeste
998 3699 1140 3764 adminis-
1252 3737 1257 3746 ‹
1278 3751 1281 3766 .

72 3815 139 3864 trata
148 3813 237 3878 sunt,
255 3799 344 3862 Bona
360 3819 426 3860 esse
442 3795 596 3880 incipiunt.
607 3823 622 3849 ιι
634 3792 715 3879 (Ep.
727 3799 858 3876 cxvttt.)
872 3795 974 3879 Quam
988 3803 1075 3866 molti
1087 3806 1148 3869 vi-·

72 3909 162 3986 ribus,
176 3908 312 3994 opibus,
331 3905 452 3980 forma,
471 3903 603 3965 insuam
617 3901 807 3984 alienamque
818 3905 986 3986 perniciem
997 3924 1065 3972 sunt
1074 3915 1139 3978 usi?
1161 3926 1176 3986 J

71 4009 107 4072 At
117 4013 218 4088 enim,
235 4038 252 4065 a
264 4007 438 4072 Secundum
450 4017 591 4066 naturam
597 4031 613 4058 ιι
626 4017 694 4065 sunt
704 4049 715 4080 ‚
727 4017 760 4064 ut
773 4005 886 4066 aiebas.
899 4003 1012 4071 Fateor
1025 4033 1033 4070 :
1051 4026 1140 4095 atque

72 4119 132 4180 ideo
148 4121 265 4194 etiam,
283 4116 389 4180 sinon
410 4125 570 4196 expetam,
585 4123 696 4193 petam.
718 4137 733 4166 ιι
743 4109 857 4192 Quidni
868 4113 880 4174 Ρ
891 4134 954 4176 non
968 4117 1140 4208 quladiona

71 4241 149 4306 tunt,
164 4229 220 4289 sed
229 4223 303 4306 quia
314 4222 478 4286 secundum
490 4217 639 4281 Naturam
655 4231 723 4278 sunt
739 4241 747 4277 ι
763 4231 803 4295 et,
817 4220 886 4300 quia
902 4219 992 4284 ¹Bono
1002 4246 1020 4286 a
1032 4200 1086 4289 ine-
1095 4231 1140 4312 jn-

73 4333 143 4398 dicio
156 4343 330 4396 sumuntur.
346 4323 440 4409 Quod
450 4325 507 4388 erit
516 4324 548 4386 in
561 4323 621 4388 illis
634 4335 704 4388 nunc
717 4323 857 4424 Bonum?
873 4326 932 4391 hoe
942 4349 1051 4411 unum,
1063 4333 1141 4400 bene
