2900 4944
415 473 589 544 orror
613 475 721 546 xvi.
1042 479 1107 576 ⁴57

44 639 160 691 turum
181 638 231 692 est
247 625 264 690 l
280 623 345 691 hoc
361 623 517 716 precipit
533 626 557 689 ¹.
576 625 724 716 Longam
748 622 797 691 illi
815 624 917 692 vitum
942 625 1021 694 lacit
1039 649 1110 706 ome
1140 697 1144 708 ,

47 740 144 808 nium
160 753 349 830 temporum
367 738 403 804 in
418 761 523 806 unum
538 737 682 806 collatio.
705 738 842 806 Illorum
856 738 1053 808 brevissima
1070 766 1109 811 ac

46 854 285 922 sollicitissima
301 869 380 922 tetes
399 869 466 935 est,
487 855 547 944 qui
569 855 817 946 preteritorum
836 853 1104 941 obliviscuntur,

46 972 230 1064 praeaentia
246 971 436 1065 negligunt,
453 969 495 1038 de
508 970 622 1039 futuro
636 973 772 1040 timent:
789 995 895 1064 quum
908 971 1108 1042 adextrema

47 1089 226 1174 venerint,
247 1111 322 1157 sero
342 1087 538 1180 intelligunt
552 1088 680 1171 miseri,
710 1086 829 1157 tandiu
843 1111 898 1172 se,
917 1087 995 1157 dum
1022 1090 1108 1159 nihil

48 1218 184 1296 agunt,
204 1219 382 1296 occupatos
401 1203 517 1272 fuisse.

97 1321 193 1388 XVI.
215 1323 285 1388 Nec
303 1335 378 1401 est,
409 1317 501 1411 quod
518 1319 584 1386 hoc
609 1337 807 1412 argumento
825 1317 963 1413 probari
985 1336 1107 1413 putes,

52 1463 69 1502 s
94 1436 232 1528 longam
250 1435 326 1503 illos
344 1457 446 1528 agere
466 1436 588 1516 vitam,
610 1435 690 1524 quia
708 1433 879 1502 interdum
898 1449 1040 1505 mortem
1056 1435 1110 1503 in·
1150 1415 1152 1422 Χ

46 1566 207 1624 vocant.»
222 1553 349 1620 Verat²
364 1551 439 1619 illos
452 1548 679 1643 imprudentia
692 1545 854 1619 incertis³
869 1549 1062 1634 affectibus,
1079 1568 1113 1620 et

51 1664 311 1736 incurrentibus
339 1667 374 1733 in
394 1666 467 1757 ipsa
484 1690 559 1756 quae
579 1681 757 1734 metuunt:
776 1681 914 1734 mortem
933 1690 1021 1760 saepe
1036 1667 1113 1737 ideo

51 1796 193 1877 optant,
208 1782 289 1873 quio
300 1783 430 1848 timent.
452 1779 542 1848 Illud
556 1804 691 1872 quoque
705 1797 939 1874 argumentum
952 1804 1021 1855 uon
1035 1800 1085 1852 est
1101 1835 1110 1868 ,

53 1896 148 1991 quod
173 1913 301 1991 putes,
325 1895 386 1964 diu
404 1897 616 1977 viventium,
641 1923 657 1959 o
681 1894 772 1988 quod
790 1919 878 1990 saepe
902 1897 969 1965 illis
994 1898 1114 1994 longus

51 2012 191 2081 videtur
204 2010 276 2080 dies
293 2039 301 2078 ι
321 2009 435 2102 quod,
451 2010 531 2079 dum
546 2011 682 2078 veniant
700 2010 743 2078 ad
757 2008 969 2080 condictum⁴
983 2029 1115 2107 tempus

51 2151 182 2210 coenae,
198 2126 293 2195 tarde
307 2128 359 2194 ire
373 2127 473 2193 horas
493 2140 695 2216 queruntur.
720 2153 734 2189 o
752 2129 836 2194 Nam
851 2128 879 2194 si
893 2127 1028 2219 quando
1041 2127 1115 2196 illos

52 2243 219 2313 deserunt
235 2243 490 2336 occupationes,
510 2243 545 2307 in
565 2242 631 2308 otio
649 2241 757 2309 relicti
772 2257 933 2326 aesmant,
952 2267 1017 2312 nec
1029 2269 1115 2338 qno-

54 2356 155 2426 modo
182 2356 218 2424 id
243 2355 444 2448 disponant,
465 2369 524 2423 aut
541 2355 718 2422 extrahant
733 2351 765 2437 ⁵,
787 2357 908 2424 sciunt.
933 2359 1051 2449 Itaque
1072 2358 1115 2426 ad

53 2473 309 2566 occupationem
321 2471 467 2562 aliquam
479 2468 641 2550 tendunt,
654 2486 689 2538 et
698 2470 789 2562 qnod
801 2472 979 2564 interjacet
992 2524 1001 2556 ,
1018 2479 1124 2543 omne'

54 2605 190 2681 tempus
202 2611 304 2681 greve
318 2601 369 2654 est
386 2613 394 2652 ι
412 2601 478 2654 tam
491 2585 684 2654 mehercule
698 2637 707 2668 ,
728 2611 826 2678 quam
841 2613 944 2680 quum
959 2589 1031 2657 dies
1043 2613 1117 2658 mu-

57 2705 153 2774 ueris
175 2701 365 2796 gladiatorii
384 2701 514 2769 edictus
531 2715 602 2781 est,
624 2715 682 2767 ant
700 2726 802 2792 quum
816 2703 958 2795 alicujus
977 2705 1117 2774 alterins

55 2819 111 2888 vel
142 2815 323 2911 spectaculi
349 2815 403 2882 vel
431 2814 611 2905 voluptatis
636 2830 848 2906 exspectetur
872 2817 1114 2902 constitutum,

55 2930 229 3000 transilire
255 2928 382 2998 medios
406 2919 504 2996 dies⁶
526 2927 654 2995 volunt.
677 2927 796 2995 Omnis
815 2928 882 2996 illis
900 2928 1041 3022 sperate
1067 2933 1117 3000 rei

56 3048 160 3138 longa
178 3043 294 3110 dilatio
309 3057 371 3109 est.
396 3042 440 3108 At
457 3041 543 3108 illud
560 3057 712 3134 tempus,
735 3042 826 3132 quod
837 3050 969 3112 amant⁷
989 3096 997 3127 ‚
1015 3043 1118 3114 breve

92 3280 321 3354 r.Hoeproeer'pr't.
341 3279 360 3329 l.
380 3297 401 3329 e.
415 3277 562 3350 presumit,
613 3279 652 3328 ele
680 3279 782 3329 θάνατον
806 3276 944 3346 pso'yo'srre,
967 3281 1096 3333 tratrem.

56 3359 188 3434 anticipat.
234 3351 243 3360 ⁵
647 3356 670 3420 4.
684 3353 987 3408 θοηάίιὴιιη.δίειυῑιιιιι.

91 3435 565 3490 miunehamerineonmmta
648 3433 671 3482 5.
693 3429 855 3485 Exrmham.
882 3435 992 3500 Terent,
1025 3455 1120 3488 consu-

57 3515 130 3589 volgi
144 3527 169 3568 et
181 3514 344 3568 delicatorum
358 3513 474 3586 carpitur.
616 3520 693 3560 ment.

92 3611 116 3643 e.
132 3591 277 3645 Vexat-.....
288 3604 334 3644 ete.
345 3591 378 3642 Et
388 3589 514 3662 ignoratio
524 3607 569 3640 re-
648 3585 1120 3644 li.Tmnrr'1iremediosdies.Nsmlroc

58 3689 117 3722 mm
130 3681 155 3721 et
166 3667 213 3743 ipsi
224 3669 338 3732 tilectus,
347 3667 569 3738 quibusegitsntur
617 3662 747 3736 spectaculi
760 3683 848 3735 genus,
859 3684 1002 3730 nonmsne,
1010 3667 1053 3720 sed
1067 3681 1122 3742 post

58 3767 102 3800 eos
110 3759 212 3799 vexent.
616 3740 726 3793 mediam
738 3755 846 3795 suetam
854 3743 904 3796 diei
916 3759 1021 3816 partem,
1034 3744 1120 3798 edeba-

92 3827 117 3878 3.
131 3824 250 3877 lamis.
263 3822 365 3886 Incerti,
378 3823 395 3873 i.
404 3820 568 3874 cinordinati
616 3833 666 3881 tur,
679 3832 702 3870 et
713 3837 895 3891 nonnunquam
908 3822 1063 3874 adnotarem
1077 3842 1120 3874 uo·

57 3898 569 3971 tilectussaeiuutmtmortemoptentlrip·
618 3915 716 3949 uamve.

58 3983 113 4034 sins
121 3979 208 4032 laudet
215 3977 362 4032 Democriti.
379 3974 473 4029 (lictum
483 3979 492 4042 (
503 3974 568 4046 opud
652 3993 674 4040 7.
684 3973 724 4026 Ar
731 3975 799 4026 illud
807 3985 920 4044 tempus,
935 3979 1006 4044 quod
1016 3988 1118 4029 antam.

58 4059 133 4112 Stolo
154 4057 235 4110 serm.
251 4055 274 4108 3.
295 4073 351 4128 pag.
371 4073 424 4107 rur.
443 4051 545 4106 Schow.
560 4053 568 4116 )
621 4053 640 4102 l.
651 4063 747 4124 tempus
757 4051 917 4104 constitutum
929 4092 936 4120 ‚
949 4054 981 4106 etl
991 4053 1059 4124 quod
1070 4065 1120 4104 ten·

58 4127 204 4204 liessipem,
212 4136 240 4185 el
249 4133 465 4199 ζ’·ἥνὸςσῖυγίονπς,
473 4137 517 4194 (alt
526 4131 570 4180 33-
621 4128 690 4180 dunt.
700 4127 755 4181 Suo
765 4133 838 4195 ultim·
845 4149 872 4183 ee
882 4149 931 4200 qna
941 4130 988 4202 ipsi
997 4127 1120 4192 luberent,

57 4217 140 4268 eum
162 4213 249 4280 δείματι
271 4203 355 4265 ltro·
379 4222 401 4261 et
425 4211 569 4276 ἅνθρωποι,
620 4205 761 4260 vitiositate.
