2864 4998
334 455 401 546 4⁵⁸
572 455 638 524 DE
659 455 972 526 BREVITATE
996 455 1139 524 VlTAE
1421 533 1422 558 p

335 603 405 670 est,
426 602 460 655 et
472 609 644 682 praeceps,
664 588 867 680 breviusque
879 586 983 656 multo
1001 587 1041 654 fit
1059 611 1120 654 suo
1133 585 1241 652 vitio:
1260 581 1394 652 aliunde
1421 569 1422 600 l

336 703 502 774 enimalio
515 705 743 799 translsigiunt
757 755 766 788 ‚
783 719 817 772 et
826 705 1008 774 consistere
1021 704 1058 770 in
1072 726 1140 770 una
1152 699 1323 796 cupidate
1336 725 1395 768 nm

299 851 315 902 3
335 834 485 912 possum.
502 821 577 886 Non
596 835 673 888 sunt
686 819 753 888 illis
767 819 860 912 longi
877 818 970 901 dies,
988 816 1048 886 sed
1062 817 1175 886 invisi.
1194 817 1242 884 At
1257 833 1393 919 connp.

335 956 435 1026 quam
452 935 582 1027 exigue
596 949 709 1004 noctes
727 934 908 1017 videntur,
927 935 1063 1025 quasin
1076 934 1260 1026 complexu
1275 949 1395 1001 scorto

333 1071 433 1132 rum,
453 1063 512 1117 aut
528 1051 607 1118 vino
618 1045 780 1144 exigunt!
800 1049 901 1118 Indc¹
918 1050 1018 1118 etiam
1037 1065 1215 1142 poctarum
1228 1047 1347 1128 furor,
1359 1047 1394 1112 b

333 1161 423 1232 bulis
441 1163 604 1232 humanos
622 1187 759 1232 errores
776 1163 960 1244 alentium,
980 1164 1103 1255 quibus
1121 1164 1216 1230 visus
1235 1179 1295 1231 eet
1307 1163 1393 1253 lupi

333 1296 386 1349 ter
396 1285 430 1364 ²,
446 1280 616 1374 voluptate
628 1277 826 1348 concubitus
839 1280 1020 1360 delinitio,
1036 1278 1229 1373 duplicasse
1245 1295 1389 1346 noctem.

332 1393 429 1488 Quid
451 1393 545 1464 aliud
569 1412 620 1464 cst
636 1398 718 1465 vitia
744 1411 859 1465 nostra
876 1396 1081 1478 incendere,
1107 1419 1212 1486 quam
1239 1411 1392 1463 ancmrcs

332 1510 400 1580 illis
412 1511 599 1596 inscribere
613 1510 705 1592 deos,
720 1525 755 1580 et
772 1511 853 1580 dare
867 1511 995 1594 morbo,
1017 1511 1168 1604 exemplo
1183 1509 1389 1586 divinitatis,

291 1641 308 1707 4
333 1637 520 1692 excusatam
537 1622 706 1693 licentiam
718 1625 732 1690 Ρ
743 1626 886 1692 Possunt
897 1625 970 1691 istis
984 1647 1052 1691 non
1063 1622 1277 1692 brevissimae
1289 1623 1390 1692 rideri

331 1750 468 1818 noctes,
485 1757 568 1827 quas
582 1751 651 1804 tam
666 1757 743 1804 care
759 1753 951 1804 mercantur
965 1737 980 1802 l
995 1735 1085 1803 diem
1099 1737 1210 1802 noctis
1222 1754 1389 1830 exspecta-

331 1856 422 1926 tione
431 1857 600 1950 perdunt,
615 1873 747 1926 noctem
759 1859 844 1928 lucis
855 1875 958 1928 metu.
974 1861 1060 1952 lpsae
1073 1858 1268 1950 vuluptates
1280 1883 1388 1944 eorum

330 1972 494 2067 trepidae,
521 1989 556 2042 et
577 1977 680 2044 variis
709 1974 894 2044 terroribus
917 1978 1077 2068 inquiete
1098 1990 1203 2058 suut,
1233 1976 1389 2067 subitque

330 2115 436 2184 quum
446 2093 589 2158 maxime
602 2091 804 2162 exsultantes
813 2092 956 2160 sollicita
970 2094 1127 2186 cogitatio
1145 2120 1154 2158 ι
1174 2096 1284 2162 «Hoc
1296 2118 1388 2184 qnam

330 2197 413 2274 diu³
428 2207 463 2274 t»
474 2205 527 2273 Ab
539 2205 604 2273 boc
616 2205 740 2274 aflectu
754 2230 853 2300 reges
869 2231 962 2275 suam
976 2207 1101 2276 lleverc
1114 2210 1319 2300 potentiam,
1334 2233 1387 2278 nec

330 2321 406 2390 illos
425 2319 622 2414 magnitudo
650 2321 792 2389 fortune
811 2345 878 2389 suae
904 2320 1110 2403 delectavit,
1140 2322 1201 2389 sed
1230 2341 1387 2392 venturos

291 2465 307 2516 ς
331 2433 513 2528 aliquando
528 2435 607 2504 finis
623 2437 798 2504 exterruit.
821 2436 939 2527 Quum
963 2460 1025 2530 per
1053 2461 1173 2528 magna
1195 2461 1387 2530 camporum

331 2553 438 2645 spatia
455 2553 647 2645 porrigeret
662 2554 841 2620 exercitum
867 2547 879 2595 ⁴
898 2603 908 2633 ‚
929 2577 993 2622 nec
1011 2577 1187 2622 numerum
1212 2555 1315 2645 ejus,
1336 2553 1387 2622 sed

331 2693 521 2740 mensmam
541 2669 842 2763 comprehenderet
856 2662 868 2704 ⁵
882 2673 1061 2740 Persarum
1082 2694 1138 2738 rex
1165 2672 1387 2739 insolentissi-

332 2807 427 2868 mus,
442 2784 595 2854 lacrimas
608 2783 759 2892 proludit
773 2835 783 2865 ‚
807 2784 899 2876 quod
911 2787 1002 2854 intra
1014 2801 1149 2854 centum
1161 2809 1270 2854 annos
1293 2811 1386 2854 nemo

367 3043 391 3076 ι.
407 3025 483 3076 Inde.
503 3023 540 3074 Ex
555 3021 602 3074 bsc
617 3021 750 3074 vitiositate
768 3033 837 3075 ortos
884 3025 992 3094 legon'ca
1005 3026 1150 3098 mytborum
1162 3027 1270 3100 ineptias
1287 3029 1387 3100 mirige-

334 3114 370 3154 est
388 3111 516 3174 poetarum
528 3098 619 3166 furor,
638 3098 834 3164 enthusiasmos,
884 3101 956 3154 serit.
969 3104 1034 3171 Quat
1045 3101 1086 3154 bic
1101 3103 1181 3156 obiter
1192 3107 1354 3179 perstringit,
1364 3127 1386 3156 ea

333 3178 410 3245 pesle-
884 3178 1007 3250 singulari
1022 3178 1086 3230 libro
1105 3179 1136 3230 de
1158 3181 1336 3252 superstitione
1355 3183 1386 3232 in-

367 3274 390 3305 s.
404 3253 436 3304 V
431 3258 486 3308 nos
498 3261 537 3305 est
547 3250 665 3317 Jupiter,
681 3263 726 3303 etc.
739 3250 837 3304 Alludit
884 3256 974 3328 scripto
995 3256 1113 3309 acerrime
1134 3259 1303 3328 pertractavit.
1316 3259 1387 3330 Cujus

334 3330 366 3384 sd
377 3329 449 3384 loris
460 3327 620 3382 concubitum
631 3349 687 3381 crim
698 3329 835 3392 Alcmena,
885 3331 950 3392 libri,
964 3331 1097 3385 infeliciter
1109 3333 1198 3404 perditi
1209 3335 1352 3406 fragments
1362 3355 1386 3386 ei

333 3419 412 3462 mene
433 3405 573 3470 Herculis,
609 3405 774 3458 notissimum,
798 3405 837 3455 Cl·
888 3409 1029 3481 Augustino
1042 3409 1073 3460 de
1089 3409 1196 3461 Civitate
1214 3409 1266 3462 Dei
1281 3413 1334 3474 Vl,
1351 3432 1385 3465 to,

334 3485 483 3560 Apollodor.
492 3487 528 3552 ll,
538 3486 562 3552 4,
572 3487 597 3550 8,
606 3485 650 3538 ubi
658 3485 749 3557 blegne
756 3507 780 3558 p.
789 3486 839 3550 324
887 3486 989 3558 collegit
996 3487 1093 3559 Lipsius
1099 3487 1243 3539 Elector-:m
1253 3488 1269 3541 l
1280 3490 1315 3552 ll,
1322 3511 1343 3542 c.
1355 3491 1384 3542 rb

333 3583 388 3635 qu.
407 3561 532 3615 Nonnulli
550 3561 629 3626 (luat,
649 3561 693 3613 till
712 3573 776 3622 lm,
794 3559 838 3612 all!
920 3561 944 3614 3.
958 3563 1047 3615 «ΗΜ
1056 3583 1139 3632 9110111
1147 3567 1220 3619 diu?
1233 3589 1248 3612 ι
1266 3567 1338 3620 Iden
1348 3589 1384 3620 α·-

334 3658 426 3693 norem
435 3650 520 3691 ooctes
529 3638 558 3690 in
566 3637 675 3690 Hercule
684 3635 838 3709 procreando
887 3641 964 3692 currit
983 3639 1119 3711 deTreuq.
1138 3642 1226 3694 bniini
1241 3644 1280 3708 ll,
1299 3645 1340 3709 13,
1349 3645 1385 3696 obi

335 3737 351 3770 a
369 3717 435 3769 Jove
454 3733 505 3768 esse
531 3727 687 3786 consumptss
707 3713 838 3766 tradidere.
888 3717 955 3768 vido.

335 3793 505 3851 llemsterbus.
514 3795 548 3848 sd
559 3794 664 3846 lanciani
677 3793 764 3846 Sumo.
774 3793 803 3843 T.
814 3795 835 3858 1,
920 3799 942 3861 4.
953 3795 1110 3863 Pcrnsagno
1117 3817 1271 3864 campum
1279 3807 1377 3866 :patim

334 3899 359 3950 p.
369 3895 459 3946 noosq.
470 3875 527 3948 Bip.
535 3874 658 3928 Caeternm
667 3873 720 3926 bete
727 3873 836 3925 invectio
884 3875 1032 3926 excretum
1042 3873 1138 3945 Nempe
1148 3893 1216 3926 anno
1226 3888 1280 3926 ent.
1292 3877 1349 3928 Cbr.
1359 3879 1381 3926 Ν.

334 3954 363 4006 in
375 3951 516 4006 fabularum
527 3964 640 4006 suctores
651 3952 727 4022 joma
745 3951 837 4002 Xeno·-
886 3953 945 4016 480,
961 3969 1040 4020 quum
1057 3951 1251 4023 Hellespontum
1267 3957 1382 4006 tramit·

336 4032 418 4104 pbsns
441 4043 466 4084 ct
489 4032 595 4086 Platone
620 4031 731 4084 instituta
745 4030 835 4081 Nostro
885 4039 947 4079 teret
961 4026 1142 4098 Tbncismque
1163 4029 1264 4102 ingenti
1290 4051 1382 4084 numm

336 4108 414 4179 digne
426 4119 461 4160 est
472 4125 479 4157 :
492 4107 536 4178 qui
550 4120 574 4159 et
584 4109 611 4161 in
624 4128 654 4160 eo
666 4127 679 4160 ι
691 4107 780 4160 Stoicis
792 4107 836 4160 de·
886 4104 1036 4177 compleret,
1050 4107 1173 4160 Gratiam
1187 4108 1357 4162 debellaturus

337 4183 433 4250 sciscit,
451 4183 518 4250 quod
532 4183 575 4236 illu
587 4183 787 4256 interpretatione
799 4183 836 4235 sl·
919 4187 941 4234 5.
955 4183 1007 4238 Nec
1015 4185 1380 4254 numerum-„scomm-
