2896 4958
244 482 312 550 AD
336 483 507 554 STOIC.
534 481 743 554 PHILOS.
770 482 868 552 LIB.
892 483 967 550 Ill.
1022 483 1130 573 ccxliii

74 623 198 706 negotio,
210 626 291 706 quod
300 624 463 702 miremur,
473 623 638 708 usurpavit.
649 650 664 677 o
674 621 770 700 Utor,
779 621 890 704 inquit,
901 621 959 686 hac
968 636 1131 707 potestate,

74 743 101 789 et
114 729 243 810 quotidie
260 732 341 814 opud
354 751 406 793 me
422 751 545 794 mutam
561 731 638 794 dico.
653 728 758 811 Quum
778 729 929 792 sublatum
945 742 991 792 est
1007 729 1132 806 lumen,

73 849 102 896 et
120 837 260 898 conticuit
280 855 357 898 uxor
375 836 472 898 moris
494 835 554 898 mei
573 837 636 918 jam
656 835 797 913 conseia,
815 848 911 897 totum
931 836 1011 897 diem
1032 857 1135 898 meum

73 953 205 1018 scrutor,
234 941 313 1003 suctu
339 961 374 1003 no
399 943 477 1004 dieta
496 961 565 1003 rnen
586 941 741 1004 remetior.
765 939 851 1002 Nihil
875 939 952 1002 mihi
972 941 1036 1023 ipse
1060 940 1135 1002 ahe-

74 1048 185 1120 oondo,
203 1046 280 1108 nihii
294 1061 433 1125 transeo,
451 1067 544 1128 quare
559 1047 640 1110 enim
654 1047 816 1130 quidquam
834 1067 871 1110 ex
889 1047 1043 1110 erroribus
1059 1045 1137 1108 meio

71 1153 209 1230 timeam,
220 1175 312 1234 quum
320 1154 435 1236 possim
445 1154 546 1218 dicere
556 1152 653 1230 ‚Vide
662 1175 701 1216 ne
712 1153 790 1216 istud
798 1151 928 1238 emplius
938 1145 1045 1224 tadeo
1057 1171 1137 1215 nuno

70 1259 123 1321 tibi
134 1260 270 1343 ἰςιιοεοο.
279 1289 294 1314 »ι
307 1257 339 1322 Ο
349 1261 397 1322 vei
407 1259 466 1322 hoe
479 1273 658 1344 argumento
675 1260 771 1322 tirum
785 1260 919 1338 bonum,
936 1261 1035 1322 virum
1049 1280 1135 1344 mag-

71 1369 165 1429 num!
185 1368 282 1450 etqui
298 1389 360 1429 non
379 1367 497 1451 scripsit
512 1366 661 1448 sensitque
680 1366 778 1428 tolum
791 1364 885 1442 talio,
905 1368 958 1429 ted
975 1364 1065 1450 iecit!
1081 1385 1138 1427 noo

71 1495 208 1556 quoqne.
225 1488 259 1535 tu
275 1495 361 1536 ment
376 1519 385 1550 ,
401 1487 432 1536 et
446 1471 585 1536 Examen
600 1473 679 1551 hoo,
694 1473 848 1535 stimulum
859 1486 889 1535 et
897 1459 1052 1556 protelum
1065 1471 1138 1534 Vir·

70 1579 160 1656 totis,
175 1579 307 1660 quotidie
318 1577 522 1640 adhibeamus.
533 1604 547 1632 ι
560 1577 642 1658 Quid
651 1579 733 1642 enirn
743 1577 897 1662 pulchrius
910 1577 967 1640 hac
981 1589 1139 1641 eonsuetu-

71 1686 161 1762 dine,
175 1685 342 1748 exontiendi
357 1675 454 1747 totum
472 1684 576 1748 dienss’
589 1685 685 1767 qualis
699 1685 750 1748 itte
765 1705 905 1759 somnus,
921 1697 990 1768 post
1002 1685 1138 1768 recogni-

71 1792 187 1852 tionem
201 1791 265 1868 eui,
281 1789 438 1872 sequitur?
453 1811 545 1873 quam
558 1789 754 1872 emptum,
769 1790 866 1868 altus,
883 1810 918 1854 oc
933 1789 1031 1853 iiber?
1045 1811 1139 1872 quum

70 1910 122 1958 aut
135 1896 273 1959 laudatus
288 1897 484 1973 counimus,
500 1910 551 1960 out
563 1897 753 1975 admonitus,
771 1909 802 1958 et
816 1894 987 1979 speculator
1001 1894 1048 1957 tui
1062 1915 1139 1956 oen-

72 2023 182 2084 sorque
195 2017 329 2066 secretus
341 2003 454 2084 judicat
463 2004 501 2064 de
517 2001 654 2064 moribus
667 2003 773 2064 suist»
791 2000 901 2085 (thio.)
918 1998 959 2063 Et
969 2000 1000 2062 in
1015 1999 1063 2062 his
1075 2021 1140 2062 rno-

72 2115 142 2176 nitiu
156 2127 186 2176 te
199 2115 317 2176 dimitto
331 2137 338 2174 ε
356 2112 544 2198 Sapientiam
555 2159 565 2190 ,
577 2129 609 2177 et
622 2115 761 2178 doctores
775 2114 839 2197 ejus
855 2133 943 2187 amn,
959 2125 988 2176 et
1002 2133 1074 2189 me,
1088 2112 1140 2192 qut

73 2233 194 2284 conatu
208 2243 286 2285 esse.
