2926 4958
293 509 334 552 xc
472 482 504 548 J.
530 481 696 552 LlPSll
720 479 1185 551 MANUDUCTIONIS.

292 635 367 708 pore
379 623 503 690 claudius
515 645 551 687 ac
562 623 683 696 debilist
699 639 801 688 mente
814 624 1041 702 nobilissimos,
1057 639 1087 687 et
1103 626 1181 688 inter
1199 624 1372 687 'omnisaevi

291 729 406 792 lumina
421 729 548 794 refulsit.
561 728 632 813 lpse
648 732 685 792 de
701 751 733 793 se
748 732 1001 816 epigrammation
1013 731 1072 796 hoc
1082 731 1203 816 scripsit
1218 755 1225 790 ι

491 865 582 922 Δοῦλος
595 851 851 931 dalamantiam,
862 863 899 915 zai
912 861 1106 932 stipa-cumbe,

519 953 567 1008 Kal
579 955 663 1010 esaiae
671 937 743 1022 lpse,
754 955 793 1006 ael
802 955 869 1020 φίλος
881 955 1013 1016 ἀθανάτοις·

488 1044 582 1098 Servus
595 1043 723 1116 Epictetus
736 1063 792 1098 sum
805 1057 890 1110 uatus,
902 1064 1006 1120 corpore
1017 1042 1129 1104 claudus,

521 1136 577 1188 ltus
590 1136 720 1210 pauperie,
733 1135 830 1190 deliciae
840 1157 967 1208 superum.
991 1160 1002 1181 ν

335 1244 420 1330 lpse,
433 1246 574 1328 inquam,
588 1246 650 1309 sive
658 1248 695 1309 de
707 1247 773 1330 ipso
783 1247 875 1310 alius¹
892 1272 899 1310 :
913 1249 967 1312 sed
977 1241 1370 1326 confessionemingenuom

295 1353 397 1430 vides,
414 1367 443 1415 ct
456 1375 639 1435 generosum
654 1353 689 1418 in
708 1353 767 1416 fine
782 1355 934 1430 additum,
949 1355 1134 1416 deamicitia
1148 1353 1257 1412 divino.
1275 1377 1290 1404 u
1302 1347 1374 1410 Na-

291 1473 358 1522 tum
375 1457 537 1544 Hierapoli
551 1505 561 1537 ,
575 1457 714 1548 Phrygiae
734 1462 865 1546 oppido,
882 1463 1003 1524 tradunt
1019 1485 1026 1522 :
1044 1457 1180 1522 Routarn
1201 1459 1371 1521 traductum
1452 1499 1455 1508 ι

294 1566 423 1630 servisse
447 1567 621 1631 servitutem
638 1567 680 1652 (si
696 1567 727 1628 id
742 1588 855 1630 nomen
871 1567 903 1630 in
917 1566 997 1632 hanc
1011 1567 1153 1630 virtutem
1167 1565 1266 1642 cadit)
1281 1560 1376 1646 Epa-

292 1674 434 1758 phrodito
447 1672 598 1750 Neronis,
611 1674 664 1754 qui
674 1673 760 1736 luita
776 1675 910 1738 custodia
924 1674 1062 1758 corporis
1073 1672 1120 1734 illi
1129 1671 1277 1756 principi:
1289 1670 1374 1733 clau·

294 1783 366 1844 dum
380 1794 503 1860 autem,
520 1803 537 1844 e
558 1781 759 1844 destillatione
781 1780 813 1842 in
836 1802 904 1844 eam
923 1795 1046 1864 partem
1063 1779 1202 1863 corporis
1218 1774 1337 1860 illapsa.
1355 1805 1371 1830 u

293 1883 370 1948 ttae
383 1886 448 1950 lere
462 1885 570 1950 Suidas
584 1911 593 1948 ν
607 1885 647 1948 A.
664 1882 784 1950 Gellius
800 1887 911 1964 eham,
934 1887 985 1968 qui
1003 1887 1103 1950 virum
1121 1885 1286 1948 admiratus
1305 1896 1372 1958 est,

226 2051 230 2058 .
296 2021 311 2048 u
336 1992 457 2076 pulsum
469 1991 572 2056 Roma
586 1994 683 2056 edicto
701 1992 755 2056 illo
769 1992 931 2056 barbarico
948 1991 1135 2068 Domitiani,
1156 2013 1217 2074 quo
1231 1990 1375 2074 philoso-

290 2098 368 2182 phos
383 2119 490 2162 omnes
503 2099 542 2162 ab
557 2099 633 2162 urhe
649 2098 796 2184 relegarit
814 2122 821 2160 ι
840 2111 871 2160 et
885 2099 917 2164 in
932 2097 1022 2183 Epiri
1035 2097 1182 2182 Nicopoli
1199 2099 1280 2160 diem
1296 2096 1375 2158 ulti·

293 2225 381 2268 mum
396 2205 519 2270 obiisse.
536 2232 553 2260 ιν
571 2201 658 2286 (Lib.
672 2203 752 2284 XV,
775 2225 840 2289 cap.
860 2207 930 2284 u.)
945 2205 1041 2266 Aiunt
1053 2205 1091 2267 ad
1112 2203 1213 2266 Marci
1226 2201 1377 2265 Antonini

292 2311 491 2396 Imperatoris
505 2325 646 2396 tempora
660 2312 783 2374 durasse
801 2335 810 2372 :
825 2314 907 2392 quod
922 2311 963 2372 ita
979 2309 1088 2374 Suidas
1101 2311 1249 2394 prodidit,
1266 2309 1377 2372 etAn-

293 2420 431 2482 toninum
441 2417 658 2502 philosophum
667 2418 850 2502 accipimns3
862 2439 935 2482 nam
943 2413 1016 2481 Pius
1030 2417 1103 2495 ille,
1119 2416 1182 2479 Tin
1196 2436 1375 2500 praenomen

294 2526 395 2610 gessit.
419 2523 490 2587 Hoc
505 2525 574 2586 ideo
597 2523 744 2602 observo,
767 2523 839 2606 quia
854 2522 1094 2588 consideratione
1109 2521 1209 2605 aliqua
1224 2535 1295 2607 eget
1312 2545 1320 2582 a
1344 2535 1380 2584 et

294 2652 312 2694 a
325 2629 461 2695 Neronis
474 2642 593 2704 morte,
608 2631 647 2693 ad
659 2629 743 2691 initia
757 2625 859 2693 Marci
867 2627 1032 2706 Antonini,
1046 2641 1114 2692 sunt
1126 2629 1196 2691 anni
1209 2629 1377 2690 admodum

294 2738 456 2822 nonaginta
465 2750 604 2820 quatuor.
615 2733 780 2817 Quomodo
793 2757 865 2820 ergo
876 2736 933 2798 suh
946 2733 1089 2805 Naroue;
1102 2735 1161 2798 nisi
1173 2757 1251 2819 puer
1263 2734 1376 2818 plane,

295 2843 422 2906 vixerit?
434 2841 478 2904 Et
491 2840 702 2927 Epaphrodito
717 2855 820 2904 tamen
833 2843 961 2906 servisse
969 2844 1042 2922 (sed
1055 2841 1258 2925 sortassepost
1267 2838 1380 2903 Nero-

295 2951 388 3033 nem)
402 2951 466 3035 ipse
481 2952 577 3016 etiam
592 2951 724 3028 indicat,
742 2963 773 3013 et
792 2953 894 3034 jocose
911 2953 975 3034 ejus
988 2950 1128 3013 meminit
1143 2949 1157 3010 l
1177 2947 1379 3012 Dissertatio·

294 3077 389 3136 uum,
407 3077 481 3138 quas
500 3055 649 3118 Arrianus
670 3056 807 3142 digessit,
829 3078 896 3140 cap.
914 3079 962 3142 ¹9·
981 3055 1034 3120 De
1047 3058 1217 3121 conditione
1241 3071 1293 3118 aut
1310 3077 1379 3118 aero

294 3163 375 3244 ejus,
387 3161 532 3224 hactenus
543 3159 607 3223 scio
620 3183 628 3219 ε
640 3160 702 3223 rita
714 3161 959 3226 emendatissima
969 3162 1039 3240 luit,
1053 3177 1084 3224 et
1097 3161 1188 3245 platoe
1201 3162 1240 3222 ad
1250 3162 1378 3234 scitum,

294 3270 377 3352 qnod
389 3267 422 3330 ‘m
436 3288 490 3330 ore
503 3265 637 3330 hahebat
651 3292 658 3327 :
677 3293 692 3322 u
708 3264 860 3343 Contine,
877 3282 907 3332 et
920 3269 1048 3346 matina.
1062 3296 1077 3326 ν
1090 3268 1170 3331 ltem
1179 3267 1277 3330 hostis
1287 3267 1381 3330 fuco—

185 3437 187 3442 .
294 3397 386 3452 rum,
401 3374 453 3457 qui
466 3372 665 3456 philosophos
677 3372 783 3436 habitu
797 3389 828 3438 et
840 3376 941 3438 rerhis
957 3375 1158 3460 praeferrent,
1174 3374 1235 3448 rita
1248 3375 1381 3456 degene-

295 3493 421 3542 rarent:
438 3500 513 3561 quos
531 3479 583 3542 ille
603 3479 781 3564 appellitare
797 3481 918 3560 solitos,
935 3510 951 3536 ι
967 3480 1170 3565 Philosophus
1184 3479 1251 3543 sine
1266 3479 1378 3553 lactis,

187 3573 192 3598 ⁸
298 3587 446 3648 dictorum
460 3600 557 3648 tenus.
574 3613 589 3640 ν
610 3584 669 3668 (A.
681 3582 752 3680 Gal.
768 3584 883 3664 XVII,
901 3609 968 3672 cap.
988 3594 1055 3674 19.)
1071 3587 1170 3652 Unica
1181 3608 1257 3650 anus
1270 3588 1302 3647 in
1315 3585 1382 3647 mi-

297 3691 421 3754 nisterio
436 3692 465 3753 ei
479 3692 553 3770 luit,
569 3691 658 3754 unica
671 3691 795 3754 lucerna
809 3689 908 3756 fictilis
919 3695 1001 3776 (hoc
1012 3695 1213 3758 domesticum
1222 3713 1315 3754 omne
1327 3691 1381 3752 in·-

297 3798 517 3880 strumentum)
543 3802 580 3862 ad
603 3799 719 3862 dunas
743 3799 812 3861 illas
837 3799 1061 3864 lucubrationes
1085 3824 1093 3861 ε
1117 3821 1185 3882 quae
1208 3798 1334 3862 lucerna
1360 3821 1381 3860 a

298 3919 398 3968 morte
416 3907 480 3988 ejus
493 3906 578 3969 mille
593 3905 743 3970 drachmis
757 3912 821 3987 (ter
836 3909 957 3970 milleio
971 3907 1108 3971 Luciano
1132 3907 1211 3970 Λᾶν.
1232 3905 1383 3984 ludoct.)

300 4013 416 4086 vaeniit,
432 4013 464 4076 in
484 4013 667 4075 memoriam
687 4011 826 4076 heroisce
843 4013 925 4078 illius
944 4029 975 4078 et
992 4015 1153 4076 honorem.
1177 4011 1322 4097 Scripta,
1347 4026 1384 4072 ut

299 4121 403 4205 tetigi,
422 4141 518 4204 pauca
539 4133 655 4184 exstant
675 4141 684 4180 s
705 4117 904 4185 Enrhiridion
924 4143 997 4185 sane
1020 4121 1197 4206 egregium»,
1219 4133 1249 4182 et
1268 4119 1384 4182 Stoicae

301 4226 427 4290 moralis
445 4225 645 4310 philosophiae
671 4227 755 4290 velut
777 4229 893 4302 animm
920 4231 995 4292 item
1015 4228 1274 4300 Dissertationcs,
1303 4248 1384 4309 quas

335 4377 343 4408 ¹
355 4374 394 4425 lta
404 4375 434 4429 A.
444 4371 544 4426 Gellius
554 4407 562 4440 ,
572 4372 617 4442 qui
627 4370 674 4444 ipsi
686 4371 773 4424 tribuit
784 4389 791 4429 t
803 4383 828 4424 at
839 4373 867 4427 in
880 4373 1036 4447 Authologia
1046 4412 1054 4443 ,
1064 4374 1193 4428 Leonidae.
