2930 4956
66 477 1125 516 m

147 681 248 786 DE
287 682 343 787 L.
386 683 671 788 ANNAEO
711 681 1015 790 SENECA

250 937 481 1012 turonum
507 937 775 1012 AUCTORUM
801 938 920 1014 LOCI.

527 1187 661 1236 Γ*

392 1467 547 1534 Eusnttto,
561 1471 589 1522 iu
602 1468 785 1548 Cbronologia.

95 1621 156 1685 ab.
180 1625 327 1686 Amos
351 1619 478 1684 Semel
497 1621 721 1699 Cordubensis,
745 1637 912 1708 praeceptor
925 1623 1076 1700 Neronis,
1094 1639 1124 1686 et
1194 1649 1196 1660 ·

62 1743 172 1813 patruos
192 1727 312 1794 Lucani
334 1743 451 1814 poetae,
480 1731 625 1795 incisione
653 1753 818 1808 venarum,
836 1745 867 1794 et
889 1733 995 1794 veneni
1016 1731 1124 1795 haustu

63 1837 148 1916 periit.
164 1865 181 1892 ιο
198 1831 348 1921 (Olymp.
366 1835 466 1918 ccxl.)

235 2015 270 2070 n
283 1989 932 2091 nmmumnsmprmtuucommuo„

93 2184 107 2210 ι
119 2155 153 2218 L.
165 2157 304 2220 Aornos
319 2155 436 2220 Seneca
449 2154 673 2236 Cordubensis,
691 2157 824 2220 Sotionis
837 2157 931 2222 Stoici
945 2157 1121 2243 discipulus,

59 2275 87 2322 et
97 2277 217 2346 patruus
236 2260 355 2326 Lucani
366 2277 479 2347 poeto,
495 2264 757 2328 continentissimae
772 2266 838 2328 vitae
852 2265 908 2326 luit
930 2290 937 2325 ε
955 2287 1046 2347 quem
1061 2286 1123 2328 non

56 2391 192 2452 ponerem
209 2371 244 2432 iu
258 2367 409 2454 Catalogo
431 2367 630 2450 Sanctorum,
646 2372 704 2433 nisi
718 2373 768 2434 me
787 2371 850 2433 illae'
862 2371 993 2456 epistolae
1005 2368 1123 2457 'provo-

56 2491 149 2540 carent
163 2499 232 2560 qnae
245 2477 418 2561 legtmtura
436 2477 575 2561 plurimis
589 2476 678 2541 Pauli
697 2479 736 2540 ad
758 2475 928 2556 Senecam,
949 2493 979 2541 et
1003 2477 1124 2542 Senem

54 2585 87 2644 ad
98 2583 227 2647 Paulum
247 2585 304 2645 :iu
319 2584 443 2666 quibus,
465 2607 557 2666 quum
572 2597 650 2648 esset
669 2583 804 2648 Neronis
817 2586 975 2669 magister,
992 2600 1022 2647 et
1043 2586 1123 2648 illius

53 2693 191 2774 temporis
204 2692 450 2776 potentissimus,
468 2706 574 2776 optare
596 2713 628 2754 se
650 2692 740 2770 dicit,
759 2695 855 2776 «ejus
877 2715 943 2755 esse
960 2692 1020 2756 loci
1044 2697 1123 2776 apud

54 2823 67 2847 ·
80 2818 149 2860 snos
162 2812 183 2867 ¹.
198 2799 287 2880 eujus
303 2799 341 2860 sit
353 2796 464 2860 Paulus
478 2801 558 2882 apud
572 2795 797 2862 Christianos.»
815 2796 875 2860 Hic
889 2812 958 2860 ante
969 2797 1124 2861 biennium
1162 2807 1165 2810 '

51 2923 135 2982 quam
147 2903 261 2968 Petrus
275 2919 307 2967 et
318 2903 430 2968 Paulos
446 2919 664 2968 coronarentur
678 2907 838 2993 martyrio,
854 2927 871 2967 a
883 2900 1011 2968 Nerone
1025 2907 1123 2970 inter-

51 3007 243 3073 [comesos

149 3185 385 3242 oonnmnrus
397 3179 537 3254 nariodus
551 3202 581 3239 ut
594 3187 610 3238 J
615 3201 753 3252 ovrutms
761 3187 813 3240 Sat
823 3189 847 3241 V
857 3225 865 3251 ,
877 3209 950 3242 verm
963 3209 1017 3262 ¹⁰9

85 3357 100 3382 ι
116 3333 145 3392 A
169 3333 297 3392 Seneca.
322 3327 383 3392 fflc
404 3330 460 3391 sub
480 3327 631 3406 Claudio,
647 3331 732 3411 quasi
751 3331 887 3394 conscius
904 3331 1122 3395 adulteriorum

48 3435 130 3498 lulio
145 3435 335 3501 Germanici
353 3435 441 3514 filiae,
463 3437 495 3497 in
508 3433 667 3500 Corsicam
688 3436 856 3520 relegatus,
873 3451 942 3521 post
959 3440 1123 3501 triennium

48 3557 199 3606 revocatus
214 3555 283 3614 est;
300 3542 351 3623 qui
367 3543 421 3604 etsi
435 3563 547 3626 magno
561 3542 710 3605 desiderio
725 3541 859 3606 Athenas
873 3544 1060 3621 intenderet,
1082 3546 1122 3608 ab

49 3647 209 3737 Agrippina
225 3665 334 3713 tamen
356 3649 519 3712 erudiendo
536 3648 655 3712 Neroni
674 3651 705 3710 in
724 3651 871 3734 palatium
887 3654 1050 3731 adductus,
1070 3675 1121 3716 sae-

51 3779 109 3820 rum
124 3761 365 3838 immanemque
386 3771 490 3818 natum
509 3771 539 3818 et
559 3757 653 3819 sensit
672 3757 754 3835 cito,
773 3772 804 3821 et
822 3758 991 3842 mitigavit²
1015 3784 1021 3819 :
1043 3761 1121 3824 inter

76 3997 83 4026 ¹
94 3993 158 4063 Ejus
168 4013 232 4048 esse
240 3995 296 4046 duci
306 3993 383 4059 apud
392 4009 461 4043 suos.
474 3990 530 4043 lloc
542 3990 570 4042 in
585 3987 742 4042 adsimulatis
757 3989 808 4042 illis
822 3991 932 4063 epistolis
944 3992 1118 4046 adumbratum

50 4099 129 4141 mat:
140 4111 153 4134 ι
165 4089 238 4141 Nam
254 4083 302 4156 qui
314 4103 386 4135 mens
398 4083 464 4156 apud
478 4095 502 4134 to
515 4082 598 4148 locus,
616 4081 659 4152 qui
673 4094 730 4134 tuus
743 4080 821 4135 velim
834 4095 862 4136 ut
877 4103 953 4138 mens.
967 4107 981 4134 o
992 4085 1119 4140 balbutiet

52 4187 92 4238 ot,
102 4178 228 4250 fueritque
244 4194 252 4229 τ
268 4197 283 4222 ι
296 4173 342 4245 qui
354 4185 411 4226 tuna
423 4173 489 4247 apud
502 4185 557 4226 tuos
568 4171 638 4226 locos
648 4210 655 4237 ,
666 4172 742 4226 velim
756 4186 783 4226 ut
793 4193 873 4227 meus.
885 4197 899 4222 n

75 4267 248 4330 'Sensideitm
261 4276 288 4318 et
298 4267 437 4332 nnlr'guot'l.
449 4263 499 4318 Pro
509 4275 591 4318 monte
604 4263 751 4318 Scholiasta
763 4265 895 4319 videbatur
904 4283 910 4320 :
918 4289 931 4315 «
939 4280 963 4319 et
974 4267 1118 4323 indicavit.»

55 4357 107 4411 Nan
116 4359 253 4434 sequentia
266 4356 304 4410 sit
314 4355 413 4408 volunt.
