2896 4958
314 433 382 514 nn
489 430 522 496 J.
549 429 722 502 n11³s11
746 410 1225 524 nsuunucnronrs'

312 593 400 648 snm,
416 567 485 656 Ego
499 572 581 636 solus
597 571 694 639 Dives
712 597 722 635 s
738 589 768 638 et
781 577 967 662 conspicitur
987 581 1108 648 interint
1123 587 1161 650 ad
1175 587 1290 650 alienes
1299 645 1301 650 .
1310 589 1383 652 t‘orcs

313 679 473 742 mussitans
486 704 494 750 ;

511 783 557 842 n.
580 785 680 849 nn...
695 774 1053 858 immaturum

508 874 553 928 tui
566 873 713 941 βψὸῑῑῖζθ·

506 962 548 1014 Du
560 974 662 1041 tegmen
673 963 848 1039 Hipponacti,
860 984 970 1036 namque
983 968 1082 1046 frigeo.

505 1054 634 1126 Totusque
644 1056 841 1109 contremisco.»
852 1059 863 1124 (
871 1056 959 1126 Pan.)

308 1157 422 1222 Suntne
434 1157 499 1221 brec
509 1158 611 1244 regia,
628 1161 762 1238 nudum,
780 1160 935 1244 algidum,
953 1161 1148 1244 famelicum,
1162 1168 1303 1231 omnium
1317 1170 1381 1234 ino·

308 1287 379 1348 pem
396 1264 486 1327 esse?
503 1261 590 1326 Ltrs.
612 1261 689 1327 Sunt
702 1265 804 1350 regia,
823 1266 867 1329 mi
880 1266 1029 1348 Auditor,
1045 1269 1071 1332 si
1085 1271 1165 1350 alia,
1179 1295 1247 1356 quae
1258 1275 1355 1340 dicam
1369 1323 1379 1356 ‚

309 1373 418 1434 adsint.
431 1369 548 1434 Omitte
562 1392 671 1434 sannas
686 1385 738 1433 ant
750 1372 837 1434 ludos
852 1396 861 1431 τ
877 1371 1073 1438 Plutarchum
1088 1377 1180 1440 etium
1192 1424 1203 1453 ,
1217 1402 1341 1464 gravem
1354 1397 1381 1445 et

308 1499 453 1562 magnum
468 1477 588 1554 virum,
605 1479 658 1540 sed
668 1475 909 1554 Academicum.
923 1494 955 1542 et
967 1477 1078 1545 Stoicis
1090 1483 1237 1547 destinato
1253 1485 1377 1550 hostem.

307 1582 387 1644 Audi
401 1579 583 1646 Ciceronem
595 1582 696 1666 potius
708 1606 717 1643 τ
730 1609 746 1638 «
760 1605 832 1646 vere
843 1583 900 1646 ista
910 1584 1034 1648 nomina
1048 1589 1150 1650 omnia
1163 1591 1320 1674 possidere
1330 1591 1380 1656 Sa·

306 1691 460 1775 pientem,
476 1711 541 1772 qssae
557 1689 678 1752 irrideri
698 1689 739 1751 ab
754 1689 901 1774 imperitis
916 1692 1023 1756 solent.
1039 1691 1163 1758 Rectius
1177 1698 1260 1760 enim
1276 1699 1379 1784 appel·

307 1797 419 1859 labitur
431 1793 498 1858 Rex
512 1794 819 1878 penatespenates,
836 1797 888 1879 qui
901 1819 959 1861 nec
971 1819 1022 1877 se,
1038 1820 1095 1863 nec
1108 1821 1180 1864 suos
1196 1824 1306 1888 regere
1322 1825 1379 1888 po-

307 1904 373 1965 tuit.
388 1931 404 1957 a
416 1899 483 1979 (lll
494 1901 544 1964 De
555 1899 639 1983 Fin.)
653 1902 804 1974 Mendes
820 1903 894 1964 duas
904 1925 1009 1967 causas
1021 1905 1132 1990 tangit,
1146 1929 1200 1969 cur
1218 1909 1378 1991 justissime

303 2023 407 2072 noster
416 2006 483 2070 Rex
492 2009 549 2086 sit,
564 2010 645 2090 quod
656 2029 688 2070 se
702 2022 808 2091 regat,
819 2022 849 2070 et
859 2011 940 2091 qnod
950 2009 1056 2073 Alios:
1071 2013 1152 2094 qnod
1162 2013 1304 2098 proiecto
1317 2016 1379 2099 plc-

304 2138 379 2179 num
396 2129 424 2178 et
438 2113 606 2200 legitimum
622 2127 667 2175 est
681 2111 833 2198 Regnum.
852 2112 964 2198 Tangit
979 2128 1010 2178 et
1022 2112 1182 2191 Laertim,
1203 2117 1256 2180 ubi
1275 2121 1379 2183 scitum

303 2223 363 2286 hoc
371 2219 565 2306 promulgate
580 2247 595 2274 α
606 2217 679 2281 Non
689 2219 787 2282 solum
799 2219 915 2282 liberos
922 2217 1096 2304 Sapientes,
1112 2226 1165 2285 sed
1174 2220 1281 2308 Reges
1292 2226 1379 2288 etiarn

303 2351 370 2394 esse
387 2353 395 2390 ε
410 2349 503 2410 quum
514 2326 552 2388 sit
565 2323 707 2409 Regnum
719 2337 852 2408 potestas
864 2325 940 2388 nulli
954 2325 1103 2403 obnoxia,
1116 2349 1181 2409 qum
1194 2328 1225 2390 in
1238 2331 1317 2394 solis
1326 2327 1380 2394 sa-

301 2435 452 2522 pientibus
465 2431 628 2508 consistat,
645 2445 678 2493 nt
689 2431 732 2492 ait
742 2428 942 2518 Chrysippus.
954 2459 970 2486 u
984 2431 1034 2516 (ln
1042 2433 1133 2513 Zen.)
1146 2431 1276 2519 Optime
1288 2435 1380 2520 chry.

301 2543 404 2626 sippus
413 2562 421 2600 s
430 2539 495 2620 quis
508 2537 589 2600 enim
598 2536 677 2600 vitiis
685 2536 902 2618 affectibusque
913 2539 1061 2622 superior,
1068 2553 1176 2623 praeter
1181 2539 1377 2626 Sapientem?

299 2646 350 2710 An
364 2646 416 2708 ille
431 2641 506 2706 mihi
525 2640 593 2705 Rex
609 2641 683 2717 erit,
707 2641 755 2703 cui
767 2640 945 2704 muliercula
961 2642 1114 2728 imperat?
1129 2647 1177 2709 cui
1192 2648 1374 2730 pecuniola,

299 2752 447 2838 gloriola,
468 2749 521 2811 alii
535 2749 708 2810 animorum
730 2747 870 2832 tyranni?
893 2775 910 2802 u
925 2746 1081 2813 Resraenet
1102 2753 1186 2836 prins
1208 2753 1375 2829 libidines,

298 2870 420 2942 spernat
434 2856 602 2940 voluptates
614 2899 623 2932 ‚
637 2853 823 2917 iracundiam
839 2867 958 2932 teneat,
975 2871 1112 2920 coerceat
1125 2859 1308 2940 avaritiam,
1324 2883 1376 2924 ce-

296 2978 378 3025 teras
393 2959 487 3022 animi
501 2961 585 3023 labes
602 2959 730 3043 repellat
748 2982 756 3016 ι
775 2972 838 3021 tum
854 2959 979 3042 incipiat
995 2959 1062 3022 aliis
1081 2961 1259 3044 imperare,
1285 2989 1377 3048 quum

296 3070 360 3153 ipse
372 3066 604 3150 improbissimis
619 3066 767 3144 dominis,
782 3065 923 3128 dedecori
937 3087 972 3128 ac
986 3066 1181 3150 turpitudini,
1195 3091 1311 3152 parere
1326 3075 1378 3134 de·

295 3173 388 3239 sierit.
397 3173 482 3236 Dum
489 3173 537 3234 his
548 3173 807 3255 quidemobediet‚
815 3193 876 3234 non
885 3173 978 3234 modo
985 3167 1062 3252 Rex,
1070 3173 1207 3236 sedliber
1216 3175 1377 3240 habendus

297 3283 421 3344 omnino
432 3301 494 3343 non
511 3279 608 3342 erit.»
628 3277 716 3358 (Cic.
726 3278 834 3342 Parad.
841 3277 907 3357 V.)
924 3278 1071 3363 Tragicos
1080 3293 1183 3344 noster
1192 3279 1259 3346 hoc
1272 3285 1376 3350 dicct:

556 3385 611 3438 Rex
623 3398 676 3452 est,
687 3385 732 3456 qni
744 3385 826 3459 posuit
837 3397 918 3438 metus

556 3475 591 3526 Et
602 3473 653 3526 diri
663 3475 730 3527 mala
741 3474 865 3548 pectoris:

560 3563 614 3634 Qui
624 3577 677 3618 tuto
690 3565 785 3638 positus
798 3565 872 3629 loco,

557 3657 628 3708 lnirs
639 3675 665 3710 se
675 3655 745 3707 uidet
757 3654 843 3708 omnis
854 3672 862 3710 t

559 3741 728 3812 occurritque
739 3761 786 3794 auo
799 3740 880 3793 libens

556 3833 637 3898 Fato,
648 3853 694 3885 nec
705 3831 818 3904 queritur
831 3831 904 3884 mori.

293 3931 342 3993 En
356 3929 411 3991 tibi
425 3923 544 4012 Regem
560 3947 567 3984 ε
583 3946 645 3986 non
661 3925 761 4000 vitiis,
777 3945 839 3985 non
855 3923 990 3999 casibus,
1007 3945 1067 3986 non
1081 3928 1172 3988 morti
1186 3928 1271 4012 ipsi,
1286 3946 1322 3994 ut
1337 3935 1376 3994 si.

291 4048 391 4112 meat,
410 4033 587 4116 subjectum.
597 4027 639 4091 Et
654 4051 693 4092 an
703 4051 765 4092 non
779 4029 931 4114 pulchrius
946 4031 1131 4114 ampliusque
1146 4033 1205 4098 hoc
1221 4059 1372 4122 regnum,

526 4180 532 4193 .
543 4180 549 4193 .
559 4179 581 4194 ..
593 4178 632 4196 ...
642 4180 649 4194 .
664 4143 750 4212 Quum
759 4142 781 4194 si
793 4143 897 4216 Libyam
910 4141 1011 4194 remotis

521 4229 634 4284 Gadibus
648 4232 754 4304 jungas,
768 4245 792 4286 et
804 4245 907 4303 uterquc
917 4233 1009 4286 Poenus

620 4325 718 4378 Serviat
727 4325 794 4379 nni?
