2910 4954
301 465 346 530 56
748 468 817 535 DE
842 467 933 536 IRA

300 595 414 689 firgam
423 595 567 680 habeat,
586 595 640 666 irs
651 597 814 690 impetum
824 597 934 668 tvide
948 601 1051 692 ergo¹
1067 621 1111 666 an
1124 612 1222 692 putes
1235 594 1363 688 aliquid

299 711 374 780 sine
390 735 530 780 assensu
548 712 672 780 mentis
684 727 744 780 aut
760 715 832 807 peti
852 737 968 808 posse,
990 729 1050 782 aut
1065 715 1190 782 enveri.

263 855 272 886 ι
325 827 394 893 'IV.
405 829 446 894 Et
457 841 495 894 ut
504 827 590 894 scias
599 823 884 918 quemadmodum
894 829 1216 921 incipiantaffeotus,
1226 841 1365 893 autore

299 961 406 1026 soant,
422 961 482 1012 aut
494 945 718 1028 efferantur²,
732 963 784 1015 est
795 947 926 1039 primus
936 963 1045 1016 motus
1058 971 1126 1014 non
1139 945 1361 1026 voluntarius,

299 1061 395 1153 quasi
409 1061 611 1153 praeparatio
630 1061 774 1128 affectus
793 1076 827 1130 et
846 1061 1002 1154 quaedam
1021 1061 1245 1130 comminatio.
1268 1059 1364 1126 Alter
1430 1120 1431 1148 ,

300 1198 377 1242 cum
392 1175 565 1244 voluntate
579 1200 648 1244 non
661 1177 865 1261 contumaci,
875 1193 1045 1270 tamquam
1058 1192 1210 1270 oporteat
1223 1200 1276 1243 me
1291 1177 1366 1243 vin·
1431 1207 1432 1231 κ

300 1289 429 1374 dicari,
452 1317 558 1383 quum
576 1291 676 1360 laesus
694 1293 779 1378 sim,
794 1309 855 1362 aut
872 1309 1026 1387 oporteat
1042 1294 1135 1362 hunc
1148 1317 1265 1387 poenas
1283 1289 1365 1358 dare
1432 1298 1433 1314 ¹

300 1431 407 1499 quum
427 1407 537 1476 scelus
555 1407 687 1477 iecerit.
706 1409 851 1479 Tertius
869 1426 979 1480 motus
997 1411 1132 1504 estjam
1151 1413 1320 1504 impotens
1331 1401 1364 1490 ³,

300 1524 361 1615 qui
379 1547 470 1605 non,
488 1523 517 1592 si
533 1540 685 1616 oportet,
707 1524 825 1594 ulcisci
842 1527 933 1610 vult,
955 1525 1016 1595 sed
1033 1529 1172 1619 utique,
1189 1527 1250 1619 qui
1264 1526 1368 1594 ratio·

261 1674 276 1708 2
301 1665 380 1708 nem
399 1641 512 1710 evicit.
533 1641 685 1710 Primum
704 1641 800 1710 ilium
820 1643 925 1711 animi
944 1644 1048 1712 ictum
1066 1645 1217 1739 effugere
1236 1644 1368 1712 ratione

301 1781 370 1824 non
388 1780 586 1850 possumus,
608 1759 757 1827 sicutne
775 1759 834 1828 ilia
852 1759 990 1852 quidem
1004 1783 1080 1852 quae
1098 1753 1265 1828 diximus⁴
1279 1759 1370 1826 aoei-

301 1869 384 1938 dere
409 1871 631 1964 corporibus,
652 1896 697 1940 ne
719 1897 781 1941 nos
805 1875 958 1942 oscitatio
980 1873 1092 1942 aliena
1116 1873 1296 1954 sollicitet,
1324 1893 1368 1938 ne

301 1984 447 2054 oculiad
460 1986 716 2056 intentationem
731 1987 876 2056 subitam
889 1987 1073 2082 digitorum
1085 1988 1366 2080 comprimantur.

300 2105 368 2172 Ista
386 2125 455 2170 non
473 2087 584 2196 potest
597 2103 683 2172 ratio
701 2104 857 2188 vincere,
873 2099 1080 2170 consuetudo
1099 2101 1237 2170 fortasse
1256 2116 1293 2169 et
1311 2125 1369 2169 as-

301 2217 399 2286 sidua
420 2218 610 2286 observatio
633 2233 804 2286 extenuat.
826 2219 923 2288 Alter
940 2217 998 2287 ille
1024 2233 1133 2286 motus
1155 2219 1215 2311 qui
1233 2215 1370 2310 judicio

302 2333 472 2414 nascitur,
489 2329 622 2423 judicio
640 2331 770 2400 tollitur
780 2323 886 2399 ****⁵.

344 2451 386 2516 V.
398 2447 488 2516 Illud
498 2449 681 2516 etiamnum
689 2445 912 2542 quaerendum
919 2464 982 2515 est.
997 2449 1040 2517 Hi
1049 2446 1216 2540 quivulgo
1225 2446 1373 2514 saeviunt

303 2577 338 2630 et
356 2563 521 2656 sauguine
540 2562 689 2630 humano
709 2560 880 2655 gaudent,
897 2586 942 2629 an
961 2561 1160 2644 irascantur,
1184 2583 1291 2652 quum
1312 2583 1374 2626 eos

304 2795 335 2847 ga
347 2774 416 2838 sola,
428 2785 473 2826 aut
487 2771 542 2826 solo
552 2773 648 2844 unpetn
657 2771 755 2844 aliquid
766 2791 814 2845 pe-
895 2791 919 2822 a.
933 2770 1054 2824 Crescunt
1064 2781 1113 2824 out
1122 2770 1273 2844 (fferam.
1285 2769 1372 2822 Dueta

303 2865 354 2904 tere
376 2851 408 2904 sit
428 2850 545 2926 possibile
559 2871 566 2914 ς
584 2849 676 2902 mentis
700 2869 814 2902 assensu
860 2853 999 2918 μπφορέιι
1011 2847 1155 2902 fluminibus
1169 2866 1226 2920 que
1240 2847 1374 2921 primum,

304 2930 444 2983 necessario
457 2928 490 2980 ad
502 2927 528 2981 id
539 2927 686 3002 postulatur.
862 2929 1035 2983 decidentibus
1052 2929 1143 3003 pluviis
1161 2940 1204 2980 aut
1215 2928 1374 3000 liquescente

341 3025 361 3059 r.
380 3009 448 3060 Vide
458 3027 532 3076 ergo,
549 3005 566 3060 i.
576 3027 599 3060 e.
609 3025 669 3058 eave
681 3005 759 3087 ψ
768 3025 815 3078 pa·
861 3007 956 3074 glaeie,
971 3019 1101 3071 emat,
1112 3026 1172 3060 mox
1183 3003 1334 3057 attolluntur
1346 3016 1374 3054 tt

303 3097 355 3150 tes,
369 3083 423 3136 uoii
438 3096 533 3157 putare.
549 3083 675 3137 Cetemm
690 3097 714 3136 et
732 3083 813 3136 Cieer.
859 3103 934 3158 supra
946 3083 1011 3158 ripas
1022 3083 1145 3136 exsiliunt.

303 3160 674 3235 Tusc.dispp.lib.1V,cap.3r,
683 3159 813 3214 haeresen·
895 3161 918 3214 ³.
931 3161 1071 3230 Impotens.
1084 3161 1144 3212 Non
1158 3159 1254 3233 passive
1265 3159 1311 3211 illa
1319 3179 1373 3209 vox

303 3239 407 3294 tentiam
420 3241 496 3292 tuitus
509 3252 556 3306 est,
571 3239 668 3292 Omnes
684 3240 814 3314 perureba-
861 3238 995 3313 accipitur,
1007 3239 1042 3290 ita
1057 3249 1086 3290 ut
1096 3237 1163 3290 idem
1174 3248 1247 3288 sonet
1260 3255 1318 3288 cum
1335 3239 1373 3307 τῷ

303 3319 384 3372 tiones
395 3323 468 3389 (quas
481 3320 547 3374 πάθη
559 3318 611 3370 iere
622 3339 720 3392 semper
731 3319 814 3393 appel·
859 3321 908 3386 qui
923 3337 975 3368 non
986 3325 1070 3384 potest
1080 3317 1186 3369 tolerari
1191 3331 1200 3378 ,·
1209 3313 1253 3366 sed
1272 3313 1372 3376 active,

304 3397 356 3464 iat)
371 3418 423 3450 esse
441 3396 470 3448 iu
481 3410 565 3449 nostra
576 3408 711 3469 potestate,
724 3417 813 3450 omnes
860 3395 929 3449 unde
940 3415 1027 3448 sensus
1039 3413 1046 3447 ε
1057 3397 1104 3464 qui
1110 3415 1161 3446 non
1167 3401 1316 3462 potensest
1325 3411 1373 3444 co-

302 3474 529 3548 judioiosuseeptas
536 3510 543 3538 ,
556 3495 644 3528 omnes
652 3475 815 3528 voluntarias.
864 3475 963 3537 didm,
975 3477 1059 3542 impos
1067 3475 1122 3540 ipse
1133 3473 1183 3524 sui.
1195 3470 1229 3522 Et
1240 3490 1270 3521 ex
1280 3469 1376 3521 horni-

336 3555 381 3606 lv,
390 3556 461 3606 Atto.
469 3555 620 3626 Progressus
626 3553 729 3605 effeetus
739 3570 747 3604 ι
756 3573 817 3606 nas-
864 3550 938 3602 nibus
953 3548 1038 3603 adres
1055 3547 1180 3602 inanimes
1195 3566 1297 3618 qnoque
1311 3565 1376 3598 mox

304 3631 368 3684 titur
389 3631 463 3685 nobis
480 3630 586 3696 inseiis,
607 3629 697 3682 erescit
714 3649 816 3682 usensn
864 3627 982 3681 translata
991 3627 1048 3678 fuit.

303 3709 403 3774 mentis,
411 3707 454 3762 sed
467 3709 737 3770 obseure;matureseit
743 3709 817 3762 ratio·
897 3706 921 3772 4
936 3703 1073 3758 Dixtinns.
1080 3701 1206 3755 Videlicet
1214 3719 1270 3768 cap.
1285 3717 1315 3764 s,
1324 3695 1379 3750 uhi

303 3807 363 3839 nem
370 3807 455 3840 secum
463 3787 569 3862 rapiens.
578 3784 657 3838 Stoici
664 3785 711 3838 hes
722 3785 814 3858 gradus
864 3783 896 3836 de
903 3783 1013 3835 motibus
1022 3801 1074 3834 non
1086 3777 1234 3832 voluntariis
1244 3776 1305 3849 egit

305 3865 472 3936 designabant
479 3865 584 3918 vocibus
592 3881 599 3915 :
606 3865 679 3934 ῥοπῇ,
690 3865 815 3930 ostensos·
896 3865 919 3914 5.
934 3859 1054 3912 Tollitur.
1064 3859 1191 3911 Lacunam
1200 3854 1242 3907 hic
1254 3875 1307 3908 esse
1318 3872 1380 3920 pa-

304 3943 438 4008 atatim,
451 3947 507 4012 ὀργῇ
521 3940 706 4015 (propensione
717 3959 761 4012 per
769 3939 815 3992 vi·
863 3952 920 3993 tet:
937 3957 995 3990 nam
1012 3936 1043 3989 de
1061 3933 1133 3988 tertio
1152 3945 1223 3985 motu
1240 3930 1376 4004 agendum

302 4018 815 4082 sum,tumadmissioneetcessioue,mox
864 4029 925 4070 erat.
954 4013 1064 4066 Proinde
1094 4014 1240 4081 ἀστερίσκους
1266 4008 1379 4081 appingi

303 4097 483 4160 consensione,
494 4095 603 4166 denique
612 4096 722 4171 appetitu
729 4095 815 4170 impe-
863 4095 942 4168 jussi,
957 4106 982 4144 et
991 4091 1078 4160 Lipsio
1092 4089 1221 4142 suadente.

302 4185 380 4262 tuque
394 4173 414 4240 ).
426 4173 541 4248 Lipsius,
554 4172 662 4225 hlanud.
673 4171 705 4224 ad
717 4171 814 4227 Philos.
900 4173 934 4224 V.
953 4172 1023 4224 Atto.
1042 4167 1181 4240 Distinguit
1195 4163 1376 4218 erudeiitetens

301 4263 372 4303 store.
384 4249 429 4304 liis
447 4251 503 4316 tn,
515 4269 569 4324 cap.
591 4272 615 4320 7,
633 4272 657 4325 p.
676 4251 737 4316 156,
759 4255 812 4321 ¹⁵7·
862 4250 893 4304 ab
910 4249 948 4302 ira
959 4267 966 4302 ε
979 4247 1052 4321 origo
1064 4259 1147 4300 tamen
1159 4244 1248 4298 eedem
1259 4255 1301 4295 est
