2926 4958
246 490 316 558 AD
341 489 516 558 STOIC.
542 483 751 554 PHILOS.
779 481 875 550 LIB.
901 477 955 547 II.
1004 478 1134 561 oxxxrij

347 721 687 787 DISSERTATIO
714 717 855 782 XVIII.

84 877 177 959 Quarto
193 877 363 948 sententie,
385 874 419 934 dc
439 875 501 933 vitu
517 896 554 932 eu
575 873 609 933 V
607 875 714 943 irenam
729 891 793 954 queo
813 870 952 952 prioribus
972 879 1108 928 consonat
1129 887 1139 924 :

389 989 473 1060 utqm
488 991 584 1038 omues
598 999 664 1036 cum
681 977 709 1038 V
707 979 814 1037 oritate.

111 1147 249 1229 Quum
266 1149 358 1209 etiam
379 1147 524 1208 seutentIa
539 1147 601 1208 sive
613 1144 839 1228 iuterpretntio,
857 1140 1056 1205 «Secundum
1069 1139 1142 1200 Vir-

79 1267 160 1316 tntem
184 1255 301 1316 vivere.
328 1279 342 1308 ι
370 1249 418 1314 Ea
443 1271 561 1334 quoque
583 1251 684 1313 verbis
710 1251 852 1321 dissidet,
874 1271 909 1311 re
926 1261 970 1310 est
985 1247 1050 1330 ipsa
1072 1267 1140 1308 cum

79 1360 178 1440 priore.
197 1355 282 1420 Nam
296 1361 336 1420 ita
349 1356 460 1423 Cicero
477 1357 604 1440 explicat
621 1380 628 1416 ι
648 1383 661 1412 e
675 1354 784 1418 Stoicis
795 1352 879 1416 Finis
888 1367 934 1416 est
944 1349 1141 1430 ,Consentire

79 1463 190 1526 Natmae
203 1467 305 1545 3quod
319 1486 384 1527 esse
394 1465 499 1526 volunt
513 1484 529 1525 e
541 1462 671 1540 Virtute,
682 1463 712 1524 id
724 1475 766 1524 est
780 1461 1024 1522 honestcvirere.
1036 1486 1051 1514 s
1060 1457 1142 1540 Quid

79 1569 157 1651 igitur
164 1570 227 1632 hoc
235 1583 287 1638 est
298 1567 428 1632 Cicero?
439 1590 531 1652 perge
545 1593 552 1626 ε
571 1595 586 1622 κ
600 1567 692 1649 Quod
707 1569 748 1629 ita
766 1568 1015 1650 interpretantur,
1028 1564 1142 1626 Vivere

80 1697 139 1737 curn
164 1677 366 1759 intelligentia
381 1679 486 1738 earum
503 1697 607 1737 rerum
624 1697 688 1756 quae
706 1675 823 1736 Natura
838 1674 995 1745 eveniunt3
1014 1672 1141 1755 eligente

80 1803 127 1850 ea.
143 1782 362 1865 rejicienteque
385 1781 546 1844 contraria.
565 1809 579 1834 n
598 1779 652 1858 (II
665 1777 716 1842 De
730 1778 854 1856 Finib.)
874 1779 985 1840 Nonne
1007 1777 1144 1860 agnoscis

81 1883 235 1972 nyslppl
254 1887 370 1949 verba?
391 1901 442 1970 Ζῇν
460 1887 516 1950 κατ’
536 1894 668 1971 ἐμπειρίαν
685 1901 734 1950 τῶν
756 1895 827 1968 φύσει
853 1889 1050 1966 minuiscun-
1068 1881 1144 1945 Sunt

80 1994 156 2074 ipse,
170 2017 239 2077 qm
252 1993 363 2059 Cicero
378 1995 467 2056 vertit
482 2017 490 2054 ε
507 2007 595 2075 atque
611 2013 670 2054 una
685 1993 727 2054 ibi
741 2013 922 2055 cortsensum
931 1993 1009 2053 ride.
1026 2019 1040 2044 u
1054 1989 1146 2053 Intel-
1249 2021 1253 2028 ·

79 2099 190 2182 ligentia
205 2102 265 2164 ista
282 2101 344 2163 sive
356 2099 468 2163 Peritia
481 2147 490 2175 ,
504 2122 540 2162 ex
556 2098 687 2161 Ratione
704 2114 765 2176 est,
780 2114 868 2181 atque
884 2121 919 2162 ea
940 2101 978 2160 ad
991 2097 1144 2159 Virtutem

81 2208 159 2268 ducit.
180 2235 198 2262 n
217 2205 328 2270 Cicero
341 2208 452 2268 iterum
469 2231 476 2267 :
491 2231 506 2265 e
521 2205 557 2268 In
571 2206 693 2267 homine
709 2227 826 2267 summa
845 2206 943 2268 omnis
956 2204 1060 2266 Animi
1079 2218 1143 2281 est,

80 2325 106 2371 et
119 2312 147 2372 in
160 2313 266 2374 animo
282 2310 422 2374 Rationis
437 2335 445 2371 :
463 2333 498 2374 ex
512 2333 570 2393 qua
586 2311 691 2373 Virtus
706 2325 766 2388 est,
783 2335 846 2393 φη
856 2314 981 2374 rationis
996 2312 1145 2374 absolutio

80 2417 221 2480 delinitur.
245 2445 260 2471 n
283 2417 334 2495 (V
345 2416 395 2480 De
410 2415 477 2479 Fin.
492 2431 500 2486 'J
517 2416 584 2479 Imo
606 2438 668 2479 non
687 2417 785 2480 solum
811 2441 846 2481 ex
870 2417 1000 2480 Ratione
1020 2417 1143 2493 Virtus,

80 2527 126 2585 sed
133 2525 201 2608 ipsa
214 2545 250 2586 ea
263 2537 317 2585 est.
329 2520 444 2587 Seneca
459 2547 466 2584 ε
481 2551 495 2578 o
510 2523 640 2586 Homini
651 2523 811 2586 Summum
821 2525 955 2601 bonum,
970 2523 1062 2586 Ratio
1074 2538 1119 2586 est
1136 2551 1142 2582 :
1178 2589 1183 2596 ⁴

79 2626 150 2691 banc
172 2631 199 2691 si
225 2628 370 2712 perfecit,
388 2629 546 2692 laudabilis
563 2643 626 2707 est,
652 2644 682 2691 et
704 2631 795 2691 sunem
820 2630 944 2692 Natura
964 2652 1023 2692 suae
1039 2631 1145 2713 attigit.

80 2733 149 2798 llaec
162 2735 259 2798 Ratio
273 2737 424 2820 perfecta,
441 2738 548 2801 Virtus
558 2751 689 2800 vocatur.
703 2767 718 2794 υ
733 2737 842 2824 (Epist
857 2742 980 2818 uxxtrl.)
989 2737 1077 2800 Philo
1089 2737 1112 2798 J
1115 2761 1146 2798 u-

80 2843 151 2904 beus
165 2843 295 2926 pulchre
310 2867 317 2902 :
332 2871 347 2901 c
366 2841 437 2906 Hoc
452 2844 526 2907 illud
542 2859 587 2906 est
606 2847 685 2928 apud
702 2867 773 2922 eos,
800 2847 850 2927 qui
874 2847 987 2930 optime
1008 2846 1148 2930 philoso-

77 2947 155 3028 phati
168 2962 241 3011 suant
255 2953 340 3026 (nota
354 2950 453 3012 obiter
466 2951 598 3034 elogium
613 2973 703 3036 super
719 2949 860 3030 Stoicis),
877 2953 1068 3014 decantatum
1085 2951 1147 3014 Ul-

78 3056 180 3117 timtun
196 3057 368 3131 bonorum,
383 3059 605 3121 consentienter
617 3057 741 3120 Naturae
754 3059 866 3148 vicere.
882 3057 974 3139 Quod
987 3059 1038 3134 fit,
1054 3081 1147 3140 quum

77 3159 205 3224 Animus
229 3163 368 3224 semitam
380 3163 509 3226 Virtutis
530 3165 719 3248 ingrediens,
746 3185 802 3247 per
825 3165 948 3247 vestigia
971 3167 1149 3246 ductumque

76 3281 162 3329 rectae
175 3267 318 3332 Rationis
328 3269 481 3348 ambulat,
494 3271 524 3332 id
536 3285 599 3348 est,
613 3271 745 3352 sequitur
758 3268 870 3331 Deum.
885 3298 901 3325 n
912 3274 988 3354 (ssepi
1000 3273 1145 3348 ἀποικίας.)

77 3369 157 3452 Quid
171 3373 301 3435 uberior
308 3395 410 3437 sermo
418 3397 503 3438 meus
513 3377 622 3439 clarius
632 3376 788 3459 aptiusque
796 3376 851 3436 toti
859 3376 1149 3438 reidixeritiVirtus

76 3475 242 3542 Rationem
251 3482 395 3561 sequitur,
405 3481 468 3544 baee
475 3481 637 3560 Naturam,
646 3483 701 3546 ista
707 3480 930 3544 Domuum
941 3482 1051 3563 aliquid
1057 3483 1151 3544 ambi·

76 3587 139 3666 gis?
151 3585 240 3648 Auo.
251 3585 295 3649 Ut
308 3587 404 3650 libere
419 3591 528 3666 dicam,
542 3610 634 3672 super
647 3589 914 3651 &nocturnaliae
928 3589 1058 3650 Natura.
1067 3589 1149 3652 Nom

76 3694 232 3771 quomodo
244 3715 281 3754 ex
292 3714 328 3756 ea
343 3693 460 3770 Virtus,
472 3717 537 3776 quae
547 3698 586 3756 ad
596 3695 680 3756 Vitia
692 3695 794 3777 palam
805 3698 885 3758 ducit
894 3696 906 3757 ἲ
916 3710 946 3757 et
955 3696 1084 3776 qnotidie
1095 3719 1150 3760 no

77 3796 132 3874 bis,
143 3800 197 3881 qui
210 3801 251 3862 ad
261 3799 346 3860 illam
357 3801 529 3874 adnitimur,
541 3822 610 3863 cum
621 3800 676 3862 ista
687 3813 732 3862 est
744 3821 853 3883 pugna.
863 3798 949 3862 Ltus.
961 3799 1149 3884 Eprioribus

76 3901 135 3965 lac
148 3903 273 3987 cepisse
287 3904 434 3983 debebas,
453 3911 532 3970 etde
546 3927 605 3988 qua
619 3903 736 3968 Natura
752 3927 853 3968 sermo
875 3928 882 3966 ι
897 3920 999 3970 tamen
1014 3910 1149 3990 aperiam

77 4007 210 4084 clarius,
225 4023 256 4072 et
267 4010 513 4075 lumen'inieram
529 4013 631 4075 latenti
643 4013 674 4073 in
694 4011 782 4073 nobis
798 4012 929 4074 Naturae.
947 4013 1055 4096 Neque
1069 4017 1151 4077 enim

77 4117 206 4176 omnino
222 4117 302 4179 male
319 4115 429 4181 Cicero
447 4145 453 4178 :
471 4148 486 4174 «ι
503 4103 687 4182 Illirabiliter
705 4119 820 4182 occulta
834 4135 879 4182 est
903 4119 1037 4198 Natura,
1054 4144 1151 4204 neque
1220 4175 1224 4184 .

77 4223 226 4305 perspici,
238 4237 289 4284 aut
300 4227 454 4307 cognosci,
466 4227 565 4288 statim
579 4223 686 4309 potest.
696 4251 710 4280 a
727 4225 773 4305 (V
788 4223 838 4287 De
853 4223 936 4306 Pin.)
946 4225 1028 4290 Scito
1042 4229 1151 4311 igitur:

77 4325 235 4390 Virtutem
241 4349 303 4391 non
315 4351 380 4394 esse
389 4332 510 4412 quidem
519 4332 550 4392 in
559 4331 619 4394 illis
628 4330 735 4414 primis
742 4329 865 4394 Naturae
875 4333 1149 4410 conciliationibus,
