<?xml version="1.0" encoding="UTF-8"?>
<!DOCTYPE html PUBLIC "-//W3C//DTD XHTML 1.0 Transitional//EN"
    "http://www.w3.org/TR/xhtml1/DTD/xhtml1-transitional.dtd">
<html xmlns="http://www.w3.org/1999/xhtml" xml:lang="en" lang="en">
 <head>
  <title>
</title>
<meta http-equiv="Content-Type" content="text/html;charset=utf-8" />
  <meta name='ocr-system' content='tesseract 3.04.00' />
  <meta name='ocr-capabilities' content='ocr_page ocr_carea ocr_par ocr_line ocrx_word'/>
</head>
<body>
  <div class='ocr_page' id='page_1' title='image "./lannsenecparspr01bouigoog_0344.png"; bbox 0 0 2910 4954; ppageno 0'>
   <div class='ocr_carea' id='block_1_1' title="bbox 344 452 1140 542">
    <p class='ocr_par' dir='ltr' id='par_1_1' title="bbox 344 452 1140 542">
     <span class='ocr_line' id='line_1_1' title="bbox 344 452 1140 542; baseline -0.005 -22"><span class='ocrx_word' id='word_1_1' title='bbox 344 453 493 520; x_wconf 77' lang='lat' dir='ltr'><strong>trusa</strong></span> <span class='ocrx_word' id='word_1_2' title='bbox 520 455 577 530; x_wconf 90' lang='lat'><strong>11,</strong></span> <span class='ocrx_word' id='word_1_3' title='bbox 607 452 719 519; x_wconf 77' lang='lat' dir='ltr'><strong>cur.</strong></span> <span class='ocrx_word' id='word_1_4' title='bbox 746 453 870 520; x_wconf 84' lang='lat' dir='ltr'><strong>xxx.</strong></span> <span class='ocrx_word' id='word_1_5' title='bbox 1098 453 1140 542; x_wconf 86' lang='lat'><strong>9⁵</strong></span> 
     </span>
    </p>
   </div>
   <div class='ocr_carea' id='block_1_2' title="bbox 64 583 1211 2404">
    <p class='ocr_par' dir='ltr' id='par_1_2' title="bbox 64 583 1211 2404">
     <span class='ocr_line' id='line_1_2' title="bbox 89 583 1143 679; baseline -0.001 -25"><span class='ocrx_word' id='word_1_6' title='bbox 89 587 199 656; x_wconf 78' lang='lat' dir='ltr'><strong>buerit.</strong></span> <span class='ocrx_word' id='word_1_7' title='bbox 216 590 293 654; x_wconf 90' lang='lat' dir='ltr'><strong>Non</strong></span> <span class='ocrx_word' id='word_1_8' title='bbox 316 603 388 668; x_wconf 85' lang='lat' dir='ltr'><strong>est,</strong></span> <span class='ocrx_word' id='word_1_9' title='bbox 405 587 539 677; x_wconf 87' lang='lat' dir='ltr'><strong>inquit,</strong></span> <span class='ocrx_word' id='word_1_10' title='bbox 556 583 653 675; x_wconf 93' lang='lat' dir='ltr'><strong>quod</strong></span> <span class='ocrx_word' id='word_1_11' title='bbox 668 609 721 651; x_wconf 89' lang='lat' dir='ltr'><strong>me</strong></span> <span class='ocrx_word' id='word_1_12' title='bbox 741 585 918 677; x_wconf 76' lang='lat' dir='ltr'><strong>protrahas</strong></span> <span class='ocrx_word' id='word_1_13' title='bbox 932 589 956 670; x_wconf 67' lang='grc' dir='ltr'><strong>’ς</strong></span> <span class='ocrx_word' id='word_1_14' title='bbox 977 608 1041 679; x_wconf 78' lang='lat' dir='ltr'><strong>ego</strong></span> <span class='ocrx_word' id='word_1_15' title='bbox 1062 611 1143 679; x_wconf 87' lang='lat' dir='ltr'><strong>pro-</strong></span> 
     </span>
     <span class='ocr_line' id='line_1_3' title="bbox 89 697 1143 795; baseline -0.001 -27"><span class='ocrx_word' id='word_1_16' title='bbox 89 700 195 770; x_wconf 84' lang='lat' dir='ltr'><strong>ductus</strong></span> <span class='ocrx_word' id='word_1_17' title='bbox 212 701 367 795; x_wconf 79' lang='lat' dir='ltr'><strong>negab03</strong></span> <span class='ocrx_word' id='word_1_18' title='bbox 383 700 510 791; x_wconf 80' lang='lat' dir='ltr'>alioqui</span> <span class='ocrx_word' id='word_1_19' title='bbox 525 699 612 767; x_wconf 88' lang='lat' dir='ltr'><strong>nihil</strong></span> <span class='ocrx_word' id='word_1_20' title='bbox 630 722 782 789; x_wconf 89' lang='lat' dir='ltr'><strong>unquam</strong></span> <span class='ocrx_word' id='word_1_21' title='bbox 797 698 859 766; x_wconf 90' lang='lat' dir='ltr'><strong>tibi</strong></span> <span class='ocrx_word' id='word_1_22' title='bbox 874 697 997 768; x_wconf 82' lang='lat' dir='ltr'><strong>dicam.</strong></span> <span class='ocrx_word' id='word_1_23' title='bbox 1018 699 1143 767; x_wconf 85' lang='lat' dir='ltr'><strong>Eodem</strong></span> 
     </span>
     <span class='ocr_line' id='line_1_4' title="bbox 89 816 1145 910; baseline 0 -26"><span class='ocrx_word' id='word_1_24' title='bbox 89 833 224 910; x_wconf 85' lang='lat' dir='ltr'><strong>tempore</strong></span> <span class='ocrx_word' id='word_1_25' title='bbox 242 834 277 886; x_wconf 89' lang='lat' dir='ltr'><strong>et</strong></span> <span class='ocrx_word' id='word_1_26' title='bbox 290 818 428 910; x_wconf 81' lang='lat' dir='ltr'><strong>instigat</strong></span> <span class='ocrx_word' id='word_1_27' title='bbox 440 822 451 850; x_wconf 85' lang='lat'>²</span> <span class='ocrx_word' id='word_1_28' title='bbox 465 843 474 901; x_wconf 84' lang='lat'>3</span> <span class='ocrx_word' id='word_1_29' title='bbox 491 831 525 883; x_wconf 89' lang='lat' dir='ltr'><strong>et</strong></span> <span class='ocrx_word' id='word_1_30' title='bbox 540 816 663 908; x_wconf 88' lang='lat' dir='ltr'><strong>ipsese</strong></span> <span class='ocrx_word' id='word_1_31' title='bbox 679 816 855 882; x_wconf 81' lang='lat' dir='ltr'><strong>certamini</strong></span> <span class='ocrx_word' id='word_1_32' title='bbox 873 831 908 882; x_wconf 85' lang='lat' dir='ltr'><strong>et</strong></span> <span class='ocrx_word' id='word_1_33' title='bbox 925 841 1048 910; x_wconf 70' lang='lat' dir='ltr'><strong>pugne</strong></span> <span class='ocrx_word' id='word_1_34' title='bbox 1064 817 1145 886; x_wconf 85' lang='lat' dir='ltr'><strong>sub-</strong></span> 
     </span>
     <span class='ocr_line' id='line_1_5' title="bbox 91 931 1140 1027; baseline -0.002 -25"><span class='ocrx_word' id='word_1_35' title='bbox 91 935 191 1002; x_wconf 80' lang='lat' dir='ltr'><strong>trahit.</strong></span> <span class='ocrx_word' id='word_1_36' title='bbox 206 935 279 1027; x_wconf 89' lang='lat' dir='ltr'><strong>Qui</strong></span> <span class='ocrx_word' id='word_1_37' title='bbox 294 931 409 1001; x_wconf 87' lang='lat' dir='ltr'><strong>dicere</strong></span> <span class='ocrx_word' id='word_1_38' title='bbox 423 933 485 1000; x_wconf 92' lang='lat' dir='ltr'><strong>tibi</strong></span> <span class='ocrx_word' id='word_1_39' title='bbox 499 933 563 1000; x_wconf 85' lang='lat' dir='ltr'><strong>nisi</strong></span> <span class='ocrx_word' id='word_1_40' title='bbox 577 932 660 1000; x_wconf 88' lang='lat' dir='ltr'><strong>clam</strong></span> <span class='ocrx_word' id='word_1_41' title='bbox 674 955 741 998; x_wconf 92' lang='lat' dir='ltr'><strong>non</strong></span> <span class='ocrx_word' id='word_1_42' title='bbox 753 931 842 1012; x_wconf 87' lang='lat' dir='ltr'><strong>vult,</strong></span> <span class='ocrx_word' id='word_1_43' title='bbox 856 955 953 1024; x_wconf 84' lang='lat' dir='ltr'><strong>paene</strong></span> <span class='ocrx_word' id='word_1_44' title='bbox 963 957 1031 1000; x_wconf 92' lang='lat' dir='ltr'><strong>non</strong></span> <span class='ocrx_word' id='word_1_45' title='bbox 1045 932 1140 1001; x_wconf 87' lang='lat' dir='ltr'><strong>dicit.</strong></span> 
     </span>
     <span class='ocr_line' id='line_1_6' title="bbox 89 1042 1146 1139; baseline 0 -25"><span class='ocrx_word' id='word_1_46' title='bbox 89 1046 172 1138; x_wconf 84' lang='lat' dir='ltr'><strong>Quid</strong></span> <span class='ocrx_word' id='word_1_47' title='bbox 190 1063 241 1114; x_wconf 81' lang='lat' dir='ltr'><strong>eut</strong></span> <span class='ocrx_word' id='word_1_48' title='bbox 254 1047 425 1139; x_wconf 83' lang='lat' dir='ltr'><strong>iniquius,</strong></span> <span class='ocrx_word' id='word_1_49' title='bbox 441 1069 541 1136; x_wconf 85' lang='lat' dir='ltr'><strong>quam</strong></span> <span class='ocrx_word' id='word_1_50' title='bbox 556 1061 688 1114; x_wconf 81' lang='lat' dir='ltr'><strong>secreto</strong></span> <span class='ocrx_word' id='word_1_51' title='bbox 705 1042 867 1122; x_wconf 87' lang='lat' dir='ltr'><strong>credere,</strong></span> <span class='ocrx_word' id='word_1_52' title='bbox 891 1045 1000 1138; x_wconf 85' lang='lat' dir='ltr'><strong>palam</strong></span> <span class='ocrx_word' id='word_1_53' title='bbox 1016 1047 1146 1115; x_wconf 80' lang='lat' dir='ltr'><strong>irasci?</strong></span> 
     </span>
     <span class='ocr_line' id='line_1_7' title="bbox 128 1161 1182 1255; baseline -0.001 -22"><span class='ocrx_word' id='word_1_54' title='bbox 128 1165 243 1233; x_wconf 82' lang='lat' dir='ltr'><strong>XXX.</strong></span> <span class='ocrx_word' id='word_1_55' title='bbox 259 1161 494 1255; x_wconf 82' lang='lat' dir='ltr'><strong>Quorumdam</strong></span> <span class='ocrx_word' id='word_1_56' title='bbox 508 1162 573 1254; x_wconf 86' lang='lat' dir='ltr'><strong>ipsi</strong></span> <span class='ocrx_word' id='word_1_57' title='bbox 588 1177 690 1230; x_wconf 83' lang='lat' dir='ltr'><strong>testes</strong></span> <span class='ocrx_word' id='word_1_58' title='bbox 708 1185 835 1229; x_wconf 87' lang='lat' dir='ltr'><strong>sumus.</strong></span> <span class='ocrx_word' id='word_1_59' title='bbox 857 1163 897 1229; x_wconf 92' lang='lat' dir='ltr'><strong>In</strong></span> <span class='ocrx_word' id='word_1_60' title='bbox 912 1162 966 1230; x_wconf 91' lang='lat' dir='ltr'><strong>his</strong></span> <span class='ocrx_word' id='word_1_61' title='bbox 988 1178 1144 1232; x_wconf 86' lang='lat' dir='ltr'><strong>naturam</strong></span> <span class='ocrx_word' id='word_1_62' title='bbox 1172 1199 1182 1232; x_wconf 89' lang='grc' dir='ltr'><strong>ι</strong></span> 
     </span>
     <span class='ocr_line' id='line_1_8' title="bbox 85 1277 1145 1369; baseline 0.004 -25"><span class='ocrx_word' id='word_1_63' title='bbox 85 1280 280 1354; x_wconf 81' lang='lat' dir='ltr'><strong>excutiemus</strong></span> <span class='ocrx_word' id='word_1_64' title='bbox 300 1277 575 1369; x_wconf 86' lang='lat' dir='ltr'><strong>voluntatemque</strong></span> <span class='ocrx_word' id='word_1_65' title='bbox 601 1277 807 1344; x_wconf 83' lang='lat' dir='ltr'><strong>facientium.</strong></span> <span class='ocrx_word' id='word_1_66' title='bbox 837 1279 928 1346; x_wconf 92' lang='lat' dir='ltr'><strong>Puer</strong></span> <span class='ocrx_word' id='word_1_67' title='bbox 948 1281 1030 1346; x_wconf 81' lang='lat' dir='ltr'><strong>est?</strong></span> <span class='ocrx_word' id='word_1_68' title='bbox 1054 1282 1145 1348; x_wconf 82' lang='lat' dir='ltr'><strong>aetati</strong></span> 
     </span>
     <span class='ocr_line' id='line_1_9' title="bbox 85 1385 1145 1485; baseline 0.003 -27"><span class='ocrx_word' id='word_1_69' title='bbox 85 1385 239 1461; x_wconf 85' lang='lat' dir='ltr'><strong>donetur³</strong></span> <span class='ocrx_word' id='word_1_70' title='bbox 258 1420 267 1474; x_wconf 68' lang='grc' dir='ltr'><strong>ς</strong></span> <span class='ocrx_word' id='word_1_71' title='bbox 289 1392 398 1460; x_wconf 86' lang='lat' dir='ltr'><strong>nescit</strong></span> <span class='ocrx_word' id='word_1_72' title='bbox 410 1415 455 1460; x_wconf 84' lang='lat' dir='ltr'><strong>an</strong></span> <span class='ocrx_word' id='word_1_73' title='bbox 473 1406 604 1484; x_wconf 87' lang='lat' dir='ltr'><strong>peccet.</strong></span> <span class='ocrx_word' id='word_1_74' title='bbox 622 1394 723 1460; x_wconf 88' lang='lat' dir='ltr'><strong>Pater</strong></span> <span class='ocrx_word' id='word_1_75' title='bbox 741 1393 820 1459; x_wconf 78' lang='lat' dir='ltr'><strong>est?</strong></span> <span class='ocrx_word' id='word_1_76' title='bbox 836 1407 896 1460; x_wconf 87' lang='lat' dir='ltr'><strong>aut</strong></span> <span class='ocrx_word' id='word_1_77' title='bbox 915 1408 1045 1460; x_wconf 87' lang='lat' dir='ltr'><strong>tantum</strong></span> <span class='ocrx_word' id='word_1_78' title='bbox 1065 1418 1145 1485; x_wconf 90' lang='lat' dir='ltr'><strong>pro-</strong></span> 
     </span>
     <span class='ocr_line' id='line_1_10' title="bbox 87 1498 1144 1600; baseline 0.006 -30"><span class='ocrx_word' id='word_1_79' title='bbox 87 1504 159 1587; x_wconf 89' lang='lat' dir='ltr'><strong>luit,</strong></span> <span class='ocrx_word' id='word_1_80' title='bbox 182 1521 219 1572; x_wconf 90' lang='lat' dir='ltr'><strong>ut</strong></span> <span class='ocrx_word' id='word_1_81' title='bbox 242 1504 294 1571; x_wconf 94' lang='lat' dir='ltr'><strong>illi</strong></span> <span class='ocrx_word' id='word_1_82' title='bbox 317 1505 417 1572; x_wconf 87' lang='lat' dir='ltr'><strong>etiam</strong></span> <span class='ocrx_word' id='word_1_83' title='bbox 441 1504 576 1597; x_wconf 85' lang='lat' dir='ltr'><strong>injuriae</strong></span> <span class='ocrx_word' id='word_1_84' title='bbox 593 1504 650 1597; x_wconf 84' lang='lat' dir='ltr'><strong>jus</strong></span> <span class='ocrx_word' id='word_1_85' title='bbox 669 1498 758 1589; x_wconf 75' lang='lat' dir='ltr'><strong>eit⁴3</strong></span> <span class='ocrx_word' id='word_1_86' title='bbox 782 1521 842 1573; x_wconf 86' lang='lat' dir='ltr'><strong>aut</strong></span> <span class='ocrx_word' id='word_1_87' title='bbox 862 1505 1012 1574; x_wconf 80' lang='lat' dir='ltr'><strong>fortassis</strong></span> <span class='ocrx_word' id='word_1_88' title='bbox 1033 1508 1144 1600; x_wconf 83' lang='lat' dir='ltr'><strong>ipsum</strong></span> 
     </span>
     <span class='ocr_line' id='line_1_11' title="bbox 86 1618 1145 1712; baseline 0.004 -26"><span class='ocrx_word' id='word_1_89' title='bbox 86 1621 142 1688; x_wconf 90' lang='lat' dir='ltr'><strong>hoc</strong></span> <span class='ocrx_word' id='word_1_90' title='bbox 164 1623 319 1690; x_wconf 88' lang='lat' dir='ltr'><strong>meritum</strong></span> <span class='ocrx_word' id='word_1_91' title='bbox 346 1621 420 1712; x_wconf 86' lang='lat' dir='ltr'><strong>ejus</strong></span> <span class='ocrx_word' id='word_1_92' title='bbox 446 1636 522 1703; x_wconf 86' lang='lat' dir='ltr'><strong>est,</strong></span> <span class='ocrx_word' id='word_1_93' title='bbox 556 1645 624 1712; x_wconf 90' lang='lat' dir='ltr'><strong>quo</strong></span> <span class='ocrx_word' id='word_1_94' title='bbox 655 1618 872 1690; x_wconf 82' lang='lat' dir='ltr'><strong>offendimur.</strong></span> <span class='ocrx_word' id='word_1_95' title='bbox 906 1622 1033 1690; x_wconf 88' lang='lat' dir='ltr'><strong>Mulier</strong></span> <span class='ocrx_word' id='word_1_96' title='bbox 1065 1625 1145 1691; x_wconf 81' lang='lat' dir='ltr'><strong>cst?</strong></span> 
     </span>
     <span class='ocr_line' id='line_1_12' title="bbox 85 1726 1146 1828; baseline 0.004 -28"><span class='ocrx_word' id='word_1_97' title='bbox 85 1751 177 1802; x_wconf 86' lang='lat' dir='ltr'><strong>errat.</strong></span> <span class='ocrx_word' id='word_1_98' title='bbox 207 1736 326 1802; x_wconf 86' lang='lat' dir='ltr'><strong>Jussus</strong></span> <span class='ocrx_word' id='word_1_99' title='bbox 351 1726 425 1802; x_wconf 87' lang='lat' dir='ltr'><strong>est⁵</strong></span> <span class='ocrx_word' id='word_1_100' title='bbox 440 1735 455 1800; x_wconf 76' lang='lat' dir='ltr'><strong>i</strong></span> <span class='ocrx_word' id='word_1_101' title='bbox 469 1734 661 1802; x_wconf 75' lang='lat' dir='ltr'><strong>necessitati</strong></span> <span class='ocrx_word' id='word_1_102' title='bbox 684 1735 782 1826; x_wconf 88' lang='lat' dir='ltr'><strong>quis,</strong></span> <span class='ocrx_word' id='word_1_103' title='bbox 805 1735 871 1803; x_wconf 80' lang='lat' dir='ltr'><strong>nisi</strong></span> <span class='ocrx_word' id='word_1_104' title='bbox 888 1736 1049 1828; x_wconf 90' lang='lat' dir='ltr'><strong>iniquus,</strong></span> <span class='ocrx_word' id='word_1_105' title='bbox 1071 1760 1146 1812; x_wconf 61' lang='lat' dir='ltr'><strong>auor</strong></span> 
     </span>
     <span class='ocr_line' id='line_1_13' title="bbox 64 1851 1211 1946; baseline 0.003 -28"><span class='ocrx_word' id='word_1_106' title='bbox 64 1853 211 1920; x_wconf 74' lang='lat' dir='ltr'><strong>tcenset?</strong></span> <span class='ocrx_word' id='word_1_107' title='bbox 240 1855 355 1920; x_wconf 82' lang='lat' dir='ltr'><strong>Laesns</strong></span> <span class='ocrx_word' id='word_1_108' title='bbox 381 1851 460 1920; x_wconf 83' lang='lat' dir='ltr'><strong>ott?</strong></span> <span class='ocrx_word' id='word_1_109' title='bbox 491 1873 560 1920; x_wconf 94' lang='lat' dir='ltr'><strong>non</strong></span> <span class='ocrx_word' id='word_1_110' title='bbox 593 1867 645 1920; x_wconf 88' lang='lat' dir='ltr'><strong>est</strong></span> <span class='ocrx_word' id='word_1_111' title='bbox 669 1851 815 1944; x_wconf 85' lang='lat' dir='ltr'><strong>injuria,</strong></span> <span class='ocrx_word' id='word_1_112' title='bbox 837 1854 909 1946; x_wconf 87' lang='lat' dir='ltr'><strong>pati</strong></span> <span class='ocrx_word' id='word_1_113' title='bbox 931 1851 1024 1945; x_wconf 94' lang='lat' dir='ltr'><strong>quod</strong></span> <span class='ocrx_word' id='word_1_114' title='bbox 1050 1853 1145 1946; x_wconf 65' lang='lat' dir='ltr'><strong>prior</strong></span> <span class='ocrx_word' id='word_1_115' title='bbox 1208 1889 1211 1900; x_wconf 94' lang='lat'><em>·</em></span> 
     </span>
     <span class='ocr_line' id='line_1_14' title="bbox 84 1966 1145 2063; baseline 0.004 -29"><span class='ocrx_word' id='word_1_116' title='bbox 84 1967 205 2038; x_wconf 81' lang='lat' dir='ltr'><strong>leceris.</strong></span> <span class='ocrx_word' id='word_1_117' title='bbox 232 1966 339 2036; x_wconf 82' lang='lat' dir='ltr'><strong>Iudex</strong></span> <span class='ocrx_word' id='word_1_118' title='bbox 361 1969 441 2036; x_wconf 81' lang='lat' dir='ltr'><strong>est?</strong></span> <span class='ocrx_word' id='word_1_119' title='bbox 465 1968 543 2060; x_wconf 81' lang='lat' dir='ltr'><strong>plus</strong></span> <span class='ocrx_word' id='word_1_120' title='bbox 561 1968 653 2037; x_wconf 88' lang='lat' dir='ltr'><strong>illius</strong></span> <span class='ocrx_word' id='word_1_121' title='bbox 677 1968 797 2038; x_wconf 84' lang='lat' dir='ltr'><strong>credas</strong></span> <span class='ocrx_word' id='word_1_122' title='bbox 816 1971 1015 2053; x_wconf 74' lang='lat' dir='ltr'><strong>sentcntiae,</strong></span> <span class='ocrx_word' id='word_1_123' title='bbox 1042 1995 1145 2063; x_wconf 84' lang='lat' dir='ltr'><strong>quam</strong></span> 
     </span>
     <span class='ocr_line' id='line_1_15' title="bbox 84 2086 1146 2180; baseline 0.005 -29"><span class='ocrx_word' id='word_1_124' title='bbox 84 2101 152 2154; x_wconf 80' lang='lat' dir='ltr'><strong>tuae.</strong></span> <span class='ocrx_word' id='word_1_125' title='bbox 172 2089 244 2154; x_wconf 80' lang='lat' dir='ltr'><strong>Rex</strong></span> <span class='ocrx_word' id='word_1_126' title='bbox 267 2087 346 2154; x_wconf 77' lang='lat' dir='ltr'><strong>eut?</strong></span> <span class='ocrx_word' id='word_1_127' title='bbox 365 2086 394 2153; x_wconf 89' lang='lat' dir='ltr'><strong>si</strong></span> <span class='ocrx_word' id='word_1_128' title='bbox 418 2101 597 2154; x_wconf 87' lang='lat' dir='ltr'><strong>nocentem</strong></span> <span class='ocrx_word' id='word_1_129' title='bbox 615 2086 738 2178; x_wconf 89' lang='lat' dir='ltr'><strong>punit,</strong></span> <span class='ocrx_word' id='word_1_130' title='bbox 761 2087 845 2156; x_wconf 84' lang='lat' dir='ltr'><strong>cede</strong></span> <span class='ocrx_word' id='word_1_131' title='bbox 858 2089 999 2180; x_wconf 68' lang='lat' dir='ltr'><strong>justitiae</strong></span> <span class='ocrx_word' id='word_1_132' title='bbox 1015 2117 1025 2174; x_wconf 66' lang='grc' dir='ltr'><strong>ς</strong></span> <span class='ocrx_word' id='word_1_133' title='bbox 1041 2092 1069 2156; x_wconf 84' lang='lat' dir='ltr'><strong>si</strong></span> <span class='ocrx_word' id='word_1_134' title='bbox 1093 2091 1146 2157; x_wconf 93' lang='lat' dir='ltr'><strong>in-</strong></span> 
     </span>
     <span class='ocr_line' id='line_1_16' title="bbox 82 2201 1144 2287; baseline 0.003 -17"><span class='ocrx_word' id='word_1_135' title='bbox 82 2219 270 2285; x_wconf 85' lang='lat' dir='ltr'><strong>nocentem,</strong></span> <span class='ocrx_word' id='word_1_136' title='bbox 293 2201 376 2272; x_wconf 83' lang='lat' dir='ltr'><strong>cede</strong></span> <span class='ocrx_word' id='word_1_137' title='bbox 391 2205 547 2272; x_wconf 76' lang='lat' dir='ltr'><strong>fortuma.</strong></span> <span class='ocrx_word' id='word_1_138' title='bbox 569 2207 702 2272; x_wconf 88' lang='lat' dir='ltr'><strong>Mutum</strong></span> <span class='ocrx_word' id='word_1_139' title='bbox 718 2204 842 2272; x_wconf 88' lang='lat' dir='ltr'><strong>animal</strong></span> <span class='ocrx_word' id='word_1_140' title='bbox 861 2221 931 2287; x_wconf 87' lang='lat' dir='ltr'><strong>est,</strong></span> <span class='ocrx_word' id='word_1_141' title='bbox 953 2223 1012 2274; x_wconf 88' lang='lat' dir='ltr'><strong>aut</strong></span> <span class='ocrx_word' id='word_1_142' title='bbox 1034 2206 1144 2276; x_wconf 91' lang='lat' dir='ltr'><strong>simile</strong></span> 
     </span>
     <span class='ocr_line' id='line_1_17' title="bbox 81 2318 1144 2404; baseline 0.003 -17"><span class='ocrx_word' id='word_1_143' title='bbox 81 2323 190 2387; x_wconf 81' lang='lat' dir='ltr'><strong>muto?</strong></span> <span class='ocrx_word' id='word_1_144' title='bbox 204 2320 348 2392; x_wconf 81' lang='lat' dir='ltr'><strong>imiteris</strong></span> <span class='ocrx_word' id='word_1_145' title='bbox 361 2318 465 2401; x_wconf 86' lang='lat' dir='ltr'><strong>illud,</strong></span> <span class='ocrx_word' id='word_1_146' title='bbox 485 2320 514 2387; x_wconf 86' lang='lat' dir='ltr'><strong>si</strong></span> <span class='ocrx_word' id='word_1_147' title='bbox 530 2320 698 2388; x_wconf 82' lang='lat' dir='ltr'><strong>irasceris.</strong></span> <span class='ocrx_word' id='word_1_148' title='bbox 719 2320 861 2390; x_wconf 83' lang='lat' dir='ltr'><strong>Morbus</strong></span> <span class='ocrx_word' id='word_1_149' title='bbox 877 2339 949 2404; x_wconf 88' lang='lat' dir='ltr'><strong>est,</strong></span> <span class='ocrx_word' id='word_1_150' title='bbox 975 2338 1034 2390; x_wconf 89' lang='lat' dir='ltr'><strong>aut</strong></span> <span class='ocrx_word' id='word_1_151' title='bbox 1052 2321 1144 2390; x_wconf 87' lang='lat' dir='ltr'><strong>cala-</strong></span> 
     </span>
    </p>
   </div>
   <div class='ocr_carea' id='block_1_3' title="bbox 79 2434 1226 2996">
    <p class='ocr_par' dir='ltr' id='par_1_3' title="bbox 79 2434 1226 2996">
     <span class='ocr_line' id='line_1_18' title="bbox 80 2434 1146 2533; baseline 0.004 -31"><span class='ocrx_word' id='word_1_152' title='bbox 80 2435 311 2504; x_wconf 73' lang='lat' dir='ltr'><strong>mitasllevius</strong></span> <span class='ocrx_word' id='word_1_153' title='bbox 322 2434 489 2503; x_wconf 87' lang='lat' dir='ltr'><strong>transiliet</strong></span> <span class='ocrx_word' id='word_1_154' title='bbox 501 2437 738 2506; x_wconf 80' lang='lat' dir='ltr'><strong>sustinentem.</strong></span> <span class='ocrx_word' id='word_1_155' title='bbox 753 2439 845 2507; x_wconf 85' lang='lat' dir='ltr'><strong>Deus</strong></span> <span class='ocrx_word' id='word_1_156' title='bbox 856 2455 907 2507; x_wconf 87' lang='lat' dir='ltr'><strong>est</strong></span> <span class='ocrx_word' id='word_1_157' title='bbox 923 2441 1018 2508; x_wconf 75' lang='lat' dir='ltr'><strong>itam</strong></span> <span class='ocrx_word' id='word_1_158' title='bbox 1030 2439 1146 2533; x_wconf 89' lang='lat' dir='ltr'><strong>perdis</strong></span> 
     </span>
     <span class='ocr_line' id='line_1_19' title="bbox 80 2550 1144 2648; baseline 0.005 -30"><span class='ocrx_word' id='word_1_159' title='bbox 80 2576 220 2644; x_wconf 87' lang='lat' dir='ltr'><strong>operam,</strong></span> <span class='ocrx_word' id='word_1_160' title='bbox 238 2577 344 2645; x_wconf 91' lang='lat' dir='ltr'><strong>quum</strong></span> <span class='ocrx_word' id='word_1_161' title='bbox 354 2550 404 2619; x_wconf 92' lang='lat' dir='ltr'><strong>illi</strong></span> <span class='ocrx_word' id='word_1_162' title='bbox 414 2551 593 2635; x_wconf 86' lang='lat' dir='ltr'><strong>irasceris,</strong></span> <span class='ocrx_word' id='word_1_163' title='bbox 610 2577 712 2645; x_wconf 90' lang='lat' dir='ltr'><strong>quam</strong></span> <span class='ocrx_word' id='word_1_164' title='bbox 726 2579 831 2646; x_wconf 92' lang='lat' dir='ltr'><strong>quum</strong></span> <span class='ocrx_word' id='word_1_165' title='bbox 846 2555 941 2622; x_wconf 91' lang='lat' dir='ltr'><strong>illum</strong></span> <span class='ocrx_word' id='word_1_166' title='bbox 954 2555 1053 2623; x_wconf 84' lang='lat' dir='ltr'><strong>alteri</strong></span> <span class='ocrx_word' id='word_1_167' title='bbox 1063 2579 1144 2648; x_wconf 87' lang='lat' dir='ltr'><strong>pre-</strong></span> 
     </span>
     <span class='ocr_line' id='line_1_20' title="bbox 80 2664 1146 2763; baseline 0.003 -26"><span class='ocrx_word' id='word_1_168' title='bbox 80 2673 162 2738; x_wconf 79' lang='lat' dir='ltr'><strong>caris</strong></span> <span class='ocrx_word' id='word_1_169' title='bbox 186 2664 347 2739; x_wconf 84' lang='lat' dir='ltr'><strong>iratum⁶.</strong></span> <span class='ocrx_word' id='word_1_170' title='bbox 379 2672 491 2738; x_wconf 89' lang='lat' dir='ltr'><strong>Bonus</strong></span> <span class='ocrx_word' id='word_1_171' title='bbox 514 2671 568 2738; x_wconf 76' lang='lat' dir='ltr'><strong>uir</strong></span> <span class='ocrx_word' id='word_1_172' title='bbox 594 2671 730 2762; x_wconf 90' lang='lat' dir='ltr'><strong>estqui</strong></span> <span class='ocrx_word' id='word_1_173' title='bbox 760 2672 919 2763; x_wconf 88' lang='lat' dir='ltr'><strong>injuriam</strong></span> <span class='ocrx_word' id='word_1_174' title='bbox 946 2671 1051 2740; x_wconf 76' lang='lat' dir='ltr'><strong>fecit?</strong></span> <span class='ocrx_word' id='word_1_175' title='bbox 1076 2675 1146 2742; x_wconf 93' lang='lat' dir='ltr'><strong>noli</strong></span> 
     </span>
     <span class='ocr_line' id='line_1_21' title="bbox 79 2785 1226 2882; baseline 0.002 -26"><span class='ocrx_word' id='word_1_176' title='bbox 79 2787 225 2856; x_wconf 85' lang='lat' dir='ltr'><strong>credere.</strong></span> <span class='ocrx_word' id='word_1_177' title='bbox 250 2787 388 2856; x_wconf 77' lang='lat' dir='ltr'><strong>Malus?</strong></span> <span class='ocrx_word' id='word_1_178' title='bbox 410 2785 480 2855; x_wconf 88' lang='lat' dir='ltr'><strong>noli</strong></span> <span class='ocrx_word' id='word_1_179' title='bbox 502 2787 617 2854; x_wconf 86' lang='lat' dir='ltr'><strong>mirari</strong></span> <span class='ocrx_word' id='word_1_180' title='bbox 637 2814 643 2852; x_wconf 95' lang='lat'>:</span> <span class='ocrx_word' id='word_1_181' title='bbox 667 2786 762 2854; x_wconf 87' lang='lat' dir='ltr'><strong>dabit</strong></span> <span class='ocrx_word' id='word_1_182' title='bbox 784 2813 901 2882; x_wconf 80' lang='lat' dir='ltr'><strong>poenae</strong></span> <span class='ocrx_word' id='word_1_183' title='bbox 918 2788 1041 2872; x_wconf 80' lang='lat' dir='ltr'><strong>alteri,</strong></span> <span class='ocrx_word' id='word_1_184' title='bbox 1062 2814 1146 2882; x_wconf 85' lang='lat' dir='ltr'><strong>quas</strong></span> <span class='ocrx_word' id='word_1_185' title='bbox 1221 2835 1226 2848; x_wconf 54' lang='grc' dir='ltr'><em>ι</em></span> 
     </span>
     <span class='ocr_line' id='line_1_22' title="bbox 80 2900 1187 2996; baseline 0.006 -27"><span class='ocrx_word' id='word_1_186' title='bbox 80 2901 177 2972; x_wconf 87' lang='lat' dir='ltr'><strong>debet</strong></span> <span class='ocrx_word' id='word_1_187' title='bbox 190 2905 252 2971; x_wconf 92' lang='lat' dir='ltr'><strong>tibi</strong></span> <span class='ocrx_word' id='word_1_188' title='bbox 268 2930 276 2969; x_wconf 76' lang='grc' dir='ltr'>ε</span> <span class='ocrx_word' id='word_1_189' title='bbox 291 2903 403 2995; x_wconf 86' lang='lat' dir='ltr'><strong>etjam</strong></span> <span class='ocrx_word' id='word_1_190' title='bbox 416 2903 481 2970; x_wconf 86' lang='lat' dir='ltr'><strong>sibi</strong></span> <span class='ocrx_word' id='word_1_191' title='bbox 497 2900 592 2970; x_wconf 87' lang='lat' dir='ltr'><strong>dedit</strong></span> <span class='ocrx_word' id='word_1_192' title='bbox 607 2907 632 2985; x_wconf 76' lang='grc'><strong>7,</strong></span> <span class='ocrx_word' id='word_1_193' title='bbox 650 2904 710 2995; x_wconf 93' lang='lat' dir='ltr'><strong>qui</strong></span> <span class='ocrx_word' id='word_1_194' title='bbox 724 2905 888 2996; x_wconf 88' lang='lat' dir='ltr'><strong>peccavit.</strong></span> <span class='ocrx_word' id='word_1_195' title='bbox 904 2908 980 2975; x_wconf 92' lang='lat' dir='ltr'><strong>Duo</strong></span> <span class='ocrx_word' id='word_1_196' title='bbox 992 2922 1092 2990; x_wconf 85' lang='lat' dir='ltr'><strong>sunt,</strong></span> <span class='ocrx_word' id='word_1_197' title='bbox 1108 2924 1146 2976; x_wconf 91' lang='lat' dir='ltr'><strong>ut</strong></span> <span class='ocrx_word' id='word_1_198' title='bbox 1173 2934 1187 2964; x_wconf 84' lang='lat'><em>2</em></span> 
     </span>
    </p>
   </div>
   <div class='ocr_carea' id='block_1_4' title="bbox 73 3043 1228 4293">
    <p class='ocr_par' dir='ltr' id='par_1_4' title="bbox 77 3043 1228 3336">
     <span class='ocr_line' id='line_1_23' title="bbox 112 3043 1203 3114; baseline 0.008 -18"><span class='ocrx_word' id='word_1_199' title='bbox 112 3065 132 3098; x_wconf 87' lang='lat' dir='ltr'><strong>r.</strong></span> <span class='ocrx_word' id='word_1_200' title='bbox 150 3045 305 3100; x_wconf 73' lang='lat' dir='ltr'><strong>Pmrmtas.</strong></span> <span class='ocrx_word' id='word_1_201' title='bbox 326 3045 439 3098; x_wconf 74' lang='lat' dir='ltr'><strong>subaud.</strong></span> <span class='ocrx_word' id='word_1_202' title='bbox 459 3050 487 3097; x_wconf 84' lang='lat' dir='ltr'><strong>r&#39;n</strong></span> <span class='ocrx_word' id='word_1_203' title='bbox 503 3048 583 3114; x_wconf 80' lang='lat' dir='ltr'><strong>judi·</strong></span> <span class='ocrx_word' id='word_1_204' title='bbox 668 3047 687 3110; x_wconf 56' lang='lat'><strong>4.</strong></span> <span class='ocrx_word' id='word_1_205' title='bbox 704 3046 817 3111; x_wconf 80' lang='lat' dir='ltr'><strong>Injurr&#39;oe</strong></span> <span class='ocrx_word' id='word_1_206' title='bbox 835 3054 878 3112; x_wconf 77' lang='lat' dir='ltr'><strong>jus</strong></span> <span class='ocrx_word' id='word_1_207' title='bbox 899 3053 941 3104; x_wconf 80' lang='lat' dir='ltr'><strong>sit.</strong></span> <span class='ocrx_word' id='word_1_208' title='bbox 967 3050 1051 3104; x_wconf 81' lang='lat' dir='ltr'><strong>liceat</strong></span> <span class='ocrx_word' id='word_1_209' title='bbox 1068 3054 1145 3104; x_wconf 80' lang='lat' dir='ltr'><strong>semel</strong></span> <span class='ocrx_word' id='word_1_210' title='bbox 1199 3043 1203 3052; x_wconf 76' lang='lat'>‚</span> 
     </span>
     <span class='ocr_line' id='line_1_24' title="bbox 77 3123 1145 3198; baseline 0.007 -22"><span class='ocrx_word' id='word_1_211' title='bbox 77 3130 157 3190; x_wconf 80' lang='lat' dir='ltr'><strong>rima,</strong></span> <span class='ocrx_word' id='word_1_212' title='bbox 170 3139 194 3178; x_wconf 86' lang='lat' dir='ltr'><strong>et</strong></span> <span class='ocrx_word' id='word_1_213' title='bbox 204 3145 245 3181; x_wconf 75' lang='lat' dir='ltr'><strong>une</strong></span> <span class='ocrx_word' id='word_1_214' title='bbox 258 3144 333 3198; x_wconf 79' lang='lat' dir='ltr'><strong>rogas</strong></span> <span class='ocrx_word' id='word_1_215' title='bbox 346 3123 371 3176; x_wconf 93' lang='lat' dir='ltr'><strong>id</strong></span> <span class='ocrx_word' id='word_1_216' title='bbox 383 3124 465 3196; x_wconf 72' lang='lat' dir='ltr'><strong>palam</strong></span> <span class='ocrx_word' id='word_1_217' title='bbox 476 3123 582 3189; x_wconf 83' lang='lat' dir='ltr'><strong>dclcrre,</strong></span> <span class='ocrx_word' id='word_1_218' title='bbox 635 3123 740 3197; x_wconf 81' lang='lat' dir='ltr'><strong>injustus</strong></span> <span class='ocrx_word' id='word_1_219' title='bbox 753 3144 805 3178; x_wconf 79' lang='lat' dir='ltr'><strong>csse</strong></span> <span class='ocrx_word' id='word_1_220' title='bbox 818 3144 824 3178; x_wconf 76' lang='grc' dir='ltr'><em>τ</em></span> <span class='ocrx_word' id='word_1_221' title='bbox 837 3139 879 3188; x_wconf 81' lang='lat' dir='ltr'><strong>aut</strong></span> <span class='ocrx_word' id='word_1_222' title='bbox 895 3129 998 3182; x_wconf 78' lang='lat' dir='ltr'><strong>fortasse</strong></span> <span class='ocrx_word' id='word_1_223' title='bbox 1015 3142 1051 3183; x_wconf 78' lang='lat' dir='ltr'><strong>est</strong></span> <span class='ocrx_word' id='word_1_224' title='bbox 1063 3129 1145 3183; x_wconf 74' lang='lat' dir='ltr'><strong>beno-</strong></span> 
     </span>
     <span class='ocr_line' id='line_1_25' title="bbox 80 3199 1118 3277; baseline 0.001 -21"><span class='ocrx_word' id='word_1_225' title='bbox 80 3205 157 3276; x_wconf 78' lang='lat' dir='ltr'><strong>palam</strong></span> <span class='ocrx_word' id='word_1_226' title='bbox 175 3222 330 3265; x_wconf 76' lang='lat' dir='ltr'><strong>asseverare,</strong></span> <span class='ocrx_word' id='word_1_227' title='bbox 347 3201 414 3272; x_wconf 93' lang='lat' dir='ltr'><strong>quod</strong></span> <span class='ocrx_word' id='word_1_228' title='bbox 428 3215 535 3254; x_wconf 81' lang='lat' dir='ltr'><strong>secretus</strong></span> <span class='ocrx_word' id='word_1_229' title='bbox 554 3203 581 3255; x_wconf 89' lang='lat' dir='ltr'><strong>in</strong></span> <span class='ocrx_word' id='word_1_230' title='bbox 633 3199 736 3265; x_wconf 84' lang='lat' dir='ltr'><strong>ficium,</strong></span> <span class='ocrx_word' id='word_1_231' title='bbox 748 3201 816 3272; x_wconf 93' lang='lat' dir='ltr'><strong>quod</strong></span> <span class='ocrx_word' id='word_1_232' title='bbox 827 3202 899 3255; x_wconf 87' lang='lat' dir='ltr'><strong>nobis</strong></span> <span class='ocrx_word' id='word_1_233' title='bbox 909 3204 1000 3277; x_wconf 83' lang='lat' dir='ltr'><strong>injuria</strong></span> <span class='ocrx_word' id='word_1_234' title='bbox 1012 3205 1118 3258; x_wconf 85' lang='lat' dir='ltr'><strong>videtur.</strong></span> 
     </span>
     <span class='ocr_line' id='line_1_26' title="bbox 79 3277 1228 3336; baseline 0.003 -4"><span class='ocrx_word' id='word_1_235' title='bbox 79 3277 423 3333; x_wconf 72' lang='lat' dir='ltr'><strong>turentibiobmnnuurasi.</strong></span> <span class='ocrx_word' id='word_1_236' title='bbox 669 3279 1082 3336; x_wconf 80' lang='lat' dir='ltr'><strong>5.Jussusest?lussualterius</strong></span> <span class='ocrx_word' id='word_1_237' title='bbox 1099 3283 1146 3335; x_wconf 89' lang='lat' dir='ltr'><strong>in·</strong></span> <span class='ocrx_word' id='word_1_238' title='bbox 1225 3327 1228 3334; x_wconf 77' lang='grc'>,</span> 
     </span>
    </p>

    <p class='ocr_par' dir='ltr' id='par_1_5' title="bbox 78 3355 1146 3509">
     <span class='ocr_line' id='line_1_27' title="bbox 112 3355 1146 3429; baseline 0.004 -18"><span class='ocrx_word' id='word_1_239' title='bbox 112 3379 133 3412; x_wconf 82' lang='lat'><strong>2.</strong></span> <span class='ocrx_word' id='word_1_240' title='bbox 144 3359 269 3426; x_wconf 65' lang='lat' dir='ltr'><strong>Insligot.</strong></span> <span class='ocrx_word' id='word_1_241' title='bbox 287 3355 331 3408; x_wconf 80' lang='lat' dir='ltr'><strong>Ad</strong></span> <span class='ocrx_word' id='word_1_242' title='bbox 350 3367 475 3408; x_wconf 79' lang='lat' dir='ltr'><strong>certamen</strong></span> <span class='ocrx_word' id='word_1_243' title='bbox 494 3375 585 3429; x_wconf 76' lang='lat' dir='ltr'><strong>nempe</strong></span> <span class='ocrx_word' id='word_1_244' title='bbox 635 3355 725 3428; x_wconf 76' lang='lat' dir='ltr'><strong>jurium</strong></span> <span class='ocrx_word' id='word_1_245' title='bbox 737 3358 812 3422; x_wconf 79' lang='lat' dir='ltr'><strong>serit,</strong></span> <span class='ocrx_word' id='word_1_246' title='bbox 823 3371 865 3410; x_wconf 85' lang='lat' dir='ltr'><strong>aut</strong></span> <span class='ocrx_word' id='word_1_247' title='bbox 876 3373 949 3413; x_wconf 81' lang='lat' dir='ltr'><strong>antea</strong></span> <span class='ocrx_word' id='word_1_248' title='bbox 962 3359 1033 3414; x_wconf 75' lang='lat' dir='ltr'><strong>luteus</strong></span> <span class='ocrx_word' id='word_1_249' title='bbox 1047 3361 1092 3413; x_wconf 87' lang='lat' dir='ltr'><strong>tibi</strong></span> <span class='ocrx_word' id='word_1_250' title='bbox 1103 3363 1146 3415; x_wconf 86' lang='lat' dir='ltr'><strong>in-</strong></span> 
     </span>
     <span class='ocr_line' id='line_1_28' title="bbox 78 3432 953 3509; baseline 0.003 -23"><span class='ocrx_word' id='word_1_251' title='bbox 78 3447 230 3509; x_wconf 67' lang='lat' dir='ltr'><strong>rtpugnrsn.</strong></span> <span class='ocrx_word' id='word_1_252' title='bbox 635 3432 724 3506; x_wconf 76' lang='lat' dir='ltr'><strong>jurium</strong></span> <span class='ocrx_word' id='word_1_253' title='bbox 735 3436 840 3508; x_wconf 76' lang='lat' dir='ltr'><strong>reponit</strong></span> <span class='ocrx_word' id='word_1_254' title='bbox 946 3487 953 3502; x_wconf 80' lang='lat'><em>,</em></span> 
     </span>
    </p>

    <p class='ocr_par' dir='ltr' id='par_1_6' title="bbox 76 3513 1145 3983">
     <span class='ocr_line' id='line_1_29' title="bbox 108 3513 1144 3584; baseline 0.002 -16"><span class='ocrx_word' id='word_1_255' title='bbox 108 3517 195 3568; x_wconf 78' lang='lat' dir='ltr'><strong>XXX.</strong></span> <span class='ocrx_word' id='word_1_256' title='bbox 206 3519 276 3567; x_wconf 67' lang='grc' dir='ltr'><strong>Δια.</strong></span> <span class='ocrx_word' id='word_1_257' title='bbox 283 3513 379 3566; x_wconf 79' lang='lat' dir='ltr'><strong>Natura</strong></span> <span class='ocrx_word' id='word_1_258' title='bbox 390 3527 414 3565; x_wconf 83' lang='lat' dir='ltr'><strong>et</strong></span> <span class='ocrx_word' id='word_1_259' title='bbox 424 3513 541 3567; x_wconf 73' lang='lat' dir='ltr'><strong>voluntas</strong></span> <span class='ocrx_word' id='word_1_260' title='bbox 550 3515 585 3567; x_wconf 80' lang='lat' dir='ltr'><strong>la·</strong></span> <span class='ocrx_word' id='word_1_261' title='bbox 667 3513 690 3564; x_wconf 82' lang='lat' dir='ltr'><strong>li.</strong></span> <span class='ocrx_word' id='word_1_262' title='bbox 702 3513 770 3566; x_wconf 84' lang='lat' dir='ltr'><strong>Tam</strong></span> <span class='ocrx_word' id='word_1_263' title='bbox 774 3517 900 3584; x_wconf 78' lang='lat' dir='ltr'><strong>perdis...</strong></span> <span class='ocrx_word' id='word_1_264' title='bbox 908 3521 1025 3584; x_wconf 78' lang='lat' dir='ltr'><strong>precaris</strong></span> <span class='ocrx_word' id='word_1_265' title='bbox 1037 3522 1144 3572; x_wconf 79' lang='lat' dir='ltr'><strong>iratum.</strong></span> 
     </span>
     <span class='ocr_line' id='line_1_30' title="bbox 77 3591 1144 3668; baseline 0.002 -22"><span class='ocrx_word' id='word_1_266' title='bbox 77 3595 194 3648; x_wconf 75' lang='lat' dir='ltr'><strong>cientium</strong></span> <span class='ocrx_word' id='word_1_267' title='bbox 218 3593 323 3666; x_wconf 72' lang='lat' dir='ltr'><strong>injurias</strong></span> <span class='ocrx_word' id='word_1_268' title='bbox 345 3593 498 3668; x_wconf 56' lang='lat' dir='ltr'><strong>excutiendp</strong></span> <span class='ocrx_word' id='word_1_269' title='bbox 518 3607 584 3648; x_wconf 82' lang='lat' dir='ltr'><strong>sunt.</strong></span> <span class='ocrx_word' id='word_1_270' title='bbox 634 3591 778 3644; x_wconf 82' lang='lat' dir='ltr'><strong>Stoicorum</strong></span> <span class='ocrx_word' id='word_1_271' title='bbox 786 3593 933 3665; x_wconf 81' lang='lat' dir='ltr'><strong>opinionem</strong></span> <span class='ocrx_word' id='word_1_272' title='bbox 941 3615 1024 3648; x_wconf 80' lang='lat' dir='ltr'><strong>nrrsur</strong></span> <span class='ocrx_word' id='word_1_273' title='bbox 1032 3596 1144 3662; x_wconf 75' lang='lat' dir='ltr'><strong>adverto,</strong></span> 
     </span>
     <span class='ocr_line' id='line_1_31' title="bbox 77 3669 1145 3744; baseline 0.005 -24"><span class='ocrx_word' id='word_1_274' title='bbox 77 3674 177 3728; x_wconf 70' lang='lat' dir='ltr'><strong>Tnmit</strong></span> <span class='ocrx_word' id='word_1_275' title='bbox 190 3674 223 3726; x_wconf 70' lang='lat' dir='ltr'><strong>ad</strong></span> <span class='ocrx_word' id='word_1_276' title='bbox 242 3693 299 3726; x_wconf 70' lang='lat' dir='ltr'><strong>eam</strong></span> <span class='ocrx_word' id='word_1_277' title='bbox 315 3691 414 3724; x_wconf 65' lang='lat' dir='ltr'><strong>cumam</strong></span> <span class='ocrx_word' id='word_1_278' title='bbox 432 3672 490 3738; x_wconf 67' lang='lat' dir='ltr'><strong>im,</strong></span> <span class='ocrx_word' id='word_1_279' title='bbox 508 3693 583 3744; x_wconf 66' lang='lat' dir='ltr'><strong>quam</strong></span> <span class='ocrx_word' id='word_1_280' title='bbox 633 3669 677 3739; x_wconf 88' lang='lat' dir='ltr'><strong>qui</strong></span> <span class='ocrx_word' id='word_1_281' title='bbox 687 3669 772 3722; x_wconf 84' lang='lat' dir='ltr'><strong>Deum</strong></span> <span class='ocrx_word' id='word_1_282' title='bbox 784 3670 903 3724; x_wconf 78' lang='lat' dir='ltr'><strong>volebant</strong></span> <span class='ocrx_word' id='word_1_283' title='bbox 919 3691 1003 3727; x_wconf 83' lang='lat' dir='ltr'><strong>rerum</strong></span> <span class='ocrx_word' id='word_1_284' title='bbox 1016 3674 1145 3728; x_wconf 75' lang='lat' dir='ltr'><strong>humans-</strong></span> 
     </span>
     <span class='ocr_line' id='line_1_32' title="bbox 77 3747 1145 3824; baseline 0.003 -22"><span class='ocrx_word' id='word_1_285' title='bbox 77 3751 186 3806; x_wconf 78' lang='lat' dir='ltr'><strong>srrando</strong></span> <span class='ocrx_word' id='word_1_286' title='bbox 202 3753 260 3804; x_wconf 81' lang='lat' dir='ltr'><strong>loeo</strong></span> <span class='ocrx_word' id='word_1_287' title='bbox 274 3763 406 3824; x_wconf 79' lang='lat' dir='ltr'><strong>posuerat,</strong></span> <span class='ocrx_word' id='word_1_288' title='bbox 417 3769 470 3823; x_wconf 79' lang='lat' dir='ltr'><strong>rap.</strong></span> <span class='ocrx_word' id='word_1_289' title='bbox 480 3754 512 3802; x_wconf 70' lang='grc' dir='ltr'><strong>αδ</strong></span> <span class='ocrx_word' id='word_1_290' title='bbox 522 3771 585 3821; x_wconf 81' lang='lat' dir='ltr'><strong>,sqq</strong></span> <span class='ocrx_word' id='word_1_291' title='bbox 634 3767 690 3800; x_wconf 85' lang='lat' dir='ltr'><strong>rum</strong></span> <span class='ocrx_word' id='word_1_292' title='bbox 701 3747 806 3801; x_wconf 84' lang='lat' dir='ltr'><strong>minime</strong></span> <span class='ocrx_word' id='word_1_293' title='bbox 818 3750 945 3802; x_wconf 74' lang='lat' dir='ltr'><strong>curiorum</strong></span> <span class='ocrx_word' id='word_1_294' title='bbox 957 3789 964 3815; x_wconf 89' lang='lat'><em>,</em></span> <span class='ocrx_word' id='word_1_295' title='bbox 980 3773 1065 3824; x_wconf 78' lang='lat' dir='ltr'><strong>preces</strong></span> <span class='ocrx_word' id='word_1_296' title='bbox 1080 3773 1145 3805; x_wconf 86' lang='lat' dir='ltr'><strong>nos-</strong></span> 
     </span>
     <span class='ocr_line' id='line_1_33' title="bbox 77 3827 1145 3904; baseline 0.001 -20"><span class='ocrx_word' id='word_1_297' title='bbox 77 3851 121 3884; x_wconf 79' lang='lat' dir='ltr'><strong>nos</strong></span> <span class='ocrx_word' id='word_1_298' title='bbox 132 3845 157 3884; x_wconf 84' lang='lat' dir='ltr'><strong>et</strong></span> <span class='ocrx_word' id='word_1_299' title='bbox 172 3830 244 3884; x_wconf 66' lang='lat' dir='ltr'><strong>imai</strong></span> <span class='ocrx_word' id='word_1_300' title='bbox 261 3830 358 3893; x_wconf 79' lang='lat' dir='ltr'><strong>solere,</strong></span> <span class='ocrx_word' id='word_1_301' title='bbox 376 3828 397 3880; x_wconf 84' lang='lat' dir='ltr'><strong>si</strong></span> <span class='ocrx_word' id='word_1_302' title='bbox 409 3829 495 3900; x_wconf 83' lang='lat' dir='ltr'><strong>inique</strong></span> <span class='ocrx_word' id='word_1_303' title='bbox 514 3849 585 3882; x_wconf 81' lang='lat' dir='ltr'><strong>uete—</strong></span> <span class='ocrx_word' id='word_1_304' title='bbox 634 3839 698 3890; x_wconf 72' lang='lat' dir='ltr'><strong>ms,</strong></span> <span class='ocrx_word' id='word_1_305' title='bbox 716 3839 742 3877; x_wconf 74' lang='lat' dir='ltr'><strong>et</strong></span> <span class='ocrx_word' id='word_1_306' title='bbox 757 3827 959 3900; x_wconf 72' lang='lat' dir='ltr'><strong>deprecationes,</strong></span> <span class='ocrx_word' id='word_1_307' title='bbox 977 3843 1002 3882; x_wconf 82' lang='lat' dir='ltr'><strong>et</strong></span> <span class='ocrx_word' id='word_1_308' title='bbox 1018 3831 1145 3904; x_wconf 68' lang='lat' dir='ltr'><strong>imprece-</strong></span> 
     </span>
     <span class='ocr_line' id='line_1_34' title="bbox 76 3903 1144 3983; baseline -0.001 -19"><span class='ocrx_word' id='word_1_309' title='bbox 76 3911 137 3982; x_wconf 62' lang='grc' dir='ltr'><strong>μία</strong></span> <span class='ocrx_word' id='word_1_310' title='bbox 148 3909 270 3983; x_wconf 75' lang='lat' dir='ltr'><strong>injuriam</strong></span> <span class='ocrx_word' id='word_1_311' title='bbox 280 3907 406 3960; x_wconf 79' lang='lat' dir='ltr'><strong>ridemur.</strong></span> <span class='ocrx_word' id='word_1_312' title='bbox 634 3903 714 3958; x_wconf 81' lang='lat' dir='ltr'><strong>tiones</strong></span> <span class='ocrx_word' id='word_1_313' title='bbox 731 3925 790 3956; x_wconf 82' lang='lat' dir='ltr'><strong>aure</strong></span> <span class='ocrx_word' id='word_1_314' title='bbox 802 3906 877 3958; x_wconf 86' lang='lat' dir='ltr'><strong>surda</strong></span> <span class='ocrx_word' id='word_1_315' title='bbox 890 3906 985 3959; x_wconf 81' lang='lat' dir='ltr'><strong>audire.</strong></span> <span class='ocrx_word' id='word_1_316' title='bbox 1001 3909 1076 3976; x_wconf 90' lang='lat' dir='ltr'><strong>Quod</strong></span> <span class='ocrx_word' id='word_1_317' title='bbox 1095 3911 1144 3981; x_wconf 79' lang='lat' dir='ltr'><strong>jum</strong></span> 
     </span>
    </p>

    <p class='ocr_par' dir='ltr' id='par_1_7' title="bbox 73 3983 1144 4293">
     <span class='ocr_line' id='line_1_35' title="bbox 106 3983 1144 4057; baseline 0.001 -17"><span class='ocrx_word' id='word_1_318' title='bbox 106 3989 266 4042; x_wconf 65' lang='grc' dir='ltr'><strong>Μακέων.</strong></span> <span class='ocrx_word' id='word_1_319' title='bbox 278 3987 335 4042; x_wconf 80' lang='lat' dir='ltr'><strong>Hoc</strong></span> <span class='ocrx_word' id='word_1_320' title='bbox 345 3997 396 4048; x_wconf 78' lang='lat' dir='ltr'><strong>est,</strong></span> <span class='ocrx_word' id='word_1_321' title='bbox 408 3984 505 4057; x_wconf 75' lang='lat' dir='ltr'><strong>aliquid</strong></span> <span class='ocrx_word' id='word_1_322' title='bbox 518 4005 585 4038; x_wconf 81' lang='lat' dir='ltr'><strong>eon-</strong></span> <span class='ocrx_word' id='word_1_323' title='bbox 634 3983 775 4034; x_wconf 76' lang='lat' dir='ltr'><strong>notavimus</strong></span> <span class='ocrx_word' id='word_1_324' title='bbox 791 4003 844 4057; x_wconf 79' lang='lat' dir='ltr'><strong>cap.</strong></span> <span class='ocrx_word' id='word_1_325' title='bbox 864 4004 910 4052; x_wconf 80' lang='lat'><strong>27,</strong></span> <span class='ocrx_word' id='word_1_326' title='bbox 932 3984 964 4036; x_wconf 87' lang='lat' dir='ltr'><strong>ad</strong></span> <span class='ocrx_word' id='word_1_327' title='bbox 979 3985 1033 4040; x_wconf 77' lang='lat' dir='ltr'><strong>haer</strong></span> <span class='ocrx_word' id='word_1_328' title='bbox 1052 3989 1144 4041; x_wconf 82' lang='lat' dir='ltr'><strong>verba:</strong></span> 
     </span>
     <span class='ocr_line' id='line_1_36' title="bbox 75 4061 1019 4136; baseline -0.001 -18"><span class='ocrx_word' id='word_1_329' title='bbox 75 4067 189 4131; x_wconf 73' lang='lat' dir='ltr'><strong>cedatur3</strong></span> <span class='ocrx_word' id='word_1_330' title='bbox 204 4065 279 4130; x_wconf 83' lang='lat' dir='ltr'><strong>detqr</strong></span> <span class='ocrx_word' id='word_1_331' title='bbox 288 4063 453 4136; x_wconf 65' lang='lat' dir='ltr'><strong>indulgentie</strong></span> <span class='ocrx_word' id='word_1_332' title='bbox 464 4063 585 4134; x_wconf 71' lang='lat' dir='ltr'><strong>aliquan-</strong></span> <span class='ocrx_word' id='word_1_333' title='bbox 636 4083 649 4108; x_wconf 73' lang='lat' dir='ltr'><strong>u</strong></span> <span class='ocrx_word' id='word_1_334' title='bbox 661 4061 696 4112; x_wconf 79' lang='lat' dir='ltr'><strong>Ut</strong></span> <span class='ocrx_word' id='word_1_335' title='bbox 711 4061 756 4113; x_wconf 82' lang='lat' dir='ltr'><strong>Dii</strong></span> <span class='ocrx_word' id='word_1_336' title='bbox 768 4061 921 4114; x_wconf 76' lang='lat' dir='ltr'><strong>immortales</strong></span> <span class='ocrx_word' id='word_1_337' title='bbox 930 4099 937 4130; x_wconf 80' lang='lat'>‚</span> <span class='ocrx_word' id='word_1_338' title='bbox 947 4077 992 4117; x_wconf 82' lang='lat' dir='ltr'><strong>cto.</strong></span> <span class='ocrx_word' id='word_1_339' title='bbox 1004 4087 1019 4112; x_wconf 72' lang='lat' dir='ltr'><strong>s</strong></span> 
     </span>
     <span class='ocr_line' id='line_1_37' title="bbox 74 4141 1144 4213; baseline 0 -17"><span class='ocrx_word' id='word_1_340' title='bbox 74 4141 584 4204; x_wconf 73' lang='lat' dir='ltr'><strong>urlmntrnrllulaehnicoetati,othonum</strong></span> <span class='ocrx_word' id='word_1_341' title='bbox 668 4160 692 4205; x_wconf 75' lang='lat' dir='ltr'><strong>y.</strong></span> <span class='ocrx_word' id='word_1_342' title='bbox 710 4141 822 4204; x_wconf 77' lang='lat' dir='ltr'><strong>Etiam</strong></span> <span class='ocrx_word' id='word_1_343' title='bbox 843 4143 897 4195; x_wconf 72' lang='lat' dir='ltr'><strong>sibe*</strong></span> <span class='ocrx_word' id='word_1_344' title='bbox 914 4145 993 4196; x_wconf 80' lang='lat' dir='ltr'><strong>dedit.</strong></span> <span class='ocrx_word' id='word_1_345' title='bbox 1015 4145 1144 4213; x_wconf 82' lang='lat' dir='ltr'><strong>Quoniam</strong></span> 
     </span>
     <span class='ocr_line' id='line_1_38' title="bbox 73 4218 1143 4293; baseline -0.002 -17"><span class='ocrx_word' id='word_1_346' title='bbox 73 4245 86 4276; x_wconf 78' lang='lat' dir='ltr'><strong>a</strong></span> <span class='ocrx_word' id='word_1_347' title='bbox 98 4226 166 4278; x_wconf 78' lang='lat' dir='ltr'><strong>malo</strong></span> <span class='ocrx_word' id='word_1_348' title='bbox 178 4223 296 4278; x_wconf 84' lang='lat' dir='ltr'><strong>nondum</strong></span> <span class='ocrx_word' id='word_1_349' title='bbox 306 4221 453 4274; x_wconf 74' lang='lat' dir='ltr'><strong>strumenti.</strong></span> <span class='ocrx_word' id='word_1_350' title='bbox 635 4218 786 4272; x_wconf 77' lang='lat' dir='ltr'><strong>animmsibi</strong></span> <span class='ocrx_word' id='word_1_351' title='bbox 794 4219 873 4293; x_wconf 68' lang='lat' dir='ltr'><strong>culpa</strong></span> <span class='ocrx_word' id='word_1_352' title='bbox 882 4221 997 4274; x_wconf 78' lang='lat' dir='ltr'><strong>conscius</strong></span> <span class='ocrx_word' id='word_1_353' title='bbox 1004 4243 1028 4272; x_wconf 84' lang='lat' dir='ltr'><strong>sr</strong></span> <span class='ocrx_word' id='word_1_354' title='bbox 1038 4236 1143 4293; x_wconf 75' lang='lat' dir='ltr'><strong>torquet.</strong></span> 
     </span>
    </p>
   </div>
   <div class='ocr_carea' id='block_1_5' title="bbox 0 0 1460 4954">
    <p class='ocr_par' dir='ltr' id='par_1_8' title="bbox 0 0 1460 4954">
     <span class='ocr_line' id='line_1_39' title="bbox 0 0 1460 4954; baseline 0 2"><span class='ocrx_word' id='word_1_355' title='bbox 0 0 1460 4954; x_wconf 95' lang='lat' dir='ltr'><strong> </strong></span> 
     </span>
    </p>
   </div>
  </div>
 </body>
</html>
