2900 4944
396 475 413 486 ’·
433 455 605 524 CAPUT
628 457 779 526 XXVI.
1074 470 1139 562 ⁵²7

82 588 222 672 tiores¹:
245 585 374 656 divitiis
393 585 468 654 illus
485 584 733 686 diligentiores,
755 613 829 682 quoe
849 615 1048 687 suspensum
1064 623 1143 692 gru-

82 699 159 772 dum
174 718 326 796 ponunt,
348 716 383 770 et
401 700 534 795 pondus
549 705 865 776 suum.sustinent².
884 761 886 772 .

126 821 257 888 XXVI.
278 819 397 913 Quum'
414 819 480 890 hoc
501 821 546 888 ita
576 817 719 888 divisum
738 822 801 902 sit,
827 823 914 892 malo
935 827 996 896 bas
1017 831 1054 897 in
1078 856 1142 900 usu

82 934 162 1003 mihi
182 960 273 1018 esse,
297 961 372 1028 quae
386 934 584 1006 exercendae
606 938 823 1030 tranquillius
840 941 925 1023 sint,
946 968 1048 1034 quem
1063 971 1140 1030 ess,

81 1071 222 1140 quorum
246 1051 514 1143 experimentum
529 1051 668 1142 sanguis
685 1067 720 1118 et
739 1052 843 1127 sudor
858 1072 910 1124 est
920 1049 953 1124 ³„
963 1061 1059 1152 ,Ergo
1074 1085 1143 1131 non

81 1185 155 1254 ego,
176 1163 291 1256 inquit
320 1165 476 1258 sapiens,
497 1164 597 1247 aliter
619 1167 695 1234 vivo
715 1190 816 1256 quam
841 1167 1067 1262 loquomsed
1086 1202 1144 1246 vos

80 1277 177 1346 aliter
204 1277 342 1352 auditis.
373 1281 481 1348 Sonus
507 1278 737 1348 tantummodo
767 1282 948 1354 verborum
974 1287 1019 1356 sd
1043 1313 1145 1362 aures

80 1411 206 1466 vestras
226 1396 386 1489 pervenit
405 1422 412 1460 :
433 1394 518 1488 quid
531 1396 721 1488 significet,
737 1421 807 1476 non
824 1403 991 1492 quaeritia.
1010 1432 1037 1476 u.
1049 1408 1146 1501 Quid

78 1531 160 1604 ergo
181 1513 340 1580 interme
358 1510 515 1592 stultum,
537 1528 573 1581 ct
586 1527 618 1578 te
631 1514 816 1604 sapientem
830 1517 985 1602 interest,
1007 1524 1035 1591 si
1052 1541 1147 1603 uter-

79 1651 146 1720 que
164 1623 316 1699 habere⁴
336 1627 491 1698 volumus
508 1629 523 1694 l
543 1629 775 1711 »Plurimum
794 1634 932 1706 Diuitias
943 1640 1036 1709 enim
1053 1644 1145 1735 opud

17 1747 20 1754 '
78 1744 265 1836 sapientem
285 1742 397 1818 virum
417 1742 454 1810 in
470 1742 634 1810 servitute
648 1761 748 1825 sunt,
768 1745 861 1840 opud
878 1750 1018 1820 stultum
1036 1757 1073 1824 in
1087 1759 1147 1826 im·

82 1859 199 1948 peri03
226 1859 361 1951 sapiens
391 1854 518 1926 divitiis
548 1858 635 1929 nibil
664 1857 871 1952 permittit⁵,
899 1867 994 1938 robis
1020 1870 1146 1943 diritiae

79 1967 307 2056 omnia⁶.Vos,
321 1988 480 2063 tanquam
493 1970 720 2063 aliquisvobis
734 1991 896 2048 eternam
903 1985 1147 2072 possessiouem
1173 2039 1187 2070 2

78 2107 197 2160 earum
214 2085 422 2180 promiserit,
445 2086 636 2165 assuescitis
651 2087 730 2170 illis,
752 2107 787 2161 et
798 2093 996 2165 cohoeretis:
1013 2102 1147 2193 sapiens

81 2216 162 2273 tunc
185 2201 327 2290 maxime
346 2213 578 2295 paupertatem
598 2199 824 2287 meditatum,
845 2231 956 2298 quum.
968 2214 1004 2282 in
1027 2215 1148 2284 mediis

79 2397 260 2466 fortunamque
272 2394 352 2466 ipsam
361 2391 506 2444 submittere
512 2391 591 2444 animi
642 2394 727 2448 dentes
736 2397 925 2467 quodammodo
931 2403 1020 2476 pedem
1029 2419 1053 2457 et
1060 2428 1149 2483 corpus

79 2475 233 2547 potentioris
242 2475 320 2547 jugo,
335 2491 376 2526 eas
386 2509 394 2535 ,
406 2472 527 2542 inquam,
538 2471 593 2527 vir-
641 2491 686 2524 suo
697 2475 808 2546 pondere
820 2476 918 2529 declive
925 2480 1084 2538 sustinentes.

79 2568 143 2612 tures
160 2555 217 2608 viro
230 2552 325 2606 similes
338 2571 390 2604 esso
406 2549 451 2624 qui
463 2549 590 2615 escendit,
675 2553 770 2608 xm
784 2559 854 2622 Auo.
876 2559 1021 2622 Discrimeu
1032 2564 1098 2620 inter
1107 2569 1150 2621 di-

80 2633 189 2693 nititur‚
214 2629 363 2684 obluctatur.
382 2628 436 2680 lllae
461 2627 528 2678 enim
551 2649 592 2680 co·
643 2631 719 2682 ritem
728 2635 832 2686 stultum
841 2635 858 2687 i.
869 2638 976 2700 e-,nulln
989 2641 1149 2720 pbilosopbia

77 2725 182 2764 nantur-
196 2709 337 2762 &nantem
349 2725 409 2758 vero
420 2706 524 2757 incitare
534 2724 592 2777 ope·
642 2711 786 2775 excultum,
814 2725 837 2764 et
859 2715 1004 2787 sapientem.
1029 2721 1151 2792 Sequitur

78 2809 112 2844 τι
124 2789 235 2864 pretium
249 2800 301 2850 est;
313 2806 345 2837 ne
355 2797 417 2848 stet,
430 2783 590 2846 timendum,
641 2787 780 2842 admonitio
790 2791 823 2843 ad
830 2791 948 2846 virtutem
955 2798 1149 2870 suspiciendam.

78 2886 132 2920 non
146 2887 180 2918 ne
192 2865 302 2917 nimium
313 2863 359 2914 cite
373 2873 510 2916 moveatur.
675 2865 698 2918 3.
708 2865 826 2937 Sanguis
836 2875 1000 2930 elsudorest.
1012 2875 1076 2944 Qum
1086 2891 1151 2932 non·

115 2967 136 2998 ι.
150 2945 219 3016 Qua
227 2946 388 3010 impugnata
387 2939 462 3010 finnt
458 2937 591 3010 fhrtrorcs.
642 2943 691 2996 nisi
699 2941 726 2996 in
736 2945 810 2998 rebus
817 2949 908 3020 asperis
917 2953 1024 3005 exerceri
1034 2969 1151 3027 possunt:

78 3022 182 3076 Erasmi
191 3034 214 3074 et
224 3019 342 3073 alblibrr.
350 3017 416 3068 bona
424 3015 592 3085 lectio‚quam
642 3043 704 3093 quas
717 3025 820 3077 nonnisi
831 3029 956 3100 sanguine
968 3069 974 3094 ‚
988 3045 1016 3086 ut
1026 3034 1091 3090 inter
1101 3048 1152 3088 tor·

78 3115 168 3154 umen
185 3098 253 3151 haud
266 3097 374 3148 multum
393 3094 461 3146 abest
476 3090 590 3164 Lipsius.
642 3113 743 3166 menta,
758 3115 781 3156 et
791 3103 881 3166 sudore
891 3144 899 3171 ,
910 3108 991 3163 multo
1002 3109 1104 3178 labore,
1115 3133 1152 3165 oa·

78 3180 144 3252 quin
159 3187 294 3254 postponat
307 3173 446 3228 Graecismo
458 3189 594 3240 :pugnare
642 3176 744 3230 tendere
759 3193 784 3234 et
796 3181 899 3250 probare
913 3205 1052 3255 possumus.

79 3270 145 3312 sunt
150 3257 279 3330 fortiores
298 3271 305 3302 t
323 3253 371 3306 boc
388 3261 423 3302 est
437 3288 444 3316 ‚
457 3246 594 3321 simplicius
676 3255 699 3320 4.
712 3257 826 3312 Habere.
839 3262 957 3316 Divitias.
1053 3317 1056 3322 .

78 3332 240 3390 contoniofi,
678 3335 699 3384 5.
712 3333 820 3390 Divtu'is
829 3340 1034 3409 nillilpermittit.
1042 3345 1075 3401 H.
1085 3366 1106 3397 e.
1116 3348 1152 3400 ni·

115 3415 295 3466 mter-rimas
305 3409 519 3479 ergomsttnent.
534 3405 595 3456 Seu·
644 3410 682 3463 hil
698 3412 832 3478 concedit;
853 3416 914 3471 durn
928 3419 966 3492 jus
983 3420 1033 3474 illis
1045 3424 1152 3495 denegat

78 3514 123 3547 m,
149 3511 156 3546 :
180 3491 251 3563 Ergo
274 3486 330 3542 illas
351 3486 455 3538 virtutes
478 3482 595 3534 adversus
644 3490 847 3548 siveinlaborcm
859 3510 883 3550 et
892 3499 1002 3554 studium
1013 3501 1152 3558 litterarum

80 3579 274 3646 paupertatem,
286 3578 313 3618 ut
323 3565 366 3617 illa
374 3564 489 3616 vincatur
499 3561 596 3632 ltingt·
645 3567 875 3643 scientiarumque,
896 3577 949 3632 tite
965 3577 993 3630 lu
1011 3591 1154 3653 temperau-

78 3661 176 3717 surque
188 3685 195 3709 ‚
206 3643 384 3697 adhibebimus
393 3659 449 3710 quae
458 3637 597 3690 fortissime
646 3646 705 3696 tium
717 3683 724 3708 ,
738 3649 911 3704 castimoniam
925 3693 932 3720 ,
946 3654 1117 3728 justitiamque
1130 3675 1154 3712 et

81 3738 107 3778 et
117 3723 289 3777 tenacissimae
300 3718 437 3792 pinsetiam
448 3716 550 3788 capiunt
560 3715 598 3766 in·
647 3734 746 3776 caeteras
762 3727 878 3792 virtutes,
893 3731 946 3786 sive
962 3732 990 3786 in
1003 3745 1099 3808 tempus
1115 3737 1154 3809 ip·

80 3799 209 3854 crementi
223 3811 247 3850 et
258 3795 429 3859 fortitudinis,
447 3793 507 3844 dum
520 3793 599 3844 dimi*
646 3821 709 3854 sum.

80 3893 145 3934 cant
162 3891 187 3932 et
206 3877 404 3950 impugnantum
427 3869 523 3922 divitiis
538 3887 597 3922 vero
679 3876 925 3936 tintvtrtoeomnta.
938 3883 978 3938 Ol·
989 3893 1103 3963 ttqoraad
1112 3913 1156 3946 ee-

79 3959 142 4012 illas
152 3953 334 4032 applicabimus
342 3967 562 4026 opponemusqne‚
571 3961 599 4000 ut
647 3971 692 4028 ρμι
702 3955 776 4008 Xxll
786 3997 793 4023 ,
809 3961 834 4026 4.

81 4054 173 4090 earum
193 4032 341 4086 minuantur
357 4025 468 4099 pericula
481 4037 505 4076 et
519 4023 599 4076 lacilis
681 4054 703 4098 7.
713 4035 867 4092 Meditatur.
879 4041 1157 4113 Preparatseexereel-

81 4115 223 4165 descensus
231 4107 258 4160 in
266 4106 326 4159 vitiu
333 4101 600 4178 asperetur‚qnoelente
649 4133 698 4184 qu,
709 4113 742 4166 ,d
752 4129 919 4188 pauperum
933 4139 1007 4191 aequo
1020 4125 1105 4180 auimo
1119 4129 1158 4181 fe-

81 4205 107 4243 et
131 4186 286 4262 pedetentim
308 4181 473 4263 gradiuntur,
498 4198 601 4252 suspen·
650 4193 761 4244 rendam·
