2910 4954
380 451 535 518 manu
560 403 620 533 1⁵1,
648 451 760 518 cur.
787 452 879 518 xu.
1121 449 1167 538 69

92 577 250 666 quomam
277 601 355 646 cum
382 579 567 650 virtutibus
590 583 672 650 vitia
700 605 769 650 uon
795 579 931 650 coeunt.
961 583 1032 649 Nec
1060 585 1167 675 megia

94 695 273 785 quiequam
295 694 416 764 eodem
440 711 592 790 tempore
617 713 654 765 et
673 699 781 767 iratut
803 713 914 790 puteat
937 719 1033 778 eoae,
1056 712 1093 765 et
1113 698 1167 765 vir

95 806 221 892 mnus,
239 835 342 902 quam
359 835 452 904 teger
465 829 499 879 et
510 837 624 881 sanus.
644 841 660 876 a
673 817 749 882 Non
763 829 873 906 potest
886 819 894 849 ¹
908 863 918 896 ,
934 814 1069 906 iuquit,
1093 837 1166 882 om·
1189 827 1206 878 6

99 955 115 992 a
130 929 185 995 nia
197 951 244 1008 ex,
253 929 366 997 auimo
379 930 430 998 ira
443 930 515 998 tolli
530 955 538 997 ι
552 955 617 999 nec
627 932 692 1000 hoc
701 933 848 1000 hominia
858 946 979 1000 natura
989 933 1129 1025 patitur.
1148 959 1163 994 a

96 1041 224 1135 Atqui²
239 1045 327 1112 nihil
345 1061 396 1112 eat
414 1059 481 1113 tam
502 1044 643 1115 difficile
661 1063 695 1116 et
711 1048 880 1131 arduum,
901 1047 994 1140 quod
1013 1071 1082 1116 non
1102 1047 1168 1114 hu·

97 1183 194 1228 mana
213 1185 309 1230 mens
321 1161 457 1244 vineat,
478 1179 513 1230 et
531 1161 567 1232 iu
580 1163 839 1232 familiaritatem
855 1164 1021 1257 perducat
1033 1162 1168 1232 assidua

95 1273 288 1360 meditati03
311 1277 465 1370 nullique
487 1293 565 1345 sunt
586 1295 652 1345 tam
673 1279 737 1347 feri
763 1294 797 1346 et
817 1281 869 1349 aui
886 1279 977 1370 juria
999 1278 1163 1359 affectus,
1264 1349 1269 1358 ,

95 1405 219 1458 utnon
238 1389 419 1484 disciplina
438 1391 694 1484 perdomemur.
716 1394 956 1487 Quodcunque
977 1393 1042 1461 sibi
1057 1394 1167 1484 impe·

93 1508 181 1576 ravit
199 1508 353 1589 animus,
379 1508 538 1576 obtinuit.
568 1509 718 1600 Quidam
745 1533 790 1578 ne
814 1533 965 1602 unquam
988 1508 1165 1590 riderent,

93 1624 266 1691 consecuti
287 1615 389 1691 aunt³
419 1649 427 1689 τ
453 1626 533 1692 rino
554 1625 714 1717 quidam,
736 1625 795 1693 alii
818 1629 954 1693 Venere
972 1617 1005 1707 ⁴,
1029 1622 1167 1715 quidam

92 1739 183 1806 omui
207 1729 352 1808 hu'more
380 1734 612 1809 interdixere⁵
633 1742 845 1835 corporibus.
872 1741 971 1809 Alius
990 1754 1170 1808 contentus

93 1852 191 1920 brevi
211 1875 328 1922 somno
346 1854 499 1948 vigiliam
511 1850 528 1890 ‘⁶
544 1855 834 1949 indefatigabilem
856 1853 1029 1922 extendit⁷
1052 1851 1170 1918 :didi-

93 1962 243 2034 cerunt⁸
259 1970 464 2036 tenuissimis
477 1984 512 2039 et
529 1968 705 2038 adveraia⁹
725 1970 864 2038 funibus
877 1989 1040 2048 currere,
1062 1981 1097 2032 et
1114 1965 1169 2030 in-

95 2193 155 2254 dit;
188 2197 258 2264 quod
292 2197 407 2250 confutat
440 2193 613 2268 philosophua
662 2192 1171 2268 christianareligioobtinuit,pervulga-

130 2293 150 2324 ι.
168 2273 231 2325 Non
240 2284 336 2342 potest.
351 2275 430 2326 instat
441 2272 612 2337 adversarius,
663 2287 716 2326 tum
727 2274 776 2326 hoc
784 2274 878 2327 caelibit
888 2272 985 2324 virtutis
996 2290 1075 2345 genua
1085 2269 1171 2341 ,quod

95 2353 140 2404 aed
157 2373 228 2406 vano
243 2367 401 2426 argumento·
413 2367 438 2406 et
453 2352 528 2406 sutili.
545 2354 613 2406 Nota
663 2355 770 2426 Antiqui
786 2355 955 2418 mirabantur,
966 2369 1041 2405 nemo
1054 2351 1138 2403 nescit.

95 2443 181 2486 tamen
199 2432 227 2486 in
243 2432 323 2504 priori
337 2431 462 2486 sententia
476 2431 509 2486 dc
526 2450 618 2486 rerum.
696 2437 719 2487 5.
729 2437 860 2498 Honore,
874 2435 901 2486 in
913 2445 983 2486 metu
994 2429 1130 2486 intercutis.

97 2523 187 2561 natura
205 2529 264 2561 eum
284 2509 360 2562 verba
375 2509 478 2576 iecisse,
502 2522 527 2561 at
544 2528 613 2560 nuuc
695 2515 719 2567 li.
735 2516 873 2582 ngliam.
887 2509 1071 2584 Necogitesde
1084 2509 1175 2562 Μετε-

96 2585 127 2639 de
154 2587 269 2640 hominia
295 2601 384 2640 natura
407 2588 457 2661 agi.
480 2586 566 2656 Quae,
587 2600 615 2639 ut
665 2587 1174 2664 natiavigilia,Plin.liberl,capia,

94 2663 237 2736 qnamdam
250 2663 346 2718 habeut
359 2666 425 2720 inter
436 2686 463 2718 ae
474 2664 625 2721 similitudi.
664 2669 714 2722 suit
727 2669 796 2724 enim
807 2667 924 2720 morbus:
937 2679 961 2717 at
977 2665 1003 2720 h.
1014 2664 1031 2715 l.
1044 2683 1126 2716 renuo
1141 2675 1178 2716 eat

98 2765 171 2809 nem,
184 2745 220 2798 ita
233 2757 319 2798 tamen
332 2744 429 2815 aliquid
442 2743 618 2816 discrepantia*
665 2748 697 2800 de
706 2746 810 2822 vigilia,
823 2763 878 2816 qute
889 2742 1037 2806 adhibetur,
1047 2755 1075 2793 ut
1083 2743 1176 2793 lamam

98 2842 150 2895 prae
160 2844 187 2875 ae
197 2825 283 2875 ierunt
294 2844 300 2882 ;
312 2836 336 2876 et
345 2835 374 2874 ut
383 2822 571 2896 disceptationis
579 2842 617 2874 or·
666 2828 736 2881 factis
753 2823 923 2879 extendamus.
944 2825 1004 2876 Mox
1022 2820 1053 2874 de
1071 2823 1178 2873 lunam-

101 2900 191 2954 tliuem
202 2913 228 2953 et
237 2919 380 2974 prooeaaum
388 2901 453 2954 bene
462 2900 617 2970 utaequarit,
667 2905 732 2958 bulla
749 2917 774 2956 et
787 2901 958 2957 urinatoribua
970 2903 1092 2954 Nostrum
1108 2897 1180 2968 loqui

103 2978 333 3032 animadvertenda
344 2978 390 3031 tibi
401 2990 480 3032 eraut.
667 2997 741 3058 patae

133 3077 159 3112 a.
170 3059 260 3126 Atqui
269 3058 385 3129 reposui:
396 3071 434 3110 eat
444 3057 514 3110 enim
524 3078 574 3111 roa
582 3079 619 3112 re·
702 3083 725 3127 7.
736 3063 883 3124 an-tendit,
894 3078 974 3129 utque
986 3057 1014 3110 in
1023 3075 1148 3109 auroram.

101 3134 217 3190 &antia
230 3137 425 3203 dulcemque.
703 3144 727 3196 8.
745 3141 911 3200 Didieerunl,
935 3136 1089 3210 optimorum
1112 3132 1181 3185 librr.

134 3213 160 3266 3.
177 3209 318 3282 Quidam..
320 3249 396 3265 .........
411 3215 620 3268 aomanorum.
670 3231 695 3272 et
705 3217 780 3272 codd.
792 3216 865 3270 lectio
880 3235 895 3267 a
910 3213 991 3267 Gran.
1004 3210 1123 3288 proluatur
1136 3210 1183 3260 dt-

103 3293 228 3368 Eaemplo
240 3306 276 3346 eat
287 3293 397 3358 finum,
410 3295 537 3358 athnoe
549 3292 621 3346 Grae·
671 3300 788 3350 dicemnt
805 3298 857 3348 olii
878 3293 982 3347 dederat
1002 3291 1096 3342 Muret.
1118 3287 1185 3339 Sunt

102 3372 401 3447 ώᾶἰσῑιιψηιοηιιι.
408 3375 441 3426 U.
450 3375 479 3426 C.
487 3373 622 3440 648.(Cie.
672 3375 716 3448 qui
731 3377 881 3428 didicerint:
894 3373 939 3425 alii
952 3384 978 3423 et
988 3367 1081 3422 aunilia
1096 3386 1111 3418 a
1125 3377 1184 3417 vett.

105 3451 196 3504 umet.
213 3464 239 3503 et
252 3452 313 3504 Mal.
327 3451 371 3504 lib.
381 3453 415 3516 V,
426 3471 482 3526 cap.
498 3452 541 3515 303
554 3451 622 3504 Plin.
672 3471 736 3527 caepe
749 3451 919 3511 omittuntur,
932 3466 1008 3518 quem
1019 3462 1093 3496 utum
1106 3459 1185 3495 exem·

104 3528 227 3592 tiuvss,
246 3549 300 3602 cap.
311 3532 361 3596 18)
377 3549 437 3584 avua
461 3532 499 3583 M.
520 3529 621 3596 Gnaei,
673 3529 721 3605 plis
728 3530 817 3603 probat
824 3529 940 3582 Gronov.
947 3526 1028 3578 lmmo
1035 3518 1188 3594 elegantiori·

103 3607 312 3662 inPanlriaanu.
321 3609 354 3660 U.
364 3609 460 3679 C.poo,
472 3609 623 3683 interempti.
674 3629 746 3662 mum
761 3621 811 3672 eat,
829 3620 960 3680 postquam
982 3615 1019 3654 ter
1038 3612 1081 3652 aut
1100 3609 1188 3669 quater

137 3688 162 3751 4.
194 3688 253 3739 Atii
283 3685 389 3740 Venere.
413 3687 454 3738 De
479 3685 622 3738 Xenocrate
675 3689 901 3751 dictasunt,alii,
917 3681 1113 3753 quidom,ille,
1131 3677 1187 3739 ltic,

106 3765 261 3818 Academico
273 3765 322 3818 hoc
331 3765 434 3818 Veteres
446 3763 588 3828 tradidere,
600 3776 623 3816 et
673 3774 714 3819 eoo
726 3769 777 3818 alil
792 3764 900 3836 ellipsim
912 3763 993 3815 iacere
1005 3768 1063 3811 ante
1079 3754 1186 3808 verbum

107 3843 138 3896 de
148 3843 206 3896 aliia
217 3855 336 3918 praeterea
346 3880 354 3907 ,
363 3843 406 3896 red
412 3843 520 3896 minoris
532 3846 623 3907 lamae,
676 3844 778 3919 perlecti
788 3839 918 3916 temporie.

108 3941 178 3974 nna
188 3922 322 3974 Zenonem
331 3922 426 3995 pariter
441 3922 519 3974 semel
530 3941 573 3995 per
585 3935 624 3974 to·
712 3942 736 3994 9.
757 3923 893 3975 Adversis.
912 3916 1041 3970 ludicatur
1060 3914 1108 3966 iata
1128 3931 1191 3964 roca

110 4013 165 4053 tam
187 4002 265 4054 vitam
280 4021 335 4054 rem
347 4021 406 4054 cum
421 4001 528 4056 ioemiua
543 4001 631 4056 dieunt
679 4001 858 4056 funambulum
867 3999 901 4050 ita
913 3999 940 4050 iu
952 3991 1192 4049 tenuilinoambu-

111 4078 287 4146 boumque
295 4081 443 4134 femineum
452 4099 533 4154 genua
543 4079 626 4134 odisee
680 4080 741 4140 lare,
750 4091 779 4130 ut
786 4075 855 4149 pedit
863 4071 1070 4146 totalongitudo,
1080 4085 1194 4141 nonpara

111 4157 244 4212 inerito
262 4157 401 4213 videretur.
423 4159 548 4232 Deinceps
567 4159 627 4232 qui·
682 4158 776 4222 media,
789 4156 968 4216 luniinaista13
980 4152 1195 4225 quodutaervata

114 4235 452 4309 dem‚poatquaminterria
462 4237 630 4311 principatum
683 4237 810 4306 ἶσοῤῥνκία
832 4234 875 4287 liat
896 4230 1077 4286 tlilfioillimunt
1100 4239 1143 4279 cat.
1164 4249 1198 4262 -
