2910 4954
401 443 553 512 LIBER
581 445 642 524 11,
670 445 783 512 CAP.
810 444 860 510 11.
1122 439 1164 505 53

104 575 187 666 jores
196 574 334 642 nonnos
342 571 568 666 subriguntur
577 571 661 664 pili,
677 587 712 640 et
723 569 829 639 rubor
839 567 884 640 ed
897 569 1052 664 improbe
1061 567 1167 638 ver'be

107 687 330 770 suffunditur,
362 689 585 780 sequiturque
611 689 745 780 vertigo
772 701 946 780 praeruptu
973 699 1163 758 cernentes.

108 805 254 896 Quorum
273 805 355 897 quin
374 803 462 872 nihil
482 805 518 870 in
541 817 657 872 nostra
678 817 843 896 potestate
863 817 935 884 cst,
963 801 1077 883 nulle,
1100 824 1168 893 quo

108 923 211 990 minus
230 923 337 1006 fiant,
359 923 445 992 ratio
464 920 659 1016 persuadet.
680 923 736 992 Ire
750 922 929 1015 praeceptis
944 920 1093 1014 sugatur.
1109 923 1169 988 Est
1193 929 1209 981 3

107 1037 190 1106 enim
206 1035 433 1106 voluntarium
452 1036 556 1104 animi
574 1036 717 1120 vitium,
736 1057 806 1106 non
825 1058 867 1103 ex
886 1034 941 1104 his
960 1057 1037 1126 ques
1050 1031 1169 1102 condi-

106 1150 190 1216 tione
216 1147 364 1240 quadam
385 1150 541 1220 humnnae
568 1150 668 1216 sortis
693 1149 875 1230 eveniunt,
901 1147 1047 1240 ideoque
1065 1147 1166 1216 etiam

105 1266 353 1357 sapientissimis
377 1266 538 1334 occidunt
561 1291 569 1330 :
592 1267 683 1332 inter
702 1289 778 1358 quse
797 1279 832 1333 ct
854 1265 987 1358 primus
1003 1263 1062 1332 ille
1080 1266 1168 1332 ictus

106 1380 229 1448 animi¹
253 1379 434 1472 ponendus
452 1396 525 1462 est,
547 1381 607 1472 qui
632 1404 693 1448 nos
719 1395 795 1475 post
820 1381 1015 1474 opinionem
1032 1380 1169 1473 injuriet

106 1511 221 1564 noret.
239 1497 306 1566 Hic
324 1497 442 1566 subit²
460 1497 561 1564 etiam
580 1496 670 1564 inter
683 1494 816 1564 ludicra
828 1519 937 1566 scente
952 1498 1164 1590 spectacula,
1247 1589 1250 1594 Ι

104 1627 135 1678 et
143 1611 304 1680 lectiones
313 1613 763 1706 rerumvetustnrum.Saepe
773 1609 892 1681 Clodio
903 1613 1105 1682 Ciceronem
1115 1637 1169 1681 ex·
1193 1629 1209 1693 t

108 1706 266 1818 pellenti,
287 1728 481 1799 etlintonio
492 1719 693 1811 occidenti³,
704 1726 860 1798 videmur
868 1729 981 1798 irasci.
994 1729 1084 1822 Quis
1099 1754 1168 1800 non

106 1860 215 1911 contra
234 1845 337 1912 Marii
356 1867 450 1926 erma
468 1859 504 1914 et
523 1857 641 1914 contra
653 1844 754 1914 Sullae
768 1843 1049 1938 proscriptionem
1061 1838 1073 1888 ⁴
1085 1868 1168 1913 con-

106 1959 247 2028 citetur?
265 1960 354 2052 Quis
378 1984 447 2026 non
473 1957 651 2028 Theodoto
674 1975 710 2027 et
733 1959 878 2032 Achilles
900 1975 935 2028 et
952 1952 1040 2053 ipsi⁵
1061 1985 1168 2056 puero

106 2097 167 2142 non
189 2074 326 2167 puerile
343 2097 426 2144 auso
446 2075 576 2144 lacinus
595 2075 738 2144 infestus
756 2077 984 2174 estiuCentus
1002 2100 1065 2145 nos
1082 2101 1168 2148 non-

105 2214 273 2283 nunquam
292 2207 328 2260 et
349 2193 515 2263 concitata
534 2189 717 2260 modulatio
735 2192 876 2286 instiget
893 2217 902 2260 :
922 2191 1066 2260 Martius
1083 2216 1168 2284 quo-

104 2331 165 2397 que
183 2308 242 2375 ille
262 2307 421 2376 tubarum
441 2331 542 2375 sonus
561 2320 674 2376 movet
692 2319 823 2374 mentes
841 2321 876 2374 et
895 2321 989 2374 atrox
1008 2307 1164 2401 pictura,

102 2518 149 2588 prie
159 2531 218 2570 sunt
227 2505 370 2572 eversiones
379 2531 532 2592 spontaneae.
543 2517 608 2570 Nos·
657 2514 748 2590 pupilli
763 2516 826 2588 (qui
845 2529 870 2568 et
889 2517 930 2570 Pe
949 2537 1012 2592 puer
1030 2531 1134 2572 vocetur
1153 2539 1168 2572 e

103 2607 154 2658 ter,
172 2595 220 2670 Ep.
237 2595 342 2658 CXXI,
358 2614 386 2646 αι
402 2612 408 2645 :
422 2617 435 2642 a
444 2592 576 2646 Naturales
592 2611 608 2644 e
657 2593 723 2647 vett.
736 2593 791 2646 Pet.
809 2594 1168 2670 lib.11‚csp.53),suctore

101 2673 228 2726 contraiis
240 2671 446 2745 adspernetiones
456 2681 523 2724 sunt.
535 2691 550 2716 ¹·
655 2669 789 2724 Theodoto
803 2683 969 2746 preceptore,
985 2671 1057 2745 eujus
1074 2685 1168 2746 magne

135 2769 154 2800 ι.
168 2751 277 2802 Primus
289 2753 354 2802 ictus
365 2751 465 2810 animi,
484 2748 500 2802 i.
512 2769 533 2800 e.
550 2767 607 2821 per·
656 2747 723 2820 sputi
735 2769 821 2824 regem
832 2750 966 2803 auctoritas
977 2762 1043 2816 eret,
1059 2763 1084 2802 et
1096 2751 1167 2804 Pho-

101 2827 221 2892 tuneo,
234 2847 284 2899 que
295 2825 328 2879 etl
338 2825 474 2879 vindictam
486 2825 607 2878 continuo
655 2827 726 2892 tino,
745 2827 856 2880 occisum
875 2846 927 2880 esse
944 2827 976 2880 ab
996 2826 1113 2893 Achilla,
1126 2828 1167 2880 eui

101 2921 236 2956 movemur.
655 2904 791 2958 idsaeinus
808 2916 860 2956 eret
877 2903 1037 2980 delegatum,
1051 2905 1079 2958 in
1093 2907 1168 2958 nevi-
1210 2939 1216 2950 ·

131 3000 155 3033 2.
165 2981 305 3034 Hiesnbr't.
317 2979 387 3034 Dum
399 2980 490 3034 fabulis
501 2979 606 3056 agendis
656 2981 711 3034 culo
723 2993 858 3052 antequam
866 2980 894 3033 in
902 2995 993 3035 terrem
1004 2983 1166 3038 exirettnunc

102 3057 249 3114 intermunus
264 3071 427 3131 spectatores,
442 3059 503 3112 dum
522 3078 606 3111 rerunt
655 3060 687 3110 cl.
697 3058 825 3112 Plutarch.
833 3058 877 3112 vit.
886 3059 1014 3135 Pompeii,
1023 3081 1093 3138 cepp-
1104 3084 1132 3133 77
1144 3076 1168 3115 et

102 3149 223 3206 gestarum
233 3149 291 3190 ente
302 3157 348 3188 nes
360 3137 547 3204 (vetustarum)
557 3133 606 3186 his·
655 3137 703 3197 805
722 3135 807 3188 Reist.
821 3147 883 3189 torn.
896 3137 948 3203 ΙΙΙ,
963 3159 1020 3213 pag.
1031 3139 1088 3194 863.
1101 3143 1168 3194 Sunt

101 3212 188 3264 teriam
198 3213 419 3282 legimus.ilerum
431 3233 515 3265 rerum
523 3225 605 3264 aucto·
654 3212 709 3266 haec
717 3213 829 3286 exempla
838 3213 999 3288 syrnpethise,
1008 3228 1037 3270 ut
1045 3217 1104 3270 eolis
1112 3239 1167 3270 sen·

101 3307 152 3340 rem
159 3289 274 3354 livium,
286 3311 363 3361 quem
371 3290 397 3341 in
406 3309 500 3363 magno
508 3287 606 3345 honore
654 3292 722 3344 tibus
732 3312 747 3344 e
757 3313 783 3344 re
792 3304 893 3344 externe
899 3291 1014 3368 impulsis
1023 3293 1056 3346 etl
1069 3295 1167 3368 aliquid

101 3365 241 3431 tabetttib.
251 3369 280 3431 Ι,
293 3386 346 3439 cap.
359 3366 416 3434 15),
427 3365 560 3440 respexisse
570 3367 607 3419 vi·
654 3390 854 3445 permovemur.

101 3442 172 3497 detur
183 3462 190 3496 ι
207 3456 353 3498 tremerent
363 3458 446 3496 entem
456 3443 500 3496 ille
510 3443 556 3496 bas
567 3464 607 3497 res
688 3447 712 3500 3.
725 3448 857 3502 Occidenti
862 3465 872 3515 ‚²
881 3449 982 3523 supple,
998 3451 1150 3504 Ciceronem.

101 3521 127 3573 in
137 3521 240 3578 historie
257 3540 316 3582 ωας
330 3521 362 3573 tle
378 3520 450 3573 Sulla
465 3520 567 3592 quidem
584 3534 608 3574 et
688 3525 846 3592 4.Mare'i.....
854 3529 1073 3597 proscriptionem.
1082 3526 1168 3597 Aptis-

100 3598 180 3652 Μ
188 3639 196 3664 2
205 3601 267 3654 libb·
280 3599 401 3652 LXXVII
411 3627 445 3640 ···
458 3599 606 3664 LXXXIX,
655 3605 718 3657 sime
733 3617 839 3676 utreque
853 3624 910 3656 vox.
926 3602 992 3654 Nem
1003 3603 1024 3655 ie
1035 3614 1167 3677 postquem

101 3677 136 3726 uti
148 3678 263 3748 epitomae
275 3678 370 3730 docent
382 3679 468 3742 (nunc
484 3676 526 3730 cdl
544 3677 608 3729 Plu·
656 3683 744 3736 urbem
755 3681 836 3735 vietor
850 3679 981 3748 intrasset,
1000 3690 1025 3732 et
1042 3699 1167 3733 summam

100 3754 358 3810 fifth-lssvliissullae
367 3753 608 3818 “Milllstlpl'fllss'
655 3773 800 3836 [miniatem
815 3756 961 3823 lllVUSlffli,
974 3759 1058 3809 armis
1072 3757 1168 3810 violen-

101 3827 305 3906 shem.supplern
313 3831 436 3898 ecilin),
445 3831 477 3884 de
485 3831 607 3885 Cicerone
655 3851 693 3890 ter
703 3836 807 3910 injurias
818 3854 875 3888 suas
887 3833 954 3888 ultus
967 3847 1017 3900 est3
1031 3834 1106 3888 Sulla
1122 3856 1171 3890 au·

101 3925 160 3960 1110
170 3947 177 3974 ‚
186 3909 230 3962 lib·
244 3910 304 3962 Cili
317 3913 402 3975 (1111111
415 3907 466 3962 viti·
478 3908 606 3962 Plutarch·
656 3907 912 3986 tentpmscriptt'one,
922 3933 998 3984 quem
1006 3912 1088 3985 lqern
1099 3913 1168 3967 credi

103 3983 144 4037 vit
151 3985 203 4040 cie.
209 3988 384 4042 etMiddleton
390 3987 411 4038 's
416 3987 475 4060 Le'se
481 3987 514 4060 os
517 3989 606 4054 Cicer.)
658 4007 682 4046 et
692 3991 744 4045 elici
754 3990 843 4044 voluit.

102 4059 460 4138 Ncmmtquoquetivius‚
468 4065 512 4118 lib.
522 4066 606 4134 exn,
691 4074 715 4126 5.
722 4069 819 4124 Puero.
827 4069 982 4136 Ptolemeo,
993 4069 1091 4124 Auletes
1102 4067 1167 4134 filio,

104 4133 151 4188 Gn·
160 4139 309 4217 Pompeium
321 4145 463 4217 Magnum,
475 4166 554 4217 quum
563 4145 608 4199 Ε·
657 4145 702 4218 qui
721 4146 916 4201 Ptolemeorum
927 4147 1007 4220 ¹pene
1026 4147 1128 4200 ultimus
1140 4149 1168 4200 in

102 4229 205 4287 mlum
216 4234 308 4295 peteret
315 4221 608 4296 ,iussul’tolemteiregis
658 4223 1167 4300 AEgyptoregnavit3nempostenrnsole
