2896 4958
350 445 507 516 urar
530 447 567 528 1,
595 446 708 516 aar.
732 387 842 512 avr.
1087 443 1127 530 41

73 590 102 643 et
116 576 282 661 tumultu,
304 591 340 646 et
362 577 465 644 totius
484 576 635 670 corporis
647 575 854 669 jactatione,
879 595 964 668 quos
983 570 1132 660 destina,-

73 692 142 775 vit¹,
155 693 362 785 insequitur,
373 691 515 787 adjectis
524 692 685 762 conviciis
696 690 964 785 maledictisque.
979 693 1050 760 lloc
1062 715 1131 760 non
1159 691 1189 743 ¹⁸

74 806 141 878 lacit
157 809 271 875 ratio²
290 835 298 874 ι
318 792 380 876 sed
396 808 424 876 si
441 808 488 876 ita
504 831 589 902 opus
606 822 678 891 est,
699 808 802 879 silens
822 809 1027 900 quietaque,
1047 821 1132 876 totae

73 917 177 990 domos
200 920 353 994 funditus
376 921 483 1007 tollit,
507 939 542 992 et
559 923 701 996 familias
719 921 917 1017 reipublicae
933 921 1132 1016 pestilentes

73 1059 138 1105 cum
146 1033 353 1134 conjugibus
364 1063 406 1109 ac
416 1025 682 1134 liheris'perdit3
696 1053 785 1108 tecta
797 1039 871 1132 ipsa
879 1035 1002 1120 diruit,
1016 1051 1051 1104 et
1061 1034 1132 1104 solo

72 1172 238 1249 exequat,
260 1172 294 1226 et
309 1158 447 1226 inimice
463 1158 612 1226 libertati
629 1157 766 1226 nomina
780 1156 954 1250 exstirpat.
970 1157 1052 1223 Haec
1062 1176 1132 1222 non

70 1270 243 1356 frendens,
262 1293 327 1340 nec
340 1289 442 1366 caput
454 1295 635 1366 quasmns,
654 1296 719 1341 nec
733 1270 919 1365 quidquam
933 1269 1132 1338 indecorum

65 1381 166 1474 judici
184 1387 333 1468 faciens,
356 1386 452 1479 cujus
470 1402 541 1454 tum
560 1386 703 1454 maxime
720 1383 874 1479 placidus
887 1407 961 1452 ease
977 1381 1080 1451 dehet
1096 1395 1133 1450 et

67 1501 98 1569 in
112 1519 201 1572 statu
213 1503 346 1586 vultus,
368 1529 474 1597 quum
487 1527 609 1597 magna
625 1503 834 1596 pronuntiat.
851 1501 948 1595 Quid
960 1523 1045 1593 opus
1057 1513 1128 1584 est,

67 1617 172 1710 inquit
185 1619 415 1712 Hieronymus
426 1609 453 1702 ³,
473 1643 579 1712 quum
594 1618 679 1688 velia
696 1616 829 1688 oaedere
844 1618 1014 1710 aliquem,
1034 1616 1131 1708 prius
1159 1641 1188 1694 ¹9

66 1746 117 1799 tua
133 1734 227 1802 labia
245 1733 431 1810 mordere?
447 1733 544 1826 Quid
560 1735 589 1802 si
605 1734 665 1802 ille
680 1731 840 1817 vidisset,
862 1731 1074 1801 desilientem
1088 1729 1130 1800 de

67 1849 226 1918 tribunali
245 1850 501 1944 proconsulem,
529 1866 564 1918 et
584 1850 691 1920 fasces
712 1850 824 1920 lictori
844 1849 1075 1932 auferentem,
1097 1863 1133 1917 et

65 1989 120 2034 sua
136 1960 365 2036 vestimenta‘
384 1966 616 2051 scindentem,
645 1968 727 2059 quia
744 1964 874 2036 tardius
890 1964 1133 2034 scindebantur

64 2081 199 2152 aliena?
215 2081 312 2178 Quid
328 2109 412 2180 opus
429 2101 480 2153 est
496 2108 648 2154 mensam
661 2083 841 2153 evertere?
856 2082 941 2176 quid
953 2083 1074 2177 poeula
1085 2083 1133 2152 al-

65 2199 207 2294 digere?
224 2198 310 2292 quid
333 2225 369 2270 se
391 2201 621 2272 incolumnes
643 2202 860 2294 impingere?
884 2199 968 2294 quid
993 2199 1132 2293 capillos

8 2322 12 2334 ’
64 2318 239 2387 evellere?
268 2317 379 2386 semur
403 2334 590 2412 pectusque
619 2319 827 2412 percutere?
849 2318 1021 2411 Quantam
1045 2319 1129 2386 iram

62 2449 176 2526 putas,
201 2457 279 2526 quae
292 2435 374 2527 quia
385 2458 454 2502 non
472 2449 540 2502 tam
556 2435 623 2503 cito
639 2435 676 2502 in
693 2434 797 2502 alium
816 2416 918 2528 quam
934 2435 1008 2504 vult
1023 2458 1133 2504 erum-

63 2549 127 2638 pit,
146 2551 185 2618 in
197 2573 236 2618 se
249 2545 449 2619 revertitur!
467 2551 621 2620 Tenetur
633 2551 749 2642 itaque
761 2573 782 2618 a
794 2550 973 2642 proximis,
991 2565 1026 2618 et
1038 2573 1133 2644 roga·
1156 2581 1189 2617 πο

63 2680 117 2734 tur
140 2683 181 2736 ut
204 2669 279 2760 ipse
297 2667 364 2736 sihi
381 2666 534 2760 placetur
560 2687 579 2734 ε’
599 2691 745 2760 quorum
762 2667 851 2737 nihil
876 2668 957 2736 facit
978 2669 1132 2760 quisquis

62 2803 188 2849 vacuus
213 2781 286 2863 ira,
314 2781 469 2849 meritam
489 2781 613 2873 cuique
635 2804 769 2875 poenam
792 2780 954 2874 injungit.
985 2781 1135 2850 Dimittit

62 2889 178 2988 saepe⁵
202 2919 283 2964 eum
306 2896 403 2988 cujus
427 2911 602 2990 peecatum
620 2895 865 2990 deprehendit,
887 2898 916 2966 si
932 2898 1133 2990 poenitentia

65 3011 141 3080 lacti
165 3035 264 3106 spem
287 3011 410 3080 honam
431 3011 631 3111 pollicetur,
661 3013 690 3079 si
715 3010 876 3105 intelligit
895 3035 964 3080 non
993 3035 1034 3081 ex
1064 3013 1132 3082 alto

62 3131 181 3198 venire
194 3130 403 3224 nequitiam,
420 3127 481 3198 sed
495 3152 643 3211 summo,
665 3126 757 3220 quod
770 3128 884 3214 aiunt,
904 3113 1017 3197 animo
1030 3129 1134 3199 inhae·

80 3375 269 3440 rDestr'navt'l,
279 3373 296 3427 i.
306 3394 328 3426 e.
337 3373 425 3446 petiit,
435 3371 484 3426 sihi
494 3370 576 3446 elegit.
625 3369 793 3443 Philadelpho
800 3371 968 3446 circolymp.
977 3373 1134 3442 rap.0mnia

78 3476 101 3507 a.
110 3455 176 3508 Hoc
187 3453 394 3525 musacitrotio.
406 3453 527 3528 Exempla
538 3457 577 3506 la·
625 3468 681 3520 quae
690 3450 803 3524 scripsit,
815 3471 872 3524 quat
885 3453 965 3504 multe
979 3453 1066 3520 fuere,
1076 3464 1135 3506 sant

60 3532 107 3584 tile
119 3532 240 3585 inventu.
252 3529 350 3603 Lipsius
360 3529 445 3582 laudat
457 3542 522 3582 reete
534 3529 576 3604 Sp.
626 3525 653 3577 in
661 3525 806 3600 deperditis,
817 3529 858 3596 (ef.
866 3527 1042 3582 lubrieltibl.
1053 3528 1135 3582 Graec.

59 3609 179 3662 Maelium
191 3611 241 3676 (ex
249 3607 306 3660 Liv.
315 3608 363 3672 Ν,
374 3607 423 3674 15)
435 3605 578 3685 Manlium·
625 3605 655 3656 T.
665 3605 718 3670 Ill,
731 3629 755 3680 p.
767 3609 815 3680 495
824 3645 832 3673 ,
841 3608 891 3678 sq.)
903 3627 950 3659 nee
961 3607 1086 3660 affirmare
1096 3607 1135 3660 li-

59 3707 107 3758 que
127 3685 326 3760 Capitolinam,
341 3685 411 3756 cupas
430 3703 576 3760 prenomen
626 3683 739 3748 cet,uhi
752 3683 871 3755 hecquae
884 3684 1134 3738 Nostereitatlocurn

60 3765 202 3832 (Maean)
223 3764 316 3838 posteri
339 3763 412 3815 vetiti
432 3776 491 3816 sunt
511 3765 576 3816 serre
625 3761 768 3817 habuerint.

58 3846 70 3910 (
78 3845 136 3898 Liv.
151 3842 288 3910 V1,20.).
303 3841 422 3894 Familiae
435 3841 576 3916 pestilentes
651 3844 674 3910 4.
697 3845 859 3898 Vestimenta
876 3844 1004 3911 scindere,
1022 3863 1136 3896 mensam

58 3923 121 3994 reip.
131 3925 206 3976 {uere
217 3920 426 3992 Tarquinii,etc.
626 3927 751 3990 evertere,
764 3921 853 3996 poeula
863 3921 997 3994 affligere(
1004 3920 1031 3973 in
1044 3933 1135 3974 terram
1181 3991 1183 3994 Ι

77 4000 100 4053 3.
114 3999 310 4071 Hieronymus,
323 3997 456 4063 Rhodius,
471 3997 582 4072 Peripa·
629 3997 743 4069 jacere),
764 4013 829 4068 ete,
850 4021 901 4056 esse
920 4001 1060 4070 iratorum,
1079 4001 1136 4073 quis

58 4078 160 4142 telimas,
173 4075 292 4149 inprimis
301 4075 396 4128 nobilis
402 4073 580 4148 (Diophaert.
629 4075 728 4130 nescit?

61 4157 95 4215 V,
105 4155 141 4208 58
154 4177 163 4220 ;
176 4157 207 4208 es.
217 4167 243 4208 et
249 4153 305 4207 loca
318 4153 400 4206 Cicer.
412 4170 438 4206 v.
453 4153 480 4205 in
491 4153 578 4208 Indice
647 4155 875 4226 5.Dims'ttitsoepe.
883 4155 1135 4226 Stoicorumdogma,

62 4233 578 4302 histAErneeth.v.),vixitsuhl'tolemaeo
629 4232 1136 4307 delictaesseparia,hicrelinquiaNostro
