2896 4958
239 490 307 557 AD
332 489 502 558 STOIC.
529 487 739 558 PHILOS.
765 487 863 559 IalB.
891 487 969 555 lll.
1004 492 1142 556 “ccxxix

81 649 127 696 uec
142 631 236 694 ullum
251 632 331 694 inter
345 629 452 696 Scelus
465 644 497 696 et
510 628 656 694 Erratum
668 632 830 695 discrimen
844 631 955 694 lacere.
969 628 1037 695 Nos
1049 653 1144 709 vero,

80 741 127 802 etsi
135 740 263 802 multum
274 739 354 802 iuter
364 737 492 804 Peccata
503 740 614 802 distare
625 739 793 818 credimus,
805 752 908 800 tamen
922 738 994 801 satis
1002 741 1147 822 prodesse

80 850 111 910 ad
124 849 294 912 cantionem
307 847 455 921 dicimus,
472 845 565 910 etiam
577 845 705 910 minima
719 835 776 930 pro
791 845 932 908 maximis
946 865 1065 908 cavere.
1075 843 1148 908 Non

80 953 130 1016 cito
142 957 180 1018 ad
192 955 314 1037 majora
329 955 490 1037 procedet,
507 954 560 1036 qui
576 953 669 1016 etiam
683 971 778 1038 parra
794 951 947 1014 formidat.
958 977 973 1005 ι»
988 948 1060 1031 (De
1077 950 1148 1014 lus-

79 1063 117 1122 tit.
127 1062 233 1125 matris
242 1062 316 1124 sam.
323 1063 338 1140 )
346 1061 376 1122 Α
387 1059 538 1126 Cicerone
548 1059 609 1125 hoc
618 1074 663 1124 est
674 1105 684 1139 ,
699 1061 752 1143 qui
763 1061 793 1122 in
808 1058 866 1122 isto
880 1059 947 1142 ipso
960 1057 1119 1121 Paradoxo
1138 1081 1146 1116 ε

80 1165 165 1230 ultae
175 1169 325 1230 senterrtia
337 1187 400 1230 non
415 1169 509 1230 modo
522 1167 646 1244 verior,
670 1169 724 1230 sed
738 1187 777 1228 ne
790 1164 894 1228 utilior
909 1165 1033 1248 quidem
1046 1165 1150 1226 homi-

79 1295 144 1336 nmn
155 1275 221 1337 ritae
235 1275 367 1358 reperiri
383 1275 447 1337 ulla
462 1289 573 1360 potest.
588 1272 665 1357 Qum
676 1275 721 1336 eis
736 1287 781 1338 est
793 1273 894 1351 euim,
909 1293 974 1354 quar
987 1273 1085 1355 magis
1098 1291 1150 1333 ar·

80 1395 138 1442 reat
146 1381 288 1444 homines
301 1381 341 1444 ah
352 1383 436 1444 omui
447 1382 664 1466 improbitate,
677 1401 768 1463 quam
779 1381 805 1443 si
815 1380 981 1456 senserint,
993 1378 1112 1441 nullum
1120 1378 1152 1439 iu
1257 1419 1265 1431 ι

80 1486 188 1549 delictis
202 1509 270 1550 esse
284 1488 465 1552 discrimen?
476 1515 493 1546 ι
506 1487 573 1572 (lll
587 1485 762 1566 Parador.)
776 1484 833 1550 Est
848 1508 920 1550 sane
935 1500 1036 1563 retus,
1055 1487 1080 1548 si
1090 1505 1152 1547 uou

81 1615 166 1664 vera,
184 1596 354 1670 sententia,
371 1609 443 1659 nata
461 1611 531 1659 ante
550 1595 708 1660 Zenonem
727 1610 844 1658 natum.
857 1593 964 1657 Palem
978 1595 1009 1654 iu
1021 1592 1153 1656 Demos·

82 1698 186 1763 thone:
206 1700 321 1764 «Pium
335 1717 365 1766 et
379 1704 511 1785 justum,
530 1704 593 1766 sire
607 1704 639 1766 in
652 1723 750 1788 parvo
766 1701 874 1783 aliquis
887 1747 895 1778 ,
912 1702 975 1764 sice
990 1703 1021 1763 in
1036 1703 1153 1784 majore

81 1806 240 1886 transiliat,
256 1810 398 1871 eamdem
412 1810 476 1871 vim
490 1809 593 1872 habet.
605 1839 621 1866 ι»
640 1813 655 1890 (
663 1809 711 1873 lll
724 1808 876 1895 Philipp.)
891 1807 1082 1871 Germanum
1096 1808 1155 1870 hoc

83 1909 210 1976 Stoicum
224 1938 233 1974 z
250 1927 282 1978 et
295 1935 380 1997 aeque
393 1928 478 1978 ertra
491 1916 605 1979 lineam
621 1931 687 1994 est,
705 1917 841 1999 quisquis
851 1915 998 1978 transivit.

368 2154 718 2222 mssErt'rarlo
748 2157 872 2222 xxtt.

104 2311 257 2386 Supr'eam
276 2329 384 2370 sumere
394 2310 553 2398 aliquando
567 2323 682 2374 mortem
694 2333 800 2394 posse,
818 2312 934 2387 decere,
963 2311 1060 2374 delere
1076 2333 1136 2372 :ex

446 2421 539 2482 Stoico
552 2420 666 2502 quidem
679 2421 799 2482 decreto.

124 2579 222 2642 lusan
234 2579 393 2645 Paradora
405 2603 551 2662 numero,
565 2586 646 2666 quod
656 2585 767 2647 acriter
776 2597 807 2648 et
816 2565 934 2646 curiose
946 2581 1101 2664 qruesitum
1113 2599 1160 2644 as-

88 2701 254 2771 sertumque
263 2689 329 2768 suit,
341 2689 392 2752 An
401 2687 529 2774 Sapiens
540 2705 647 2775 sponte
665 2691 754 2754 abeat
765 2713 782 2754 e
794 2689 876 2754 vital
886 2689 1045 2752 Assertum
1056 2710 1074 2751 a
1085 2709 1161 2752 nos-
1274 2739 1277 2748 .

87 2797 138 2857 tris
147 2797 214 2862 dico
229 2821 237 2857 z
254 2819 312 2860 nec
327 2797 418 2861 licere
430 2811 558 2872 tantum,
571 2799 625 2861 sed
635 2798 758 2862 debere.
768 2795 873 2862 Causae
884 2817 1072 2875 communes,
1089 2796 1160 2879 quia

85 2902 154 2965 viu
163 2904 227 2966 haec
240 2903 319 2965 inter
333 2902 539 2967 ludillerentia
551 2917 611 2982 est,
622 2905 755 2988 itemque
766 2906 832 2988 ipsa
846 2903 934 2968 Mors
946 2927 953 2964 :
963 2905 1042 2967 sumi
1050 2905 1158 2988 igitur,

86 3031 143 3070 nou
164 3011 243 3072 sumi
265 3030 375 3092 posse,
393 3010 437 3072 uti
457 3011 666 3094 opportunitas
687 3013 755 3073 erit.
777 3009 862 3074 Sicut
882 3031 900 3072 a
918 3011 1057 3074 convivio
1079 3024 1162 3072 satur

84 3135 204 3196 possum
215 3137 358 3198 surgere,
377 3131 407 3180 et
418 3115 504 3178 abire
517 3161 526 3194 ,
539 3115 663 3192 ludum,
678 3139 772 3199 quum
786 3114 877 3194 libet,
892 3115 1065 3198 relinquere
1077 3116 1158 3206 qtale

86 3219 132 3283 laic
146 3241 223 3282 esse.
231 3217 406 3304 Epictetus:
419 3247 434 3277 α
444 3219 503 3284 Cui
517 3220 598 3284 enirn
610 3221 694 3298 libet,
707 3243 801 3303 quum
816 3221 910 3299 lubet,
923 3223 1088 3286 aconvirio
1102 3223 1161 3284 dis·

86 3327 214 3401 cedere,
234 3347 334 3407 neque
352 3327 431 3390 ultra
448 3326 553 3392 ludere
565 3328 713 3390 :etiamne
721 3329 747 3390 is
755 3349 882 3392 maneus
891 3327 1034 3412 affligitur
1047 3341 1078 3389 et
1085 3349 1163 3388 nau-

85 3433 237 3496 seat?uon
252 3434 363 3517 potius,
378 3447 412 3496 ut
424 3435 508 3514 ludo,
518 3435 644 3498 interest
655 3436 800 3516 quamdiu
809 3435 996 3500 oblectatur?
1009 3432 1163 3513 »aluisse

85 3537 343 3623 eap.rfi.)ll10dus
356 3551 472 3603 tantum
486 3555 518 3604 et
533 3542 651 3604 occasio
666 3539 721 3602 has
742 3561 792 3604 res
807 3554 979 3627 temperant
995 3564 1003 3600 ε
1021 3568 1036 3595 ει
1052 3539 1161 3622 Neque

83 3644 210 3708 interest
216 3645 357 3720 multum,
373 3666 458 3710 mors
473 3648 512 3708 ad
527 3666 586 3709 nos
599 3647 712 3724 veniat,
728 3668 768 3709 an
780 3649 820 3710 ad
838 3647 923 3711 illam
936 3669 1003 3710 nos.
1019 3646 1098 3712 illud
1107 3647 1164 3709 im-

86 3752 258 3834 peritissimi
267 3755 411 3837 uujusque
422 3743 551 3818 rerbmn
564 3753 677 3817 salsum
686 3756 829 3834 esse,tibi
839 3756 988 3839 persuade
998 3779 1006 3816 t
1016 3755 1105 3820 Bella
1113 3778 1164 3820 res

86 3875 149 3934 est,
160 3860 243 3924 mori
258 3879 313 3924 sua
327 3874 463 3924 morte.»
479 3857 567 3941 (Seu.
584 3859 646 3946 Ep.
659 3865 762 3942 ιω.)
778 3861 908 3946 Semper
923 3862 1005 3924 euim
1019 3876 1071 3926 tua
1085 3865 1161 3937 erit,

87 3969 256 4032 etmaxime
269 3987 362 4052 quarn
372 3969 479 4034 iecisti.
494 3969 595 4053 Quid?
604 3971 727 4054 januam
742 3970 850 4052 aliquis
863 3969 943 4034 hanc
956 3971 1032 4033 mihi
1045 3971 1164 4046 claudat

87 4079 124 4138 ad
140 4077 336 4142 libertatem?
351 4091 383 4144 et
394 4099 498 4144 noune
512 4079 578 4144 haec
591 4075 761 4160 (Libertas,
777 4079 880 4160 dico),
898 4079 967 4143 finis
981 4094 1033 4142 aut
1052 4079 1168 4144 smctus

85 4179 249 4266 Sapientiae
263 4183 490 4270 estitorquebit
500 4186 621 4270 aliquis,
632 4186 763 4261 vexabit,
778 4186 894 4265 illudet,
910 4189 1054 4251 invitum?
1068 4215 1083 4242 «ε
1092 4187 1165 4250 Νοιι

85 4291 233 4368 serviam,
252 4291 377 4356 »aiebat
390 4313 468 4379 puer
481 4293 535 4358 ille
549 4291 665 4370 Lacon,
681 4309 711 4357 et
726 4295 911 4380 praecipitem
925 4315 958 4359 se
973 4296 1063 4358 dedit.
1080 4293 1168 4375 «Qui

84 4399 167 4462 ruori
181 4399 296 4478 didicit,
311 4400 425 4466 servire
436 4401 693 4487 dedidicitzanpra
702 4423 826 4466 ornnem
836 4401 1003 4486 potentiam
1018 4412 1073 4478 est,
1085 4414 1168 4465 certe
