2930 4956
348 495 593 592 ssusQus
617 497 880 568 scelests.
1099 495 1146 584 xlj

98 639 178 720 aliqua
190 645 327 702 manare.
334 637 444 721 Neque
455 641 566 718 abnuo,
579 641 716 704 simulari
728 643 784 704 ista
798 662 904 726 posse,
918 653 949 702 et
961 639 1061 702 solere
1075 641 1146 703 :sed

98 749 145 822 sic,
155 759 183 806 nt
197 745 289 830 frigus
300 760 331 810 et
341 747 481 812 remissio
493 763 655 833 appareat,
668 763 698 811 ct
708 771 768 810 uno
780 748 886 826 verbo,
897 748 991 810 animi
1000 747 1146 810 dissensio

97 866 223 936 etpugna.
241 851 408 937 Amplius:
426 883 440 908 o
459 852 563 916 Multae
586 856 618 916 in
639 877 676 918 eo
692 855 838 936 clarasque
858 855 1020 918 sententiae.
1038 883 1053 908 n
1077 852 1148 917 Hoc

96 959 163 1020 onice
176 959 338 1038 jactamus,
356 973 387 1021 et
406 980 513 1043 parem
527 962 556 1023 ei
578 961 610 1022 in
635 959 754 1024 Graecia
775 975 827 1024 aut
839 957 928 1023 Latio
942 981 1004 1024 non
1018 962 1145 1031 damos3

94 1064 151 1144 quid
161 1065 286 1146 parem?
303 1066 354 1126 vix
369 1066 583 1148 propinquum.
601 1066 701 1148 Atque
721 1088 763 1129 eae
782 1067 933 1130 sententiae
956 1087 1065 1142 acres,
1094 1086 1151 1128 ar-

95 1184 155 1252 gue
165 1216 174 1247 ,
183 1185 375 1253 penetrantes
384 1185 469 1244 sunt;
486 1186 516 1235 et
530 1176 611 1255 qnod
620 1187 724 1258 caput,
738 1173 892 1236 salutares.
907 1172 994 1236 Unus
1011 1173 1148 1252 libellus,

93 1297 142 1338 nna
153 1278 273 1360 epistola
289 1279 356 1361 ejus
372 1279 474 1356 dabit,
490 1283 571 1361 quod
584 1281 656 1342 satis
671 1281 709 1344 sit
723 1281 789 1342 vitae
806 1281 991 1357 formandae,
1007 1294 1059 1342 aut
1078 1302 1151 1342 eor-

93 1385 221 1466 rigendae,
240 1369 351 1464 siquis
371 1385 503 1447 medenti
522 1406 555 1448 se
574 1388 675 1448 donat.
698 1384 840 1466 Denique
855 1383 969 1448 Fabius
990 1409 998 1446 :
1018 1411 1037 1442 α
1052 1383 1152 1448 Multa

91 1487 248 1570 probanda,
263 1490 363 1552 multa
377 1491 469 1553 etiam
486 1492 663 1555 admiranda
681 1507 757 1556 sunt.
782 1521 797 1547 »ι
816 1491 899 1582 Quid
911 1493 971 1556 boe
987 1491 1052 1554 est?
1076 1513 1152 1554 cen·-

93 1615 197 1666 sorem,
213 1616 254 1658 an
268 1596 460 1660 laudatorem
476 1598 667 1661 induximus?
679 1600 776 1662 adhuc
788 1599 857 1662 talis
868 1599 924 1661 luit
941 1622 949 1658 ε
965 1613 1044 1662 etex
1058 1599 1152 1660 animi

91 1721 186 1776 sensu,
200 1717 308 1766 contra
325 1704 463 1766 animum
480 1727 563 1788 paene
581 1706 646 1770 suit.
665 1706 799 1784 Venite,
816 1708 937 1784 audite,
954 1708 1005 1789 qui
1019 1704 1151 1768 Fabium

91 1805 164 1868 nobis
176 1809 326 1872 abducitis
344 1834 352 1869 :
372 1831 428 1894 ego
449 1811 537 1895 plura
556 1826 607 1875 aut
625 1815 743 1896 majora
760 1835 823 1876 non
843 1814 993 1890 dixerim,
1017 1813 1069 1895 qui
1090 1811 1153 1875 Se-

91 1933 182 1976 necam
193 1918 345 2000 produco.
361 1943 376 1972 α
392 1914 451 1978 Est
470 1918 658 2002 probabilis,
680 1934 726 1983 est
746 1920 974 1983 admirah‘tis'in
993 1920 1095 1982 multis
1112 1943 1119 1979 :
1136 1945 1152 1974 a

93 2019 231 2098 tpridnltra
241 2022 386 2086 volmnns
395 2023 407 2084 l
416 2044 487 2086 nam
496 2025 607 2108 ubique
619 2025 712 2088 talem
720 2047 798 2104 esse,
810 2026 941 2090 conditio
951 2025 1014 2089 hmo
1023 2024 1156 2088 bominis

92 2129 237 2211 concapit.
254 2127 335 2191 Stmt
349 2131 439 2213 igitur
450 2144 481 2193 et
495 2131 605 2215 culpae,
625 2133 688 2194 sive
705 2133 777 2216 vitia
800 2158 808 2194 a
824 2147 912 2216 atque
930 2155 967 2196 ea
987 2133 1027 2195 ab
1046 2135 1155 2196 eodem

90 2226 173 2294 Fabio
194 2236 290 2314 (nam
316 2257 374 2320 ego
400 2237 504 2300 ordine
531 2227 715 2322 excerpant)
734 2239 899 2302 audiamus.
927 2237 1066 2301 Primum
1090 2253 1151 2315 est,

92 2364 105 2390 .
121 2342 193 2419 qood
207 2343 353 2424 antiquos
365 2344 540 2422 incesserit,
555 2345 667 2408 diversi
682 2345 819 2408 conscius
832 2346 891 2408 sibi
907 2347 1065 2430 generis.»
1084 2343 1156 2406 Hoc

88 2457 184 2526 caput,
199 2445 250 2510 bie
266 2447 339 2510 sons
358 2462 404 2510 est
417 2447 560 2512 Fabianae
582 2450 826 2534 reprehensionis
852 2475 859 2510 ι
887 2450 938 2533 qui
953 2451 1064 2513 ueteris
1086 2449 1156 2512 elo-

89 2553 201 2628 quentia
210 2557 294 2633 (nec
303 2556 480 2634 immerito)
492 2571 630 2632 amator,
649 2577 793 2620 revocare
809 2578 877 2619 earn
890 2603 899 2634 ,
915 2571 946 2619 et
959 2557 1087 2618 nimium
1100 2555 1156 2618 seri

88 2657 127 2717 sui
140 2674 316 2744 comptum,
345 2675 376 2723 et
399 2661 529 2725 fractum
552 2663 670 2726 dicendi
693 2683 787 2747 genus
803 2664 966 2725 emendare
981 2659 1157 2724 conabatur.

88 2761 142 2842 Qui
154 2780 253 2828 antem
278 2767 460 2840 tuebantur,
476 2767 625 2832 Senecam
645 2757 800 2832 auctorem
821 2782 875 2832 aut
892 2771 999 2831 ducem
1012 2766 1157 2850 praefere-

87 2869 151 2933 bant
161 2897 169 2933 c
179 2874 312 2956 ideoque
323 2889 355 2937 et
372 2874 452 2937 bunc
461 2876 582 2960 repellit
594 2921 602 2954 ,
615 2891 666 2940 aut
676 2877 798 2942 invadit.
810 2874 881 2954 Ait,
899 2903 915 2929 «ι
931 2888 1048 2937 veteres
1061 2874 1158 2936 inces-

86 2977 151 3040 sisse
167 3003 175 3039 t
195 3007 210 3033 ι
223 3003 286 3045 nec
298 2981 377 3044 lalso
391 3007 399 3054 ;
415 2983 541 3044 minime
556 2983 740 3064 antiquarius
753 2981 890 3058 Seneca,
907 2993 937 3045 et
950 2979 1082 3065 epistole
1095 2979 1157 3041 istae

86 3085 151 3161 (obi
168 3088 280 3170 judicia
299 3089 373 3150 talia
387 3089 556 3173 inspergit)
571 3092 689 3154 docent.
707 3087 775 3150 lmo
787 3090 863 3150 adeo
879 3085 1043 3160 abhorret,
1059 3086 1155 3155 utrix

89 3187 175 3254 alium
187 3214 282 3275 quam
297 3193 465 3278 Virgilium
479 3216 496 3256 e
510 3195 608 3278 poetis
623 3196 766 3270 advocet,
783 3206 835 3254 aut
847 3191 989 3255 Publium
1003 3217 1010 3252 ι
1023 3213 1094 3255 raro
1107 3213 1158 3255 re-

87 3298 207 3362 tustioris
220 3287 279 3361 aeci
293 3313 347 3360 aut
361 3299 431 3386 styli
444 3320 635 3382 quemquam.
651 3299 815 3382 Proprium
825 3298 946 3380 aliquod
960 3311 990 3361 et
1005 3320 1092 3360 sunm
1102 3318 1158 3380 ge-

85 3421 134 3464 nus
148 3401 276 3466 babuit:
293 3417 327 3466 ut
340 3404 441 3467 solent
453 3405 509 3467 ista
523 3404 572 3467 vel
590 3425 659 3468 cum
674 3404 810 3465 aetatibus
823 3404 955 3480 mutari,
971 3403 1021 3465 rel
1034 3407 1092 3486 pr'o
1107 3403 1158 3464 in-

86 3510 164 3588 genio
178 3524 273 3592 atque
290 3511 394 3572 animo
409 3513 550 3595 cujmque
563 3511 699 3574 formari.
715 3508 793 3591 Quis
809 3507 992 3575 Ciceronem
1016 3507 1157 3572 Graccho

85 3629 130 3676 aot
150 3613 265 3680 Catoni
289 3618 423 3680 similem
446 3619 545 3697 dicat,
571 3633 622 3680 aot
648 3617 743 3681 velit?
769 3615 837 3680 Nec
854 3617 900 3678 illi
915 3614 1084 3692 Senecam,
1107 3630 1159 3678 ant

87 3717 209 3784 Plinimn
222 3748 231 3786 ι
245 3725 304 3786 sed
319 3744 376 3787 nec
385 3722 542 3798 Tacitnm3
553 3745 626 3788 narn
638 3737 668 3786 et
685 3723 740 3786 iste
755 3743 859 3786 causas
870 3723 951 3806 egit,
965 3736 995 3784 et
1007 3722 1159 3784 orationes

86 3829 203 3912 scripsit.
228 3829 354 3892 Tamen
367 3850 446 3914 puro
462 3831 639 3912 sinceroque
659 3829 792 3912 judicio,
816 3829 964 3890 laudanda
983 3828 1015 3888 in
1036 3827 1113 3914 stylo
1129 3840 1160 3889 et

87 3931 197 4016 eloquio
210 3936 246 3998 bi
259 3937 449 4020 posteriores
464 3937 556 3999 etism
567 3937 689 3999 habent.
702 3934 784 4016 Quid
797 3937 834 3997 dc
847 3932 1029 4019 Symmacho
1045 3934 1158 4009 dicam,

87 4061 168 4119 qum
181 4043 276 4106 multi
292 4042 426 4125 bonique
439 4046 502 4127 jam
519 4044 594 4106 olim
610 4042 783 4104 mirantur?
798 4053 914 4102 tantum
932 4041 1027 4102 etiarn
1047 4039 1162 4101 abillis

87 4145 194 4228 abivit,
209 4163 362 4234 quantiam
378 4148 456 4212 illia
474 4147 633 4214 Cicerone.
648 4147 739 4210 Utin
766 4147 896 4210 vultibus
912 4149 1040 4220 nostris,
1062 4149 1105 4209 sic
1129 4147 1161 4209 iu

90 4255 157 4336 stylo
170 4257 335 4320 diversitas
353 4281 361 4315 ι
378 4270 408 4318 et
420 4257 587 4320 laudabiles
599 4256 698 4320 etiam.
709 4255 833 4332 somne,
850 4274 914 4316 non
933 4266 1000 4316 sunt
1011 4299 1020 4330 ,
1033 4266 1066 4314 ut
1083 4252 1107 4316 si
1119 4252 1163 4313 di-

89 4378 169 4441 ttm,
190 4363 376 4426 uniformes.
399 4362 440 4425 At
463 4363 545 4426 euim
566 4362 661 4428 mua
687 4357 807 4425 Senecae
825 4387 841 4416 α
859 4361 891 4422 in
908 4359 1096 4441 eloquendo,
1121 4357 1163 4424 ait
