2894 4954
340 465 403 530 308
485 457 554 528 DE
578 459 1067 556 TRANQUILLITATE
1089 462 1250 534 ANIMI

341 591 472 660 »aliud
493 593 595 660 liabet
617 611 872 687 argumentum,
893 617 1009 685 qnose
1027 591 1146 685 probet
1166 593 1227 660 diu
1252 595 1391 663 vixisse.

342 737 356 772 n
379 725 504 802 proeter
521 724 663 777 aetatem.
690 711 833 791 illibi,
864 710 1034 776 carissime
1053 711 1198 790 Serene,
1227 711 1330 777 nimis
1349 713 1394 776 ri·

336 823 437 890 detur
453 822 645 892 submisisse
664 823 870 916 temporibus
885 846 922 891 sc
935 821 1192 903 Athenodorus,
1213 823 1315 890 nimis
1331 825 1394 890 cito

337 937 513 1032 refugisse.
530 942 601 1006 Nec
613 963 676 1033 ego
692 940 904 1032 negaverim,
925 935 1107 1028 aliquando
1115 934 1304 1005 cedendum
1317 937 1392 1022 ,sod

335 1054 458 1120 sensim
475 1054 582 1122 relato
602 1053 729 1146 gradu,
757 1070 792 1121 et
809 1053 909 1122 salvis
928 1035 1053 1144 signis,
1076 1052 1164 1119 salva
1186 1051 1325 1119 militari
1344 1053 1392 1118 di-

336 1172 475 1262 gnitate.
502 1172 691 1240 Sanctiores
710 1171 917 1261 tutioresque
933 1184 1012 1236 sunt
1034 1168 1185 1236 hostibus
1209 1169 1303 1248 suis,
1335 1171 1389 1261 qui

292 1303 309 1356 t
335 1288 371 1354 in
383 1287 482 1354 fidem
497 1311 573 1355 cnm
585 1288 687 1355 armis
700 1287 868 1356 veniunt¹.
887 1283 1386 1375 llocpntovirtutifacicndum,

333 1401 549 1492 studiosoque
565 1401 722 1468 virtutis:
746 1402 773 1466 si
794 1395 988 1490 praevalebit
1007 1395 1157 1477 lortuna,
1179 1411 1215 1462 et
1230 1396 1389 1488 prasoidet

331 1513 455 1608 agendi
470 1513 677 1598 facultatem,
694 1537 761 1582 non
779 1514 892 1580 statim
901 1535 1039 1579 aversus
1049 1512 1254 1602 inermisque
1268 1513 1384 1604 fugiat,

333 1626 477 1696 latebras
494 1651 667 1719 querens,
685 1627 780 1718 quasi
799 1625 888 1693 ullus
897 1624 991 1692 locus
1000 1625 1061 1706 sit,
1082 1625 1118 1690 in
1130 1649 1275 1714 qnonon
1287 1629 1387 1717 possit

332 1743 464 1812 lortnna
479 1744 635 1838 persequi
655 1771 662 1809 :
683 1741 741 1811 sed
754 1742 889 1835 parcius
902 1763 938 1807 sc
953 1741 1080 1807 inserat
1094 1739 1215 1806 officiis
1223 1745 1247 1822 ²,
1268 1757 1385 1808 etcum
1439 1743 1440 1826 l

331 1855 456 1924 dilectu
472 1857 620 1926 inveniat
630 1853 777 1947 aliquid,
791 1856 828 1922 in
843 1876 911 1945 quo
925 1851 1017 1921 utilis
1031 1852 1157 1920 civitati
1167 1851 1222 1918 sit.
1240 1851 1385 1918 Militare

331 1994 398 2038 non
414 1971 492 2038 licet
504 1971 519 2038 l
532 1971 676 2038 honores
688 1984 815 2064 spectet
826 1994 833 2034 :
846 1967 976 2060 privato
984 1963 1162 2035 vivendum
1173 1982 1224 2034 cst
1234 1967 1250 2032 Ρ
1261 1968 1305 2034 sit
1314 1991 1386 2034 ora·
1439 1975 1440 2010 f

330 2103 404 2155 tor:
421 2087 590 2156 silemium
610 2079 773 2154 indictum
786 2085 864 2154 est?
881 2085 981 2152 tacita
1003 2082 1219 2152 advocatione
1231 2084 1386 2174 civesju·

329 2219 405 2270 vet:
424 2201 646 2294 periculosum
661 2202 760 2268 stiam
779 2201 935 2292 ingressu
952 2199 1060 2266 lorum
1074 2216 1124 2266 est
1141 2199 1204 2266 tin
1218 2197 1382 2279 domibus,

330 2319 364 2384 in
376 2314 596 2409 spectaculis,
617 2315 840 2394 inconniviis,
862 2313 987 2382 bonum
997 2312 1291 2395 consonantem,
1304 2314 1385 2380 ami-
1439 2315 1440 2390 l

330 2457 404 2500 cum
420 2431 576 2513 fidelem,
598 2445 838 2524 temperantem
850 2429 1022 2497 convivam
1032 2443 1121 2521 agat.
1136 2427 1260 2497 Officia
1270 2430 1297 2496 si
1307 2429 1385 2496 civis

288 2581 305 2632 9
330 2550 498 2628 amiserit,
521 2547 842 2616 hominisexerceat.
865 2541 945 2610 Ideo
960 2565 1081 2635 magno
1098 2543 1210 2610 animo
1223 2535 1305 2616 nos³
1320 2565 1384 2610 non
1439 2579 1440 2656 p

329 2667 430 2734 unius
446 2664 542 2733 urbis
559 2663 725 2732 moenibns
738 2661 937 2740 clausimus,
955 2657 1064 2726 sedin
1083 2659 1183 2726 totius
1200 2658 1293 2728 orbis
1302 2683 1386 2726 com·
1439 2671 1440 2746 l

329 2783 489 2848 mercium
510 2781 701 2859 emisimus,
721 2777 932 2869 patriamqne
952 2775 1049 2842 nobis
1064 2775 1226 2843 mundum
1247 2775 1385 2868 professi
1439 2759 1440 2840 l

329 2993 354 3046 in
380 2993 427 3046 hec
451 2992 629 3046 luxuriantium
658 2989 832 3042 Romanorum
882 2985 1388 3039 Gallicsortirocecleshomeursdelu

328 3072 489 3124 insectatione
509 3084 532 3122 st
551 3067 755 3130 enumeratione,
777 3064 832 3135 quis
877 3085 976 3134 gurm.
992 3065 1117 3120 Ceterum
1134 3067 1188 3122 hee
1201 3067 1386 3121 humnaevitae

329 3169 380 3200 non
391 3147 493 3199 Scuccoe
508 3147 637 3218 ingenium
648 3144 730 3196 statim
739 3142 832 3214 deprc-
880 3163 937 3196 eum
948 3143 1387 3218 militantiumvitacomparatioom
1439 3139 1440 3150 ¹

327 3225 434 3278 lisndit?
442 3226 481 3277 Ab
490 3221 739 3295 Athenodoroigitur
748 3237 785 3272 tes
792 3217 830 3291 ip·
880 3221 1007 3289 trimodis,
1020 3225 1073 3275 sice
1083 3224 1181 3286 verbm,
1197 3224 1252 3278 sive
1264 3225 1388 3296 imagini-

326 3316 395 3356 saset
402 3301 523 3355 sunnonis
533 3315 645 3353 tenorem
653 3309 779 3350 mutuatus
785 3307 829 3357 eslt
879 3299 940 3360 bns,
954 3313 978 3352 st
988 3315 1107 3374 perpetuo
1122 3321 1235 3375 expresse
1248 3301 1313 3375 apud
1324 3301 1388 3373 phi-

326 3382 369 3434 sed
379 3383 428 3454 ipss
441 3381 494 3434 bec
505 3378 634 3452 ampliavit
647 3390 671 3429 et
682 3374 830 3429 numinibus
879 3379 998 3450 lotophie
1008 3381 1097 3434 veteris
1106 3380 1240 3452 magistros
1250 3380 1366 3434 occonis.
1439 3369 1440 3434 l

326 3459 412 3532 primis
431 3477 474 3510 sua
493 3458 622 3508 intertexta
641 3454 675 3506 ita
693 3453 789 3516 voluit,
805 3464 831 3504 ut
913 3477 936 3508 α,
956 3457 1067 3530 Officiis,
1082 3459 1115 3510 Η,
1128 3480 1149 3511 0,
1161 3459 1258 3512 muniis
1274 3458 1386 3530 publicis.
1439 3437 1440 3526 l

326 3535 375 3608 jam
398 3537 527 3588 Annuus
547 3531 696 3584 declamatio
713 3531 753 3582 sit.
772 3527 830 3582 Vid.
879 3533 955 3588 Haud
966 3555 1023 3588 rara
1034 3556 1064 3588 eu
1075 3548 1238 3588 senscrunt
1255 3535 1388 3588 concinna.
1439 3535 1440 3568 ἶ

326 3626 350 3665 et
368 3614 397 3664 ol'.
409 3632 465 3684 pag.
477 3613 539 3675 305,
559 3623 611 3662 not·
623 3611 656 3675 3,
670 3607 702 3660 ad
719 3611 746 3660 rb
763 3627 831 3660 can-
879 3613 986 3665 Iuserot
995 3633 1054 3666 vero
1063 3612 1188 3682 exquisitas
1201 3613 1329 3684 elegentit
1342 3623 1388 3661 est.

325 3687 563 3742 didatoseaetmlte.
880 3689 946 3742 Nam
956 3689 1001 3742 ubi
1014 3689 1092 3742 rarius
1103 3689 1136 3741 sd
1149 3687 1262 3760 publices
1275 3707 1388 3741 raaces·
1439 3727 1440 3748 ,

363 3787 383 3818 ι.
399 3765 455 3836 Qui
463 3769 491 3816 e'n
502 3766 590 3835 fidem
608 3785 664 3819 eum
683 3768 767 3816 armis
785 3783 831 3816 ve-
880 3769 933 3832 (lis,
952 3769 996 3820 ubi
1019 3769 1101 3822 lentos
1121 3780 1145 3819 et
1166 3767 1389 3839 minorsimpetu,
1439 3783 1440 3810 t

298 3901 304 3920 ,Α
325 3841 831 3912 sirim.ll.e.qniuonautsarmadese·
879 3845 930 3916 jam
942 3843 1302 3916 nontelmnoribusiugsris,
1320 3843 1388 3910 inji-
1439 3813 1440 3876 l

326 3921 513 3989 runtquamiu
528 3919 637 3972 hostium
650 3931 831 3972 mannsotcss-
880 3922 935 3988 cis,
958 3921 1087 3986 obtrudis,
1110 3921 1153 3974 ssd
1177 3922 1277 3974 inseris
1301 3921 1391 3973 Simili
1439 3919 1440 3960 l

325 4008 361 4046 tra
373 3997 545 4060 secundant,
561 3999 830 4072 quioppugnatsmur·
879 3999 994 4052 acumine
1015 3999 1127 4052 Cornelii
1141 4019 1205 4061 vos,
1226 3999 1252 4050 in
1273 3997 1342 4050 Dial.
1358 3998 1388 4048 dt

326 4071 382 4123 lsem
400 4074 422 4125 si
435 4093 487 4126 non
507 4074 627 4134 victores,
649 4094 702 4126 non
722 4073 829 4128 inermes
880 4076 1196 4150 Orat.csp.X:sinserere
1208 4095 1389 4128 nomensunn

326 4162 409 4201 tamen
423 4151 557 4222 linquunt;
575 4151 620 4222 qui
635 4171 688 4204 non
702 4149 827 4216 dedititii,
878 4155 959 4208 lame.
970 4176 983 4200 s·

324 4227 366 4278 sstl
385 4227 517 4296 infidem,
530 4242 557 4280 ot
570 4229 655 4294 siunt,
667 4227 828 4303 recipiuntur.
911 4231 935 4283 3.
945 4231 1010 4284 Nos.
1021 4231 1060 4284 sd
1070 4231 1167 4284 Stoicos
1177 4245 1277 4302 spectat,
1285 4244 1388 4300 ntsepe
1439 4251 1440 4294 t
