2900 4944
451 443 624 538 curor
649 467 800 536 xxtv.
1091 473 1152 536 5²1

95 601 153 668 tiis
172 600 285 668 neseio
298 597 616 692 iQuemsdmodum
626 601 727 666 etism
745 599 773 665 si
788 596 933 690 pedibus
950 599 1021 666 suis
1036 600 1160 692 poterit

95 716 164 784 iter
178 716 359 799 confioere,
379 713 563 784 escendere
578 730 689 783 tamen
707 713 902 782 vehiculum
921 713 1046 782 malet:
1068 715 1117 783 sio
1130 714 1158 782 si

98 833 226 923 poterit
244 855 317 900 esse
345 830 457 914 dives,
485 831 573 900 volet
592 859 599 897 ι
622 846 657 899 et
672 830 813 898 babebit
831 831 948 923 utique
973 854 1074 925 opes,
1090 829 1160 902 'sed

95 963 257 1039 tanquam
290 948 381 1018 leves
413 965 447 1016 et
474 946 664 1018 avolaturus
689 973 697 1014 ι
721 971 786 1015 neo
808 945 870 1016 ulli
894 947 971 1030 alii,
1000 971 1064 1016 neo
1094 947 1159 1016 sibi

95 1083 215 1152 graves
227 1085 299 1130 esse
308 1062 468 1154 patietur.
480 1060 684 1130 Donabit1...
692 1059 777 1152 quid
785 1061 938 1130 erexistis
948 1063 1066 1130 ames?
1077 1059 1161 1153 quid

95 1176 264 1270 expeditis
279 1178 414 1248 sinum?
429 1177 596 1258 Donabit,
616 1176 802 1256 ambonis,
819 1192 878 1244 aut
890 1177 933 1244 iis
946 1200 1031 1269 quos
1050 1176 1160 1244 facere

95 1293 220 1385 poterit
233 1291 351 1361 bonos.
370 1292 519 1361 Donabit
534 1317 609 1362 oum
628 1315 757 1361 summo
772 1291 925 1373 consilio,
944 1290 1161 1386 dignissimos
1220 1385 1222 1393 Ι

93 1409 227 1502 eligens
244 1435 252 1476 ι
271 1411 378 1502 utqui
387 1410 592 1492 meminerit,
605 1424 673 1476 tam
687 1431 907 1500 expensorum
922 1431 1024 1500 quam
1041 1431 1161 1500 aceep-
1189 1431 1191 1436 ’

98 1540 207 1592 torum
236 1526 400 1592 rationem
427 1549 500 1594 esse
527 1523 748 1594 reddendam.
778 1523 926 1593 Donabit
953 1545 994 1591 ex
1016 1537 1109 1591 recta
1127 1537 1164 1590 et

95 1638 265 1731 probabili
279 1664 397 1726 causa,
415 1664 491 1709 nsm
505 1641 595 1708 inter
609 1657 724 1732 turpes
735 1639 886 1731 jacturas
900 1637 1024 1706 malum
1038 1661 1161 1706 munus

95 1771 160 1822 est.
171 1751 319 1824 Habebit
328 1757 438 1824 sinum
448 1755 594 1838 facilem,
607 1778 675 1822 non
684 1754 891 1848 perforatum
905 1782 915 1840 3
932 1777 974 1836 ea
981 1753 1161 1846 quomults

92 1889 238 1955 exeant,
249 1872 338 1940 nibil
351 1870 495 1942 excidet.

145 1991 271 2058 xxlv.
293 1993 411 2070 Errat,
430 1990 458 2056 si
475 1988 553 2082 quis
570 1988 738 2055 existimat
764 1985 894 2054 facilem
914 2011 987 2054 rem
1004 2011 1077 2055 esse
1096 1987 1160 2054 do·

93 2129 192 2174 nare.
207 2105 393 2174 Plurimum
409 2105 474 2172 ista
491 2103 661 2172 resbabet
674 2103 897 2184 difficultatis,
917 2105 945 2172 si
960 2103 1060 2172 modo
1075 2128 1158 2172 oon-

94 2220 171 2288 silio
185 2219 357 2302 tribuitur,
379 2243 449 2286 non
467 2241 547 2287 casu
565 2233 600 2286 et
613 2219 741 2310 impetu
756 2219 940 2312 spargitur.
961 2220 1060 2286 Hunc
1075 2243 1157 2312 pro-

95 2360 242 2419 mereor,
260 2336 310 2403 illi
324 2332 454 2418 reddo,
475 2335 557 2402 huic
569 2357 743 2416 succurro,
762 2332 864 2426 hujus
872 2335 1045 2402 misereor.
1057 2333 1156 2402 Illum

95 2457 239 2534 instruo,
256 2450 396 2544 dignum
418 2475 520 2543 quem
533 2473 602 2518 non
617 2447 784 2517 deducal'
800 2463 999 2542 paupertas,
1017 2472 1081 2517 neo
1098 2473 1156 2518 oc·

92 2585 252 2662 cupatum
267 2557 416 2636 teneat³.
435 2565 649 2659 Quibusdam
667 2590 736 2634 non
755 2565 858 2648 dabo,
874 2569 1028 2659 quamvis
1045 2565 1155 2658 desit:

93 2687 175 2780 quia
189 2685 319 2754 etiamsi
329 2681 467 2764 dedero,
481 2683 548 2750 erit
556 2681 751 2750 debiturum
763 2709 772 2766 ς
788 2681 992 2775 quibusdam
1005 2684 1156 2770 offeram,

92 2801 296 2896 quibusdam
313 2800 414 2868 etiam
431 2790 646 2867 inculcabo⁴.
665 2799 741 2864 Non
758 2819 892 2889 possum
908 2797 1073 2866 inhaere
1085 2823 1158 2868 esse

91 2919 274 3014 negligens
288 2942 297 2982 ε
311 2939 485 3008 uunquam
505 2916 613 3008 magis
628 2915 763 2981 nomina
785 2907 916 2994 faoio⁵,
937 2937 1036 3004 quam
1053 2940 1158 3007 quum

133 3149 153 3183 t.
165 3129 317 3182 Donabit...
327 3130 394 3198 quid
404 3139 450 3179 etr.
462 3124 598 3200 suspensio
649 3123 771 3190 clinatur‚
782 3143 832 3176 neu
843 3124 1003 3198 deprimatur.
1011 3126 1085 3178 Hanc
1099 3125 1159 3180 libe·

90 3217 151 3268 αἱ,
164 3224 220 3276 qua
228 3205 378 3258 viridiorem
389 3203 529 3266 orationem
539 3201 600 3256 effi·
649 3203 771 3256 ralitittm
786 3216 873 3256 nostro
888 3205 1015 3278 propriam
1027 3205 1158 3260 iuius-‘lu-

91 3283 138 3337 eit.
162 3281 239 3354 Quid
242 3285 370 3351 expeditis
379 3285 473 3334 situum.
481 3283 559 3356 Toga}
567 3279 599 3334 ad
649 3281 755 3346 venalis,
764 3281 814 3337 Sat.
822 3283 856 3348 V,
867 3284 921 3348 iod,
934 3303 989 3354 top,
998 3285 1158 3350 etlllartialis,

90 3360 373 3492 cxciiiiiiidniiitiellide
388 3437 435 3490 ulli
448 3437 513 3488 bene
529 3436 601 3488 cessit
649 3359 951 3508 iiiiiiiehpbtbsildineifiabi
961 3378 1156 3506 hfflffi'ss:

12 3571 14 3584 ,
90 3514 242 3577 liberalitas,
255 3515 304 3568 nisi
314 3514 456 3588 sapienti,a
466 3536 517 3587 quo
523 3513 600 3588 longe
649 3515 734 3590 Lipaio
746 3517 851 3582 laudati,
865 3516 963 3571 docent

89 3595 168 3649 distat
177 3594 302 3646 studiosus
320 3591 446 3666 sapientise
459 3610 466 3644 ε
477 3591 520 3644 ille
532 3594 600 3645 enim
682 3595 705 3660 ζ.
716 3595 864 3648 Ιηωὶωὸα
875 3595 1031 3661 Obtrudam,
1040 3610 1064 3649 et
1073 3597 1112 3650 vel
1121 3617 1158 3648 m·

88 3673 165 3727 lastis
176 3671 341 3736 sententiam,
353 3667 453 3722 divitias
461 3670 533 3722 utiles
542 3671 602 3740 qni·
649 3671 707 3723 titia
717 3671 828 3724 donabo.
839 3737 844 3746 Ι

88 3753 172 3815 dem,
194 3750 237 3802 aad
255 3749 351 3801 bonum
368 3767 422 3799 non
440 3766 511 3811 este,
530 3767 601 3800 com·
682 3749 705 3799 5.
723 3749 842 3802 Nomina
849 3751 933 3822 sacio-
950 3749 1110 3818 Commodo,
1124 3752 1157 3804 do

88 3827 189 3905 probat·
650 3839 776 3882 mutuum.
785 3827 902 3897 Namque
911 3827 1157 3899 ioeoeratorasqnunt

128 3926 151 3958 a.
162 3905 292 3960 Deducat.
306 3904 325 3956 l.
337 3903 467 3977 deprimat.
477 3904 519 3957 Sie
529 3905 602 3958 codd.
650 3905 783 3978 pecuniam
791 3919 904 3958 mutuam
916 3905 1014 3972 darent,
1022 3927 1159 3960 eorumne·

88 3991 146 4040 fera
158 4003 252 4038 omues.
264 3985 351 4036 Antea
362 3999 370 4033 t
381 3983 493 4036 didimus
650 3982 721 4036 mina
730 3983 899 4036 Deltariiaaut
909 3983 1009 4038 solsadia
1017 3983 1159 4038 scribebant

128 4063 151 4114 3.
164 4063 248 4114 Istum
258 4063 406 4114 instruet...
420 4072 509 4115 uocat.
522 4061 603 4115 Bene·
649 4061 717 4136 apud
731 4083 794 4133 quos
806 4061 958 4118 locaverant
971 4061 1079 4116 Martini.
1088 4061 1158 4126 bitte,

90 4137 159 4194 ficiis
170 4156 395 4212 pauperemvorno,
408 4137 541 4194 lautiorem
551 4159 603 4194 am·
651 4140 695 4194 lib.
709 4141 951 4215 Vlll,spigr.4d,va
965 4159 989 4193 ιι
1005 4139 1158 4194 :acastum
1243 4207 1244 4212 ¹

90 4216 252 4295 pilorumque
259 4215 339 4284 iasio,
352 4236 384 4270 ns
393 4237 407 4268 a
416 4229 557 4292 paupertate
566 4216 603 4270 in·
652 4217 806 4292 caplicantur
819 4219 918 4292 pagine
934 4217 1140 4274 Kalendarum.»
