2886 4958
480 517 655 586 canor
686 518 733 585 x.
1070 515 1132 603 to

79 649 124 742 git
144 675 151 714 :
172 673 275 741 quum
294 647 532 740 occupaverim
551 664 663 716 tamen
682 647 802 740 lugiet.
822 647 941 738 Itaque
954 669 1032 742 euru
1048 645 1139 714 eele-

78 765 170 832 ritate
186 765 369 860 temporis,
392 763 510 832 utendi
529 764 706 834 velocitate
724 761 924 832 certandum
943 776 994 830 est
1015 788 1023 828 t
1045 761 1139 830 velut

78 895 272 948 exterrente
286 879 427 973 rapido,
443 904 508 948 neo
521 903 656 973 semper
670 902 810 962 casuro,
827 879 896 946 cito
910 859 1138 948 hauriendum

76 1010 134 1064 est.
151 999 223 1064 Hoc
236 1019 374 1088 quoque
386 995 616 1090 pulcherrime
629 993 673 1062 ad
689 990 958 1088 exprobrandam
970 993 1139 1062 infinitam

76 1112 332 1207 cogitationem,
348 1111 440 1204 quod
457 1136 526 1180 non
544 1113 704 1204 optimam
724 1117 895 1204 quamque
909 1125 1063 1192 aetatem,
1078 1109 1140 1212 sed

76 1228 161 1298 diem
177 1228 262 1298 dicit
277 1233 302 1298 ¹.
328 1229 424 1320 Quid
441 1253 603 1312 securus,
628 1245 663 1299 et
687 1230 834 1296 intanta
853 1243 1042 1322 temporum
1059 1227 1140 1321 luga
1166 1231 1184 1281 ³

74 1343 203 1428 lentus,
225 1367 357 1414 menses
375 1343 438 1412 tibi
458 1359 494 1412 et
508 1369 638 1427 annos,
654 1360 689 1412 et
701 1343 837 1438 longam
852 1344 975 1414 seriem
992 1393 1002 1425 ‚
1018 1357 1141 1412 uteun-

74 1483 137 1552 que
155 1459 309 1530 aviditati
330 1476 396 1528 tuae
419 1460 528 1528 visum
550 1461 868 1555 ett,1exporrigit?
892 1458 935 1528 de
954 1457 1010 1528 die
1029 1473 1140 1528 tecum

73 1571 243 1665 loquitur,
261 1589 296 1642 et
308 1573 351 1642 de
363 1573 430 1642 boc
443 1575 516 1667 ipso
529 1574 695 1669 fugiente.
717 1577 793 1644 Non
813 1574 952 1643 dubium
970 1588 1022 1642 est
1035 1597 1139 1667 ergo,

75 1691 155 1781 quin
171 1691 282 1782 prima
299 1715 443 1782 quaeque
461 1691 587 1783 optima
609 1690 682 1759 dies
698 1691 807 1785 fugiat
826 1689 1025 1758 mortalibus
1038 1690 1140 1758 mise-

76 1805 142 1887 ris,
164 1805 292 1885 idest,
316 1806 509 1899 occupatis²
531 1827 539 1872 t
560 1830 703 1898 quorum
718 1806 868 1900 pueriles
885 1805 998 1875 adhue
1012 1805 1143 1874 animos

75 1935 228 1989 senectus
235 1923 409 2015 opprimit,
421 1919 466 1990 ad
477 1946 577 2014 quam
593 1923 748 2016 imparati
758 1924 973 2014 inermesque
984 1921 1138 1990 veniunt.

74 2036 165 2104 Nihil
184 2038 274 2107 enim
292 2039 462 2131 provisum
477 2054 529 2107 est
546 2066 554 2105 ε
571 2040 683 2108 subito
698 2043 733 2108 in
749 2039 865 2122 illam,
886 2038 1145 2131 necopinantes

76 2153 268 2223 inciderunt
281 2180 289 2223 ι
302 2154 464 2224 accedere
473 2179 546 2224 eam
560 2155 712 2248 quotidie
725 2178 794 2224 non
804 2154 1006 2225 sentiebant.
1015 2153 1144 2244 Quem-

74 2263 253 2336 admodum
278 2285 337 2336 aut
362 2292 503 2352 sermo,
533 2285 592 2337 aut
615 2269 716 2338 lectio
737 2319 748 2352 ‚
770 2285 829 2338 aut
857 2268 973 2360 aliqua
999 2267 1143 2336 interior

76 2385 233 2477 cogitatio
245 2385 313 2453 iter
328 2386 489 2454 facientes
502 2385 647 2480 decipit3
662 2389 857 2481 pervenisse
871 2412 908 2456 se
921 2403 1000 2456 ante
1014 2387 1149 2472 sciunt„

74 2524 175 2590 quam
193 2503 484 2596 appropinquasse
495 2531 514 2571 ·:
534 2504 581 2571 ita
599 2503 665 2572 boo
680 2505 747 2571 iter
761 2504 839 2572 vitae
853 2501 1027 2574 assiduum
1045 2517 1080 2570 et
1095 2503 1144 2570 ei-

75 2617 294 2699 ratissimum,
311 2616 404 2709 quod
417 2617 623 2687 dormientes
635 2619 884 2714 vigilantesque
898 2617 1016 2687 eodem
1035 2616 1143 2712 gradu

74 2732 234 2816 facimus,
255 2737 428 2828 oooupatis
446 2759 515 2803 non
534 2753 697 2830 apparet,
719 2735 785 2805 nisi
802 2738 837 2805 in
856 2737 938 2806 fine.

120 2853 169 2920 X.
192 2851 296 2944 Quod
314 2854 497 2946 proposui,
520 2853 548 2921 si
576 2854 611 2920 in
635 2871 749 2948 partes
768 2853 870 2923 velim
890 2870 924 2922 et
943 2869 1144 2948 argumenta

74 2965 237 3035 diduoere
253 3017 262 3049 ‚
280 2967 385 3036 multa
405 2967 488 3036 mihi
507 2986 710 3053 occurrent,
731 2995 794 3064 per
814 2995 889 3064 quae
906 2970 1047 3064 probem
1066 2972 1146 3040 bre·

72 3082 240 3149 vissimum
259 3106 332 3150 esse
351 3099 590 3175 occupatorum
608 3085 724 3152 vitam.
744 3083 881 3154 Solebat
895 3084 1145 3180 dicere-Fabia-

147 3189 160 3234 3

73 3221 137 3266 nus
176 3222 267 3280 ,oon
284 3221 323 3265 ex
344 3199 397 3266 his
414 3195 660 3266 cathedrariis⁴
675 3201 909 3294 philosophis,
926 3199 988 3268 sed
1001 3224 1040 3268 ex
1054 3203 1146 3270 veria

74 3436 144 3470 marn
162 3416 263 3470 credula
285 3429 391 3490 postero.
408 3417 583 3482 »lib.l‚0d.
632 3417 1144 3493 101.ιάἂΙιτο.23,3;οιΕρ.ιι,4ι),5ι,

73 3509 114 3558 ιι,
129 3513 166 3547 vs.
180 3495 219 3564 8)
239 3509 263 3550 et
285 3516 374 3566 rapere
385 3499 586 3550 octasebnemde
634 3495 676 3560 58,
691 3507 737 3547 etc.

72 3574 133 3637 die,
153 3572 236 3645 Epod.
246 3589 314 3638 nu,
328 3593 376 3628 vas.
389 3575 418 3637 3,
430 3574 455 3640 4.
667 3574 690 3638 4.
703 3573 892 3627 Catlredmn'e's.
905 3574 958 3644 Qui
972 3574 998 3627 in
1009 3573 1070 3627 tella
1083 3593 1144 3640 sua,

108 3649 224 3704 amem
240 3653 310 3706 dicte.
333 3651 394 3706 scit.
417 3665 491 3726 poeta
509 3671 583 3727 snpra
633 3649 1145 3722 noniuminvimphitosophisuntce

73 3727 170 3782 citatus·
194 3730 340 3802 opponitur
366 3728 421 3782 dies
443 3729 530 3796 etati,
556 3743 585 3784 ut
633 3725 723 3779 thedra
742 3741 826 3781 autem
845 3729 876 3780 de
892 3749 1043 3800 quacunque
1061 3727 1144 3792 sella,

71 3805 485 3938 {lilioliilfflitllim
502 3809 584 3862 Μ’
634 3805 1145 3950 {Tilllltltlt'llltll”llll

106 3906 280 4030 a-Occupdtt's.
287 3963 335 4016 llic
344 3962 412 4016 idem
422 3985 512 4016 sonare
518 3960 584 4017 vidi·
632 3903 734 4027 elram,
744 3961 775 4012 Τ.
786 3959 836 4024 IV,
845 3971 896 4012 tuo.
907 3959 952 4028 43)
963 3960 1151 4033 potentiorum,¹

72 4047 114 4087 mr
124 4037 193 4106 qood
205 4037 324 4110 gallicum
336 4043 438 4110 ocwpe's
449 4041 585 4114 ,affatde
636 4043 667 4101 (a.
678 4036 736 4090 ede
749 4035 875 4092 clement.
884 4039 937 4112 l,9‚
947 4039 978 4105 5)
987 4039 1146 4109 etprol'esso-

107 4113 140 4164 Χ.
154 4117 222 4169 Atto.
238 4117 360 4191 occupati
374 4118 402 4170 in
416 4119 513 4172 levibus
524 4118 586 4172 bre·
634 4135 691 4168 rum
710 4115 846 4170 dicebatur.
860 4117 935 4170 llauo
947 4117 1027 4188 ipsam
1036 4130 1144 4171 seuten-

73 4189 203 4246 vistimam
217 4193 295 4248 vitam
306 4209 393 4268 agunt.
634 4197 696 4247 tiam
713 4193 822 4248 Fabiani
840 4207 939 4247 secutus
963 4207 999 4247 est
1017 4207 1102 4250 notter
1117 4193 1145 4246 in

106 4267 133 4322 3.
145 4267 291 4325 Fabrirnur.
312 4272 351 4326 Gi.
374 4275 405 4327 de
422 4293 452 4326 eo
466 4273 498 4326 ad
515 4275 586 4328 Cou—
637 4273 818 4328 Consolatione
827 4274 859 4326 ad
869 4275 948 4338 Marc.
960 4294 1012 4348 esp.
1025 4293 1046 4326 ι.
