<?xml version="1.0" encoding="UTF-8"?>
<!DOCTYPE html PUBLIC "-//W3C//DTD XHTML 1.0 Transitional//EN"
    "http://www.w3.org/TR/xhtml1/DTD/xhtml1-transitional.dtd">
<html xmlns="http://www.w3.org/1999/xhtml" xml:lang="en" lang="en">
 <head>
  <title>
</title>
<meta http-equiv="Content-Type" content="text/html;charset=utf-8" />
  <meta name='ocr-system' content='tesseract 3.04.00' />
  <meta name='ocr-capabilities' content='ocr_page ocr_carea ocr_par ocr_line ocrx_word'/>
</head>
<body>
  <div class='ocr_page' id='page_1' title='image "./lannsenecparspr01bouigoog_0239.png"; bbox 0 0 2896 4958; ppageno 0'>
   <div class='ocr_carea' id='block_1_1' title="bbox 286 472 1180 546">
    <p class='ocr_par' dir='ltr' id='par_1_1' title="bbox 286 472 1180 546">
     <span class='ocr_line' id='line_1_1' title="bbox 286 472 1180 546; baseline -0.001 -4"><span class='ocrx_word' id='word_1_1' title='bbox 286 475 393 542; x_wconf 71' lang='lat' dir='ltr'>ccxxii</span> <span class='ocrx_word' id='word_1_2' title='bbox 415 495 432 529; x_wconf 64' lang='grc' dir='ltr'><strong>ι</strong></span> <span class='ocrx_word' id='word_1_3' title='bbox 476 475 507 542; x_wconf 80' lang='grc' dir='ltr'>Ι.</span> <span class='ocrx_word' id='word_1_4' title='bbox 534 473 697 546; x_wconf 88' lang='lat' dir='ltr'>LIPSII</span> <span class='ocrx_word' id='word_1_5' title='bbox 723 472 1180 544; x_wconf 82' lang='lat' dir='ltr'><strong>MANUDUCTIONIS</strong></span> 
     </span>
    </p>
   </div>
   <div class='ocr_carea' id='block_1_2' title="bbox 256 611 1372 1426">
    <p class='ocr_par' dir='ltr' id='par_1_2' title="bbox 256 611 1372 1426">
     <span class='ocr_line' id='line_1_2' title="bbox 284 611 1367 699; baseline -0.003 -23"><span class='ocrx_word' id='word_1_6' title='bbox 284 627 370 677; x_wconf 87' lang='lat' dir='ltr'>extra</span> <span class='ocrx_word' id='word_1_7' title='bbox 385 635 520 678; x_wconf 88' lang='lat' dir='ltr'>omnem.</span> <span class='ocrx_word' id='word_1_8' title='bbox 532 615 616 699; x_wconf 84' lang='lat' dir='ltr'><strong>Quid</strong></span> <span class='ocrx_word' id='word_1_9' title='bbox 635 618 674 678; x_wconf 92' lang='lat' dir='ltr'>ad</span> <span class='ocrx_word' id='word_1_10' title='bbox 690 616 777 678; x_wconf 87' lang='lat' dir='ltr'>ilium</span> <span class='ocrx_word' id='word_1_11' title='bbox 799 637 924 692; x_wconf 81' lang='lat' dir='ltr'>carcer,</span> <span class='ocrx_word' id='word_1_12' title='bbox 949 630 980 679; x_wconf 92' lang='lat' dir='ltr'>et</span> <span class='ocrx_word' id='word_1_13' title='bbox 1000 615 1136 678; x_wconf 85' lang='lat' dir='ltr'>custodia</span> <span class='ocrx_word' id='word_1_14' title='bbox 1156 627 1186 676; x_wconf 88' lang='lat' dir='ltr'>et</span> <span class='ocrx_word' id='word_1_15' title='bbox 1208 611 1367 676; x_wconf 85' lang='lat' dir='ltr'>claustra?</span> 
     </span>
     <span class='ocr_line' id='line_1_3' title="bbox 285 719 1369 807; baseline -0.002 -25"><span class='ocrx_word' id='word_1_16' title='bbox 285 720 417 784; x_wconf 84' lang='lat' dir='ltr'>liberum</span> <span class='ocrx_word' id='word_1_17' title='bbox 432 723 543 785; x_wconf 84' lang='lat' dir='ltr'>ostium</span> <span class='ocrx_word' id='word_1_18' title='bbox 557 722 658 785; x_wconf 87' lang='lat' dir='ltr'>babet.</span> <span class='ocrx_word' id='word_1_19' title='bbox 680 751 695 778; x_wconf 70' lang='lat' dir='ltr'><em>n</em></span> <span class='ocrx_word' id='word_1_20' title='bbox 711 721 794 807; x_wconf 85' lang='lat' dir='ltr'>(Ep.</span> <span class='ocrx_word' id='word_1_21' title='bbox 808 725 916 801; x_wconf 77' lang='lat' dir='ltr'>xxva.)</span> <span class='ocrx_word' id='word_1_22' title='bbox 937 719 1007 784; x_wconf 86' lang='lat' dir='ltr'>Hoc</span> <span class='ocrx_word' id='word_1_23' title='bbox 1025 735 1071 784; x_wconf 90' lang='lat' dir='ltr'>est</span> <span class='ocrx_word' id='word_1_24' title='bbox 1091 720 1166 782; x_wconf 87' lang='lat' dir='ltr'>illud</span> <span class='ocrx_word' id='word_1_25' title='bbox 1178 720 1313 794; x_wconf 79' lang='lat' dir='ltr'>ostium,</span> <span class='ocrx_word' id='word_1_26' title='bbox 1329 721 1369 780; x_wconf 86' lang='lat' dir='ltr'>de</span> 
     </span>
     <span class='ocr_line' id='line_1_4' title="bbox 286 825 1367 913; baseline -0.003 -24"><span class='ocrx_word' id='word_1_27' title='bbox 286 851 346 910; x_wconf 87' lang='lat' dir='ltr'>quo</span> <span class='ocrx_word' id='word_1_28' title='bbox 364 825 520 912; x_wconf 76' lang='lat' dir='ltr'><strong>Epictetus</strong></span> <span class='ocrx_word' id='word_1_29' title='bbox 535 851 543 889; x_wconf 74' lang='grc' dir='ltr'><strong>ε</strong></span> <span class='ocrx_word' id='word_1_30' title='bbox 558 855 574 883; x_wconf 73' lang='grc' dir='ltr'><strong>α</strong></span> <span class='ocrx_word' id='word_1_31' title='bbox 587 826 688 913; x_wconf 84' lang='lat' dir='ltr'>Caput</span> <span class='ocrx_word' id='word_1_32' title='bbox 700 829 765 907; x_wconf 84' lang='lat' dir='ltr'>rei,</span> <span class='ocrx_word' id='word_1_33' title='bbox 781 841 954 906; x_wconf 85' lang='lat' dir='ltr'>memento,</span> <span class='ocrx_word' id='word_1_34' title='bbox 970 825 1062 910; x_wconf 87' lang='lat' dir='ltr'>Quod</span> <span class='ocrx_word' id='word_1_35' title='bbox 1073 825 1097 888; x_wconf 92' lang='lat' dir='ltr'>J</span> <span class='ocrx_word' id='word_1_36' title='bbox 1098 847 1176 890; x_wconf 84' lang='lat' dir='ltr'>anua</span> <span class='ocrx_word' id='word_1_37' title='bbox 1187 825 1226 888; x_wconf 89' lang='lat' dir='ltr'>sit</span> <span class='ocrx_word' id='word_1_38' title='bbox 1239 839 1367 908; x_wconf 62' lang='lat' dir='ltr'>apertu</span> 
     </span>
     <span class='ocr_line' id='line_1_5' title="bbox 285 930 1370 1018; baseline -0.005 -23"><span class='ocrx_word' id='word_1_39' title='bbox 285 953 325 996; x_wconf 83' lang='lat' dir='ltr'>ne</span> <span class='ocrx_word' id='word_1_40' title='bbox 340 947 404 996; x_wconf 89' lang='lat' dir='ltr'>esto</span> <span class='ocrx_word' id='word_1_41' title='bbox 418 935 521 1018; x_wconf 87' lang='lat' dir='ltr'>pneris</span> <span class='ocrx_word' id='word_1_42' title='bbox 536 933 687 1010; x_wconf 81' lang='lat' dir='ltr'>timidior,</span> <span class='ocrx_word' id='word_1_43' title='bbox 701 936 755 998; x_wconf 88' lang='lat' dir='ltr'>sed</span> <span class='ocrx_word' id='word_1_44' title='bbox 765 947 798 997; x_wconf 88' lang='lat' dir='ltr'>ut</span> <span class='ocrx_word' id='word_1_45' title='bbox 812 934 875 1011; x_wconf 83' lang='lat' dir='ltr'>illi,</span> <span class='ocrx_word' id='word_1_46' title='bbox 892 956 985 1015; x_wconf 86' lang='lat' dir='ltr'>quum</span> <span class='ocrx_word' id='word_1_47' title='bbox 998 932 1098 1014; x_wconf 83' lang='lat' dir='ltr'>aliqua</span> <span class='ocrx_word' id='word_1_48' title='bbox 1108 953 1142 995; x_wconf 89' lang='lat' dir='ltr'>re</span> <span class='ocrx_word' id='word_1_49' title='bbox 1157 951 1220 994; x_wconf 88' lang='lat' dir='ltr'>non</span> <span class='ocrx_word' id='word_1_50' title='bbox 1235 930 1370 1014; x_wconf 85' lang='lat' dir='ltr'>amplius</span> 
     </span>
     <span class='ocr_line' id='line_1_6' title="bbox 256 1037 1369 1120; baseline -0.004 -17"><span class='ocrx_word' id='word_1_51' title='bbox 256 1079 259 1086; x_wconf 94' lang='lat'>·</span> <span class='ocrx_word' id='word_1_52' title='bbox 285 1041 488 1120; x_wconf 85' lang='lat' dir='ltr'>delectantur,</span> <span class='ocrx_word' id='word_1_53' title='bbox 501 1041 616 1114; x_wconf 81' lang='lat' dir='ltr'>dicunt,</span> <span class='ocrx_word' id='word_1_54' title='bbox 632 1040 705 1104; x_wconf 90' lang='lat' dir='ltr'>Non</span> <span class='ocrx_word' id='word_1_55' title='bbox 716 1041 795 1104; x_wconf 87' lang='lat' dir='ltr'>ultra</span> <span class='ocrx_word' id='word_1_56' title='bbox 811 1041 914 1104; x_wconf 85' lang='lat' dir='ltr'>indam</span> <span class='ocrx_word' id='word_1_57' title='bbox 925 1063 932 1100; x_wconf 77' lang='grc' dir='ltr'><strong>ε</strong></span> <span class='ocrx_word' id='word_1_58' title='bbox 945 1041 989 1104; x_wconf 91' lang='lat' dir='ltr'>sic</span> <span class='ocrx_word' id='word_1_59' title='bbox 1002 1054 1051 1117; x_wconf 86' lang='lat' dir='ltr'>tu,</span> <span class='ocrx_word' id='word_1_60' title='bbox 1070 1061 1164 1120; x_wconf 87' lang='lat' dir='ltr'>qnnm</span> <span class='ocrx_word' id='word_1_61' title='bbox 1177 1037 1250 1100; x_wconf 86' lang='lat' dir='ltr'>talia</span> <span class='ocrx_word' id='word_1_62' title='bbox 1265 1037 1369 1118; x_wconf 83' lang='lat' dir='ltr'>aliqua</span> 
     </span>
     <span class='ocr_line' id='line_1_7' title="bbox 286 1142 1371 1231; baseline -0.004 -23"><span class='ocrx_word' id='word_1_63' title='bbox 286 1147 484 1226; x_wconf 82' lang='lat' dir='ltr'>videbuntur,</span> <span class='ocrx_word' id='word_1_64' title='bbox 501 1149 566 1226; x_wconf 82' lang='lat' dir='ltr'>dic,</span> <span class='ocrx_word' id='word_1_65' title='bbox 581 1147 655 1210; x_wconf 88' lang='lat' dir='ltr'>Non</span> <span class='ocrx_word' id='word_1_66' title='bbox 670 1150 733 1231; x_wconf 88' lang='lat' dir='ltr'>jam</span> <span class='ocrx_word' id='word_1_67' title='bbox 746 1149 868 1219; x_wconf 81' lang='lat' dir='ltr'>ludam,</span> <span class='ocrx_word' id='word_1_68' title='bbox 885 1161 915 1210; x_wconf 89' lang='lat' dir='ltr'>et</span> <span class='ocrx_word' id='word_1_69' title='bbox 929 1147 1048 1210; x_wconf 79' lang='lat' dir='ltr'>desiste.</span> <span class='ocrx_word' id='word_1_70' title='bbox 1065 1173 1079 1200; x_wconf 70' lang='grc' dir='ltr'>ιι</span> <span class='ocrx_word' id='word_1_71' title='bbox 1097 1143 1135 1223; x_wconf 96' lang='lat' dir='ltr'>(l</span> <span class='ocrx_word' id='word_1_72' title='bbox 1149 1142 1234 1206; x_wconf 84' lang='lat' dir='ltr'>Dias.</span> <span class='ocrx_word' id='word_1_73' title='bbox 1248 1165 1276 1207; x_wconf 88' lang='lat' dir='ltr'>e.</span> <span class='ocrx_word' id='word_1_74' title='bbox 1296 1142 1371 1220; x_wconf 70' lang='lat' dir='ltr'>ad.)</span> 
     </span>
     <span class='ocr_line' id='line_1_8' title="bbox 288 1249 1372 1332; baseline -0.006 -16"><span class='ocrx_word' id='word_1_75' title='bbox 288 1253 423 1318; x_wconf 85' lang='lat' dir='ltr'>Jannanr</span> <span class='ocrx_word' id='word_1_76' title='bbox 445 1255 523 1319; x_wconf 83' lang='lat' dir='ltr'>dixi?</span> <span class='ocrx_word' id='word_1_77' title='bbox 540 1254 601 1330; x_wconf 84' lang='lat' dir='ltr'>iata</span> <span class='ocrx_word' id='word_1_78' title='bbox 616 1256 679 1317; x_wconf 89' lang='lat' dir='ltr'>imo</span> <span class='ocrx_word' id='word_1_79' title='bbox 701 1257 752 1318; x_wconf 69' lang='lat' dir='ltr'>vta</span> <span class='ocrx_word' id='word_1_80' title='bbox 768 1268 822 1318; x_wconf 86' lang='lat' dir='ltr'>est.</span> <span class='ocrx_word' id='word_1_81' title='bbox 839 1252 951 1317; x_wconf 75' lang='lat' dir='ltr'><strong>Statius</strong></span> <span class='ocrx_word' id='word_1_82' title='bbox 964 1255 1003 1316; x_wconf 85' lang='lat' dir='ltr'>ad</span> <span class='ocrx_word' id='word_1_83' title='bbox 1017 1251 1225 1316; x_wconf 81' lang='lat' dir='ltr'>Hemonidem</span> <span class='ocrx_word' id='word_1_84' title='bbox 1241 1295 1250 1326; x_wconf 79' lang='grc'><em>,</em></span> <span class='ocrx_word' id='word_1_85' title='bbox 1267 1251 1321 1332; x_wconf 87' lang='lat' dir='ltr'>qui</span> <span class='ocrx_word' id='word_1_86' title='bbox 1339 1249 1372 1309; x_wconf 90' lang='lat' dir='ltr'>in</span> 
     </span>
     <span class='ocr_line' id='line_1_9' title="bbox 291 1360 779 1426; baseline -0.004 -2"><span class='ocrx_word' id='word_1_87' title='bbox 291 1383 345 1424; x_wconf 88' lang='lat' dir='ltr'>ore</span> <span class='ocrx_word' id='word_1_88' title='bbox 359 1360 495 1426; x_wconf 81' lang='lat' dir='ltr'>Eteoclis</span> <span class='ocrx_word' id='word_1_89' title='bbox 511 1383 544 1425; x_wconf 87' lang='lat' dir='ltr'>se</span> <span class='ocrx_word' id='word_1_90' title='bbox 560 1361 753 1426; x_wconf 75' lang='lat' dir='ltr'>interfecerat</span> <span class='ocrx_word' id='word_1_91' title='bbox 772 1385 779 1422; x_wconf 90' lang='lat'><strong>:</strong></span> 
     </span>
    </p>
   </div>
   <div class='ocr_carea' id='block_1_3' title="bbox 452 1491 1149 1658">
    <p class='ocr_par' dir='ltr' id='par_1_3' title="bbox 452 1491 1149 1658">
     <span class='ocr_line' id='line_1_10' title="bbox 452 1491 1149 1564; baseline -0.001 -20"><span class='ocrx_word' id='word_1_92' title='bbox 452 1491 493 1544; x_wconf 84' lang='lat' dir='ltr'>Tu</span> <span class='ocrx_word' id='word_1_93' title='bbox 504 1504 589 1544; x_wconf 75' lang='lat' dir='ltr'>umen</span> <span class='ocrx_word' id='word_1_94' title='bbox 601 1491 717 1564; x_wconf 69' lang='lat' dir='ltr'>egregins</span> <span class='ocrx_word' id='word_1_95' title='bbox 728 1492 775 1545; x_wconf 71' lang='lat' dir='ltr'>tati</span> <span class='ocrx_word' id='word_1_96' title='bbox 785 1529 793 1558; x_wconf 85' lang='lat'><em>,</em></span> <span class='ocrx_word' id='word_1_97' title='bbox 805 1491 961 1564; x_wconf 79' lang='lat' dir='ltr'>mentisque,</span> <span class='ocrx_word' id='word_1_98' title='bbox 974 1512 1022 1546; x_wconf 89' lang='lat' dir='ltr'>nec</span> <span class='ocrx_word' id='word_1_99' title='bbox 1035 1511 1149 1562; x_wconf 85' lang='lat' dir='ltr'>unquam</span> 
     </span>
     <span class='ocr_line' id='line_1_11' title="bbox 455 1583 1087 1658; baseline 0.002 -23"><span class='ocrx_word' id='word_1_100' title='bbox 455 1583 595 1656; x_wconf 77' lang='lat' dir='ltr'>indignum</span> <span class='ocrx_word' id='word_1_101' title='bbox 608 1603 709 1658; x_wconf 80' lang='lat' dir='ltr'>patrare</span> <span class='ocrx_word' id='word_1_102' title='bbox 718 1584 813 1648; x_wconf 85' lang='lat' dir='ltr'>aitnm;</span> <span class='ocrx_word' id='word_1_103' title='bbox 827 1584 873 1656; x_wconf 84' lang='lat' dir='ltr'>qni</span> <span class='ocrx_word' id='word_1_104' title='bbox 885 1584 1002 1638; x_wconf 75' lang='lat' dir='ltr'>cominus</span> <span class='ocrx_word' id='word_1_105' title='bbox 1014 1603 1087 1638; x_wconf 81' lang='lat' dir='ltr'>anans</span> 
     </span>
    </p>
   </div>
   <div class='ocr_carea' id='block_1_4' title="bbox 314 1674 1149 1848">
    <p class='ocr_par' dir='ltr' id='par_1_4' title="bbox 314 1674 1149 1848">
     <span class='ocr_line' id='line_1_12' title="bbox 314 1674 1149 1750; baseline -0.001 -23"><span class='ocrx_word' id='word_1_106' title='bbox 314 1733 319 1742; x_wconf 38' lang='lat'>¹</span> <span class='ocrx_word' id='word_1_107' title='bbox 449 1674 550 1728; x_wconf 81' lang='lat' dir='ltr'>Vadere</span> <span class='ocrx_word' id='word_1_108' title='bbox 561 1689 736 1750; x_wconf 81' lang='lat' dir='ltr'>contemptam</span> <span class='ocrx_word' id='word_1_109' title='bbox 749 1675 832 1750; x_wconf 65' lang='lat' dir='ltr'>regin</span> <span class='ocrx_word' id='word_1_110' title='bbox 845 1695 943 1748; x_wconf 84' lang='lat' dir='ltr'>quaque</span> <span class='ocrx_word' id='word_1_111' title='bbox 955 1675 1039 1749; x_wconf 84' lang='lat' dir='ltr'>ampia</span> <span class='ocrx_word' id='word_1_112' title='bbox 1052 1674 1149 1729; x_wconf 81' lang='lat' dir='ltr'>veniret</span> 
     </span>
     <span class='ocr_line' id='line_1_13' title="bbox 316 1761 1056 1848; baseline 0.001 -33"><span class='ocrx_word' id='word_1_113' title='bbox 316 1825 319 1848; x_wconf 55' lang='grc'>1</span> <span class='ocrx_word' id='word_1_114' title='bbox 450 1761 581 1827; x_wconf 78' lang='lat' dir='ltr'>Libertas,</span> <span class='ocrx_word' id='word_1_115' title='bbox 593 1761 690 1816; x_wconf 75' lang='lat' dir='ltr'>sancire</span> <span class='ocrx_word' id='word_1_116' title='bbox 702 1761 779 1814; x_wconf 83' lang='lat' dir='ltr'>viam.</span> <span class='ocrx_word' id='word_1_117' title='bbox 792 1763 802 1828; x_wconf 94' lang='lat'>(</span> <span class='ocrx_word' id='word_1_118' title='bbox 815 1761 870 1814; x_wconf 87' lang='lat' dir='ltr'>Lib.</span> <span class='ocrx_word' id='word_1_119' title='bbox 882 1762 931 1827; x_wconf 91' lang='lat' dir='ltr'>ltt,</span> <span class='ocrx_word' id='word_1_120' title='bbox 943 1763 1056 1835; x_wconf 73' lang='lat' dir='ltr'>pptqq·)</span> 
     </span>
    </p>
   </div>
   <div class='ocr_carea' id='block_1_5' title="bbox 286 1877 1377 3401">
    <p class='ocr_par' dir='ltr' id='par_1_5' title="bbox 286 1877 1377 2926">
     <span class='ocr_line' id='line_1_14' title="bbox 286 1877 1374 1964; baseline -0.001 -23"><span class='ocrx_word' id='word_1_121' title='bbox 286 1877 345 1942; x_wconf 78' lang='lat' dir='ltr'>vis</span> <span class='ocrx_word' id='word_1_122' title='bbox 360 1880 464 1942; x_wconf 82' lang='lat' dir='ltr'>videre</span> <span class='ocrx_word' id='word_1_123' title='bbox 478 1901 570 1964; x_wconf 89' lang='lat' dir='ltr'>qnam</span> <span class='ocrx_word' id='word_1_124' title='bbox 584 1881 671 1942; x_wconf 85' lang='lat' dir='ltr'>lata?</span> <span class='ocrx_word' id='word_1_125' title='bbox 693 1907 708 1934; x_wconf 77' lang='grc' dir='ltr'>«ι</span> <span class='ocrx_word' id='word_1_126' title='bbox 721 1878 923 1962; x_wconf 86' lang='lat' dir='ltr'>Quocumque</span> <span class='ocrx_word' id='word_1_127' title='bbox 941 1880 1132 1964; x_wconf 80' lang='lat' dir='ltr'>respexeris,</span> <span class='ocrx_word' id='word_1_128' title='bbox 1154 1879 1197 1941; x_wconf 90' lang='lat' dir='ltr'>ibi</span> <span class='ocrx_word' id='word_1_129' title='bbox 1215 1878 1374 1940; x_wconf 88' lang='lat' dir='ltr'>malorum</span> 
     </span>
     <span class='ocr_line' id='line_1_15' title="bbox 288 1982 1377 2072; baseline -0.002 -24"><span class='ocrx_word' id='word_1_130' title='bbox 288 1986 357 2048; x_wconf 86' lang='lat' dir='ltr'>finis</span> <span class='ocrx_word' id='word_1_131' title='bbox 370 1999 425 2049; x_wconf 88' lang='lat' dir='ltr'>est.</span> <span class='ocrx_word' id='word_1_132' title='bbox 432 1984 529 2050; x_wconf 85' lang='lat' dir='ltr'>Vides</span> <span class='ocrx_word' id='word_1_133' title='bbox 543 1986 631 2049; x_wconf 90' lang='lat' dir='ltr'>illum</span> <span class='ocrx_word' id='word_1_134' title='bbox 641 1987 827 2070; x_wconf 87' lang='lat' dir='ltr'>praecipitem</span> <span class='ocrx_word' id='word_1_135' title='bbox 837 1986 961 2050; x_wconf 85' lang='lat' dir='ltr'>locum?</span> <span class='ocrx_word' id='word_1_136' title='bbox 982 1985 1104 2072; x_wconf 83' lang='lat' dir='ltr'>illacad</span> <span class='ocrx_word' id='word_1_137' title='bbox 1114 1982 1308 2047; x_wconf 74' lang='lat' dir='ltr'>Libertatem</span> <span class='ocrx_word' id='word_1_138' title='bbox 1323 1987 1377 2047; x_wconf 86' lang='lat' dir='ltr'>de-</span> 
     </span>
     <span class='ocr_line' id='line_1_16' title="bbox 289 2088 1376 2176; baseline -0.004 -20"><span class='ocrx_word' id='word_1_139' title='bbox 289 2093 448 2157; x_wconf 81' lang='lat' dir='ltr'>recuditur.</span> <span class='ocrx_word' id='word_1_140' title='bbox 462 2092 559 2155; x_wconf 84' lang='lat' dir='ltr'>Vides</span> <span class='ocrx_word' id='word_1_141' title='bbox 575 2093 650 2156; x_wconf 86' lang='lat' dir='ltr'>iliud</span> <span class='ocrx_word' id='word_1_142' title='bbox 660 2115 757 2171; x_wconf 83' lang='lat' dir='ltr'>mare,</span> <span class='ocrx_word' id='word_1_143' title='bbox 772 2093 847 2155; x_wconf 88' lang='lat' dir='ltr'>illud</span> <span class='ocrx_word' id='word_1_144' title='bbox 862 2091 986 2170; x_wconf 82' lang='lat' dir='ltr'>flumen,</span> <span class='ocrx_word' id='word_1_145' title='bbox 999 2093 1086 2155; x_wconf 87' lang='lat' dir='ltr'>illum</span> <span class='ocrx_word' id='word_1_146' title='bbox 1098 2091 1245 2176; x_wconf 82' lang='lat' dir='ltr'>puteum?</span> <span class='ocrx_word' id='word_1_147' title='bbox 1261 2088 1376 2152; x_wconf 90' lang='lat' dir='ltr'>Liber-</span> 
     </span>
     <span class='ocr_line' id='line_1_17' title="bbox 287 2197 1373 2274; baseline -0.004 -12"><span class='ocrx_word' id='word_1_148' title='bbox 287 2215 333 2263; x_wconf 89' lang='lat' dir='ltr'>tas</span> <span class='ocrx_word' id='word_1_149' title='bbox 346 2200 409 2262; x_wconf 87' lang='lat' dir='ltr'>iliic</span> <span class='ocrx_word' id='word_1_150' title='bbox 423 2201 454 2261; x_wconf 92' lang='lat' dir='ltr'>in</span> <span class='ocrx_word' id='word_1_151' title='bbox 469 2200 532 2262; x_wconf 90' lang='lat' dir='ltr'>imo</span> <span class='ocrx_word' id='word_1_152' title='bbox 548 2200 642 2262; x_wconf 88' lang='lat' dir='ltr'>sedet.</span> <span class='ocrx_word' id='word_1_153' title='bbox 652 2199 749 2262; x_wconf 85' lang='lat' dir='ltr'>Vides</span> <span class='ocrx_word' id='word_1_154' title='bbox 758 2199 844 2262; x_wconf 86' lang='lat' dir='ltr'>illam</span> <span class='ocrx_word' id='word_1_155' title='bbox 854 2198 999 2262; x_wconf 85' lang='lat' dir='ltr'>arborem</span> <span class='ocrx_word' id='word_1_156' title='bbox 1007 2198 1153 2274; x_wconf 83' lang='lat' dir='ltr'>brevem,</span> <span class='ocrx_word' id='word_1_157' title='bbox 1167 2197 1373 2272; x_wconf 78' lang='lat' dir='ltr'>retorridam,</span> 
     </span>
     <span class='ocr_line' id='line_1_18' title="bbox 287 2303 1376 2389; baseline -0.005 -20"><span class='ocrx_word' id='word_1_158' title='bbox 287 2306 466 2372; x_wconf 80' lang='lat' dir='ltr'>infelicem?</span> <span class='ocrx_word' id='word_1_159' title='bbox 489 2308 600 2389; x_wconf 85' lang='lat' dir='ltr'>pendet</span> <span class='ocrx_word' id='word_1_160' title='bbox 620 2306 690 2368; x_wconf 90' lang='lat' dir='ltr'>inde</span> <span class='ocrx_word' id='word_1_161' title='bbox 708 2303 859 2368; x_wconf 78' lang='lat' dir='ltr'>Libertas.</span> <span class='ocrx_word' id='word_1_162' title='bbox 883 2303 979 2367; x_wconf 88' lang='lat' dir='ltr'>Vides</span> <span class='ocrx_word' id='word_1_163' title='bbox 996 2305 1133 2389; x_wconf 78' lang='lat' dir='ltr'>jugulum</span> <span class='ocrx_word' id='word_1_164' title='bbox 1147 2315 1254 2380; x_wconf 79' lang='lat' dir='ltr'>tunm,</span> <span class='ocrx_word' id='word_1_165' title='bbox 1270 2316 1376 2386; x_wconf 84' lang='lat' dir='ltr'>guttur</span> 
     </span>
     <span class='ocr_line' id='line_1_19' title="bbox 289 2409 1374 2497; baseline -0.002 -23"><span class='ocrx_word' id='word_1_166' title='bbox 289 2427 396 2490; x_wconf 87' lang='lat' dir='ltr'>tunm,</span> <span class='ocrx_word' id='word_1_167' title='bbox 412 2433 466 2476; x_wconf 89' lang='lat' dir='ltr'>cor</span> <span class='ocrx_word' id='word_1_168' title='bbox 482 2413 589 2475; x_wconf 88' lang='lat' dir='ltr'>tuum?</span> <span class='ocrx_word' id='word_1_169' title='bbox 605 2412 716 2497; x_wconf 76' lang='lat' dir='ltr'>effugia</span> <span class='ocrx_word' id='word_1_170' title='bbox 730 2409 889 2476; x_wconf 82' lang='lat' dir='ltr'>Scrritntis</span> <span class='ocrx_word' id='word_1_171' title='bbox 905 2425 982 2474; x_wconf 86' lang='lat' dir='ltr'>sunt.</span> <span class='ocrx_word' id='word_1_172' title='bbox 1000 2411 1102 2474; x_wconf 88' lang='lat' dir='ltr'>Nimis</span> <span class='ocrx_word' id='word_1_173' title='bbox 1113 2411 1210 2488; x_wconf 82' lang='lat' dir='ltr'>mihi,</span> <span class='ocrx_word' id='word_1_174' title='bbox 1233 2411 1374 2492; x_wconf 78' lang='lat' dir='ltr'>inquies.</span> 
     </span>
     <span class='ocr_line' id='line_1_20' title="bbox 291 2517 1377 2602; baseline -0.004 -22"><span class='ocrx_word' id='word_1_175' title='bbox 291 2539 439 2602; x_wconf 85' lang='lat' dir='ltr'>operosos</span> <span class='ocrx_word' id='word_1_176' title='bbox 450 2519 545 2582; x_wconf 88' lang='lat' dir='ltr'>exitus</span> <span class='ocrx_word' id='word_1_177' title='bbox 555 2532 724 2597; x_wconf 83' lang='lat' dir='ltr'>monstras,</span> <span class='ocrx_word' id='word_1_178' title='bbox 740 2532 770 2580; x_wconf 90' lang='lat' dir='ltr'>et</span> <span class='ocrx_word' id='word_1_179' title='bbox 783 2518 913 2580; x_wconf 87' lang='lat' dir='ltr'>multum</span> <span class='ocrx_word' id='word_1_180' title='bbox 924 2518 1018 2580; x_wconf 89' lang='lat' dir='ltr'>animi</span> <span class='ocrx_word' id='word_1_181' title='bbox 1028 2538 1064 2581; x_wconf 91' lang='lat' dir='ltr'>ac</span> <span class='ocrx_word' id='word_1_182' title='bbox 1075 2517 1197 2580; x_wconf 87' lang='lat' dir='ltr'>roboris</span> <span class='ocrx_word' id='word_1_183' title='bbox 1208 2517 1377 2600; x_wconf 85' lang='lat' dir='ltr'>exigentes.</span> 
     </span>
     <span class='ocr_line' id='line_1_21' title="bbox 291 2621 1377 2709; baseline -0.003 -22"><span class='ocrx_word' id='word_1_184' title='bbox 291 2624 410 2707; x_wconf 81' lang='lat' dir='ltr'>Quaeris</span> <span class='ocrx_word' id='word_1_185' title='bbox 422 2625 529 2709; x_wconf 80' lang='lat' dir='ltr'>igitur,</span> <span class='ocrx_word' id='word_1_186' title='bbox 547 2628 629 2706; x_wconf 87' lang='lat' dir='ltr'>qnod</span> <span class='ocrx_word' id='word_1_187' title='bbox 642 2626 681 2688; x_wconf 93' lang='lat' dir='ltr'>sit</span> <span class='ocrx_word' id='word_1_188' title='bbox 694 2628 732 2688; x_wconf 88' lang='lat' dir='ltr'>ad</span> <span class='ocrx_word' id='word_1_189' title='bbox 746 2621 933 2688; x_wconf 77' lang='lat' dir='ltr'>Libertatem</span> <span class='ocrx_word' id='word_1_190' title='bbox 945 2624 1023 2686; x_wconf 82' lang='lat' dir='ltr'>iter?</span> <span class='ocrx_word' id='word_1_191' title='bbox 1036 2621 1188 2704; x_wconf 83' lang='lat' dir='ltr'>Quaelibet</span> <span class='ocrx_word' id='word_1_192' title='bbox 1199 2623 1231 2684; x_wconf 91' lang='lat' dir='ltr'>in</span> <span class='ocrx_word' id='word_1_193' title='bbox 1242 2645 1377 2706; x_wconf 85' lang='lat' dir='ltr'>corpore</span> 
     </span>
     <span class='ocr_line' id='line_1_22' title="bbox 290 2727 1371 2816; baseline -0.004 -22"><span class='ocrx_word' id='word_1_194' title='bbox 290 2747 343 2796; x_wconf 88' lang='lat' dir='ltr'>tuo</span> <span class='ocrx_word' id='word_1_195' title='bbox 357 2755 444 2796; x_wconf 83' lang='lat' dir='ltr'>vena.</span> <span class='ocrx_word' id='word_1_196' title='bbox 459 2761 474 2788; x_wconf 76' lang='grc' dir='ltr'><strong>υ</strong></span> <span class='ocrx_word' id='word_1_197' title='bbox 491 2731 582 2813; x_wconf 90' lang='lat' dir='ltr'>(Sen.</span> <span class='ocrx_word' id='word_1_198' title='bbox 597 2731 724 2810; x_wconf 79' lang='lat' dir='ltr'>Beira,</span> <span class='ocrx_word' id='word_1_199' title='bbox 741 2731 807 2810; x_wconf 89' lang='lat' dir='ltr'>tlt,</span> <span class='ocrx_word' id='word_1_200' title='bbox 824 2753 889 2816; x_wconf 86' lang='lat' dir='ltr'>cap.</span> <span class='ocrx_word' id='word_1_201' title='bbox 907 2727 1159 2815; x_wconf 77' lang='lat' dir='ltr'>15.)01tmitem</span> <span class='ocrx_word' id='word_1_202' title='bbox 1173 2751 1247 2794; x_wconf 83' lang='lat' dir='ltr'>vere</span> <span class='ocrx_word' id='word_1_203' title='bbox 1259 2729 1371 2804; x_wconf 84' lang='lat' dir='ltr'>latum,</span> 
     </span>
     <span class='ocr_line' id='line_1_23' title="bbox 287 2823 982 2926; baseline -0.007 -23"><span class='ocrx_word' id='word_1_204' title='bbox 287 2843 324 2903; x_wconf 89' lang='lat' dir='ltr'>&#39;et</span> <span class='ocrx_word' id='word_1_205' title='bbox 337 2862 441 2926; x_wconf 64' lang='lat' dir='ltr'>paenet</span> <span class='ocrx_word' id='word_1_206' title='bbox 457 2823 600 2924; x_wconf 88' lang='lat' dir='ltr'>quidquid</span> <span class='ocrx_word' id='word_1_207' title='bbox 614 2842 646 2902; x_wconf 91' lang='lat' dir='ltr'>in</span> <span class='ocrx_word' id='word_1_208' title='bbox 663 2839 755 2917; x_wconf 80' lang='lat' dir='ltr'>orbe,</span> <span class='ocrx_word' id='word_1_209' title='bbox 771 2838 982 2923; x_wconf 86' lang='lat' dir='ltr'>complexum!</span> 
     </span>
    </p>

    <p class='ocr_par' dir='ltr' id='par_1_6' title="bbox 490 2962 956 3040">
     <span class='ocr_line' id='line_1_24' title="bbox 490 2962 956 3040; baseline -0.004 -22"><span class='ocrx_word' id='word_1_210' title='bbox 490 2965 541 3018; x_wconf 81' lang='lat' dir='ltr'>Hie</span> <span class='ocrx_word' id='word_1_211' title='bbox 553 2963 603 3018; x_wconf 79' lang='lat' dir='ltr'>alta</span> <span class='ocrx_word' id='word_1_212' title='bbox 613 2984 686 3040; x_wconf 84' lang='lat' dir='ltr'>rupes</span> <span class='ocrx_word' id='word_1_213' title='bbox 698 2964 778 3018; x_wconf 84' lang='lat' dir='ltr'>ardno</span> <span class='ocrx_word' id='word_1_214' title='bbox 788 2965 867 3037; x_wconf 79' lang='lat' dir='ltr'>surgit</span> <span class='ocrx_word' id='word_1_215' title='bbox 878 2962 938 3036; x_wconf 82' lang='lat' dir='ltr'><strong>jugo</strong></span> <span class='ocrx_word' id='word_1_216' title='bbox 949 3001 956 3028; x_wconf 86' lang='grc'>,</span> 
     </span>
    </p>

    <p class='ocr_par' dir='ltr' id='par_1_7' title="bbox 493 3053 1038 3128">
     <span class='ocr_line' id='line_1_25' title="bbox 493 3053 1038 3128; baseline -0.004 -20"><span class='ocrx_word' id='word_1_217' title='bbox 493 3057 643 3128; x_wconf 74' lang='lat' dir='ltr'>spectatque</span> <span class='ocrx_word' id='word_1_218' title='bbox 654 3053 731 3126; x_wconf 76' lang='lat' dir='ltr'>longe</span> <span class='ocrx_word' id='word_1_219' title='bbox 740 3054 819 3126; x_wconf 79' lang='lat' dir='ltr'>spatia</span> <span class='ocrx_word' id='word_1_220' title='bbox 831 3053 936 3126; x_wconf 80' lang='lat' dir='ltr'>subjecti</span> <span class='ocrx_word' id='word_1_221' title='bbox 947 3054 1038 3106; x_wconf 79' lang='lat' dir='ltr'>maris:</span> 
     </span>
    </p>

    <p class='ocr_par' dir='ltr' id='par_1_8' title="bbox 493 3143 1104 3219">
     <span class='ocr_line' id='line_1_26' title="bbox 493 3143 1104 3219; baseline 0 -23"><span class='ocrx_word' id='word_1_222' title='bbox 493 3145 540 3197; x_wconf 80' lang='lat' dir='ltr'>Via</span> <span class='ocrx_word' id='word_1_223' title='bbox 551 3145 617 3198; x_wconf 83' lang='lat' dir='ltr'>banc</span> <span class='ocrx_word' id='word_1_224' title='bbox 629 3143 762 3219; x_wconf 82' lang='lat' dir='ltr'>petamus?</span> <span class='ocrx_word' id='word_1_225' title='bbox 775 3143 858 3196; x_wconf 86' lang='lat' dir='ltr'>nudus</span> <span class='ocrx_word' id='word_1_226' title='bbox 870 3143 912 3197; x_wconf 86' lang='lat' dir='ltr'>hic</span> <span class='ocrx_word' id='word_1_227' title='bbox 926 3145 1018 3216; x_wconf 83' lang='lat' dir='ltr'>pendet</span> <span class='ocrx_word' id='word_1_228' title='bbox 1028 3143 1104 3208; x_wconf 81' lang='lat' dir='ltr'>silex,</span> 
     </span>
    </p>

    <p class='ocr_par' dir='ltr' id='par_1_9' title="bbox 493 3233 1015 3309">
     <span class='ocr_line' id='line_1_27' title="bbox 493 3233 1015 3309; baseline -0.006 -20"><span class='ocrx_word' id='word_1_229' title='bbox 493 3237 543 3289; x_wconf 82' lang='lat' dir='ltr'>Hic</span> <span class='ocrx_word' id='word_1_230' title='bbox 554 3233 714 3289; x_wconf 72' lang='lat' dir='ltr'>scissa&#39;tellus</span> <span class='ocrx_word' id='word_1_231' title='bbox 726 3235 840 3290; x_wconf 74' lang='lat' dir='ltr'>saucibus</span> <span class='ocrx_word' id='word_1_232' title='bbox 852 3235 931 3309; x_wconf 83' lang='lat' dir='ltr'>ruptis</span> <span class='ocrx_word' id='word_1_233' title='bbox 945 3235 1015 3288; x_wconf 85' lang='lat' dir='ltr'>hiat:</span> 
     </span>
    </p>

    <p class='ocr_par' dir='ltr' id='par_1_10' title="bbox 496 3325 1105 3401">
     <span class='ocr_line' id='line_1_28' title="bbox 496 3325 1105 3401; baseline -0.002 -23"><span class='ocrx_word' id='word_1_234' title='bbox 496 3325 541 3378; x_wconf 83' lang='lat' dir='ltr'>vis</span> <span class='ocrx_word' id='word_1_235' title='bbox 553 3325 618 3379; x_wconf 79' lang='lat' dir='ltr'>banc</span> <span class='ocrx_word' id='word_1_236' title='bbox 629 3340 742 3399; x_wconf 81' lang='lat' dir='ltr'>petamus</span> <span class='ocrx_word' id='word_1_237' title='bbox 749 3325 768 3378; x_wconf 68' lang='grc' dir='ltr'>ἲ·</span> <span class='ocrx_word' id='word_1_238' title='bbox 774 3326 817 3378; x_wconf 89' lang='lat' dir='ltr'>hic</span> <span class='ocrx_word' id='word_1_239' title='bbox 828 3345 902 3401; x_wconf 77' lang='lat' dir='ltr'>rapax</span> <span class='ocrx_word' id='word_1_240' title='bbox 914 3339 1012 3378; x_wconf 84' lang='lat' dir='ltr'>torrens</span> <span class='ocrx_word' id='word_1_241' title='bbox 1019 3325 1086 3380; x_wconf 83' lang='lat' dir='ltr'>cadit</span> <span class='ocrx_word' id='word_1_242' title='bbox 1096 3365 1105 3394; x_wconf 84' lang='lat'>‚</span> 
     </span>
    </p>
   </div>
   <div class='ocr_carea' id='block_1_6' title="bbox 493 3415 992 3562">
    <p class='ocr_par' dir='ltr' id='par_1_11' title="bbox 493 3415 992 3562">
     <span class='ocr_line' id='line_1_29' title="bbox 493 3415 992 3490; baseline -0.004 -20"><span class='ocrx_word' id='word_1_243' title='bbox 493 3417 630 3488; x_wconf 82' lang='lat' dir='ltr'>Parteaque</span> <span class='ocrx_word' id='word_1_244' title='bbox 641 3417 705 3490; x_wconf 83' lang='lat' dir='ltr'>lapsi</span> <span class='ocrx_word' id='word_1_245' title='bbox 714 3415 808 3470; x_wconf 87' lang='lat' dir='ltr'>montis</span> <span class='ocrx_word' id='word_1_246' title='bbox 818 3435 899 3470; x_wconf 79' lang='lat' dir='ltr'>exesas</span> <span class='ocrx_word' id='word_1_247' title='bbox 909 3429 973 3470; x_wconf 87' lang='lat' dir='ltr'>rotat</span> <span class='ocrx_word' id='word_1_248' title='bbox 986 3435 992 3468; x_wconf 90' lang='lat'>:</span> 
     </span>
     <span class='ocr_line' id='line_1_30' title="bbox 494 3507 729 3562; baseline 0.004 -2"><span class='ocrx_word' id='word_1_249' title='bbox 494 3509 525 3560; x_wconf 87' lang='lat' dir='ltr'>ln</span> <span class='ocrx_word' id='word_1_250' title='bbox 536 3507 605 3560; x_wconf 84' lang='lat' dir='ltr'>bunc</span> <span class='ocrx_word' id='word_1_251' title='bbox 619 3526 729 3562; x_wconf 80' lang='lat' dir='ltr'>ruamus.</span> 
     </span>
    </p>
   </div>
   <div class='ocr_carea' id='block_1_7' title="bbox 298 3626 1385 3926">
    <p class='ocr_par' dir='ltr' id='par_1_12' title="bbox 298 3626 1385 3926">
     <span class='ocr_line' id='line_1_31' title="bbox 298 3626 1384 3712; baseline 0.006 -23"><span class='ocrx_word' id='word_1_252' title='bbox 298 3626 340 3689; x_wconf 89' lang='lat' dir='ltr'>Et</span> <span class='ocrx_word' id='word_1_253' title='bbox 352 3629 440 3712; x_wconf 81' lang='lat' dir='ltr'>pinta</span> <span class='ocrx_word' id='word_1_254' title='bbox 454 3629 519 3706; x_wconf 84' lang='lat' dir='ltr'>dic,</span> <span class='ocrx_word' id='word_1_255' title='bbox 536 3651 598 3691; x_wconf 92' lang='lat' dir='ltr'>non</span> <span class='ocrx_word' id='word_1_256' title='bbox 614 3630 716 3692; x_wconf 87' lang='lat' dir='ltr'>omnia</span> <span class='ocrx_word' id='word_1_257' title='bbox 730 3632 768 3692; x_wconf 84' lang='lat' dir='ltr'>ad</span> <span class='ocrx_word' id='word_1_258' title='bbox 785 3631 896 3692; x_wconf 86' lang='lat' dir='ltr'>exitum</span> <span class='ocrx_word' id='word_1_259' title='bbox 911 3631 1001 3694; x_wconf 87' lang='lat' dir='ltr'>dices.</span> <span class='ocrx_word' id='word_1_260' title='bbox 1017 3630 1121 3694; x_wconf 89' lang='lat' dir='ltr'>Unam</span> <span class='ocrx_word' id='word_1_261' title='bbox 1138 3633 1284 3697; x_wconf 89' lang='lat' dir='ltr'>nascendi</span> <span class='ocrx_word' id='word_1_262' title='bbox 1298 3635 1384 3695; x_wconf 85' lang='lat' dir='ltr'>viam</span> 
     </span>
     <span class='ocr_line' id='line_1_32' title="bbox 298 3735 1385 3823; baseline 0.004 -25"><span class='ocrx_word' id='word_1_263' title='bbox 298 3735 416 3798; x_wconf 88' lang='lat' dir='ltr'>Natura</span> <span class='ocrx_word' id='word_1_264' title='bbox 429 3737 530 3809; x_wconf 80' lang='lat' dir='ltr'>dedit,</span> <span class='ocrx_word' id='word_1_265' title='bbox 547 3736 633 3799; x_wconf 89' lang='lat' dir='ltr'>mille</span> <span class='ocrx_word' id='word_1_266' title='bbox 646 3735 806 3798; x_wconf 88' lang='lat' dir='ltr'>moriendi.</span> <span class='ocrx_word' id='word_1_267' title='bbox 821 3736 914 3820; x_wconf 86' lang='lat' dir='ltr'>igitur</span> <span class='ocrx_word' id='word_1_268' title='bbox 928 3737 1167 3820; x_wconf 83' lang='lat' dir='ltr'>unamaliquam</span> <span class='ocrx_word' id='word_1_269' title='bbox 1182 3739 1303 3823; x_wconf 82' lang='lat' dir='ltr'>ingredi</span> <span class='ocrx_word' id='word_1_270' title='bbox 1312 3763 1385 3802; x_wconf 85' lang='lat' dir='ltr'>sua·</span> 
     </span>
     <span class='ocr_line' id='line_1_33' title="bbox 299 3841 1384 3926; baseline 0.006 -23"><span class='ocrx_word' id='word_1_271' title='bbox 299 3844 388 3920; x_wconf 76' lang='lat' dir='ltr'>dcet,</span> <span class='ocrx_word' id='word_1_272' title='bbox 404 3844 456 3906; x_wconf 88' lang='lat' dir='ltr'>scd</span> <span class='ocrx_word' id='word_1_273' title='bbox 469 3843 595 3905; x_wconf 89' lang='lat' dir='ltr'>consilio</span> <span class='ocrx_word' id='word_1_274' title='bbox 606 3856 746 3905; x_wconf 87' lang='lat' dir='ltr'>etcausa.</span> <span class='ocrx_word' id='word_1_275' title='bbox 757 3841 840 3904; x_wconf 88' lang='lat' dir='ltr'>Nam</span> <span class='ocrx_word' id='word_1_276' title='bbox 855 3871 871 3894; x_wconf 72' lang='lat' dir='ltr'>«c</span> <span class='ocrx_word' id='word_1_277' title='bbox 887 3841 1017 3926; x_wconf 84' lang='lat' dir='ltr'>Sapiens</span> <span class='ocrx_word' id='word_1_278' title='bbox 1030 3845 1260 3926; x_wconf 82' lang='lat' dir='ltr'>vivitqnantnm</span> <span class='ocrx_word' id='word_1_279' title='bbox 1275 3845 1384 3918; x_wconf 73' lang='lat' dir='ltr'>debet,</span> 
     </span>
    </p>
   </div>
   <div class='ocr_carea' id='block_1_8' title="bbox 301 3947 1386 4136">
    <p class='ocr_par' dir='ltr' id='par_1_13' title="bbox 301 3947 1386 4136">
     <span class='ocr_line' id='line_1_34' title="bbox 301 3947 1386 4035; baseline 0.005 -25"><span class='ocrx_word' id='word_1_280' title='bbox 301 3970 363 4010; x_wconf 89' lang='lat' dir='ltr'>non</span> <span class='ocrx_word' id='word_1_281' title='bbox 377 3962 520 4030; x_wconf 86' lang='lat' dir='ltr'>quantum</span> <span class='ocrx_word' id='word_1_282' title='bbox 536 3961 644 4032; x_wconf 84' lang='lat' dir='ltr'>potest.</span> <span class='ocrx_word' id='word_1_283' title='bbox 656 3947 783 4010; x_wconf 88' lang='lat' dir='ltr'>Videbit</span> <span class='ocrx_word' id='word_1_284' title='bbox 796 3949 848 4010; x_wconf 91' lang='lat' dir='ltr'>nbi</span> <span class='ocrx_word' id='word_1_285' title='bbox 865 3950 996 4014; x_wconf 84' lang='lat' dir='ltr'>victurus</span> <span class='ocrx_word' id='word_1_286' title='bbox 1010 3952 1048 4012; x_wconf 92' lang='lat' dir='ltr'>sit</span> <span class='ocrx_word' id='word_1_287' title='bbox 1060 3997 1068 4028; x_wconf 81' lang='grc'><em>,</em></span> <span class='ocrx_word' id='word_1_288' title='bbox 1083 3973 1153 4014; x_wconf 87' lang='lat' dir='ltr'>cum</span> <span class='ocrx_word' id='word_1_289' title='bbox 1164 3951 1293 4033; x_wconf 82' lang='lat' dir='ltr'>quibus,</span> <span class='ocrx_word' id='word_1_290' title='bbox 1307 3975 1386 4035; x_wconf 83' lang='lat' dir='ltr'>qno-</span> 
     </span>
     <span class='ocr_line' id='line_1_35' title="bbox 302 4047 1386 4136; baseline 0.004 -24"><span class='ocrx_word' id='word_1_291' title='bbox 302 4052 411 4125; x_wconf 82' lang='lat' dir='ltr'>m0d0‚</span> <span class='ocrx_word' id='word_1_292' title='bbox 426 4051 498 4130; x_wconf 89' lang='lat' dir='ltr'>qnid</span> <span class='ocrx_word' id='word_1_293' title='bbox 511 4063 638 4112; x_wconf 88' lang='lat' dir='ltr'>acturus.</span> <span class='ocrx_word' id='word_1_294' title='bbox 655 4047 689 4110; x_wconf 83' lang='lat' dir='ltr'>si</span> <span class='ocrx_word' id='word_1_295' title='bbox 703 4049 797 4111; x_wconf 89' lang='lat' dir='ltr'>multa</span> <span class='ocrx_word' id='word_1_296' title='bbox 814 4066 976 4113; x_wconf 88' lang='lat' dir='ltr'>occurrunt</span> <span class='ocrx_word' id='word_1_297' title='bbox 995 4050 1141 4128; x_wconf 86' lang='lat' dir='ltr'>molesta,</span> <span class='ocrx_word' id='word_1_298' title='bbox 1158 4067 1189 4116; x_wconf 90' lang='lat' dir='ltr'>et</span> <span class='ocrx_word' id='word_1_299' title='bbox 1203 4055 1386 4136; x_wconf 85' lang='lat' dir='ltr'>tranquilli-</span> 
     </span>
    </p>
   </div>
   <div class='ocr_carea' id='block_1_9' title="bbox 244 4154 1390 4457">
    <p class='ocr_par' dir='ltr' id='par_1_14' title="bbox 244 4154 1390 4457">
     <span class='ocr_line' id='line_1_36' title="bbox 303 4154 1388 4231; baseline 0.006 -16"><span class='ocrx_word' id='word_1_300' title='bbox 303 4169 397 4216; x_wconf 87' lang='lat' dir='ltr'>tatem</span> <span class='ocrx_word' id='word_1_301' title='bbox 406 4154 575 4231; x_wconf 80' lang='lat' dir='ltr'>turbantia‚</span> <span class='ocrx_word' id='word_1_302' title='bbox 591 4155 699 4217; x_wconf 88' lang='lat' dir='ltr'>emittit</span> <span class='ocrx_word' id='word_1_303' title='bbox 711 4177 742 4217; x_wconf 88' lang='lat' dir='ltr'>se</span> <span class='ocrx_word' id='word_1_304' title='bbox 757 4179 764 4227; x_wconf 87' lang='lat'><strong>;</strong></span> <span class='ocrx_word' id='word_1_305' title='bbox 777 4177 834 4219; x_wconf 91' lang='lat' dir='ltr'>nec</span> <span class='ocrx_word' id='word_1_306' title='bbox 843 4155 902 4219; x_wconf 90' lang='lat' dir='ltr'>boc</span> <span class='ocrx_word' id='word_1_307' title='bbox 915 4171 1032 4220; x_wconf 88' lang='lat' dir='ltr'>tantum</span> <span class='ocrx_word' id='word_1_308' title='bbox 1042 4159 1074 4220; x_wconf 91' lang='lat' dir='ltr'>in</span> <span class='ocrx_word' id='word_1_309' title='bbox 1084 4160 1264 4222; x_wconf 87' lang='lat' dir='ltr'>necessitate</span> <span class='ocrx_word' id='word_1_310' title='bbox 1274 4161 1388 4222; x_wconf 88' lang='lat' dir='ltr'>ultima</span> 
     </span>
     <span class='ocr_line' id='line_1_37' title="bbox 244 4260 1388 4360; baseline 0.005 -39"><span class='ocrx_word' id='word_1_311' title='bbox 244 4339 253 4360; x_wconf 78' lang='lat'>.</span> <span class='ocrx_word' id='word_1_312' title='bbox 303 4260 390 4339; x_wconf 79' lang='lat' dir='ltr'>tacit,</span> <span class='ocrx_word' id='word_1_313' title='bbox 406 4261 458 4322; x_wconf 81' lang='lat' dir='ltr'>sed</span> <span class='ocrx_word' id='word_1_314' title='bbox 472 4282 564 4340; x_wconf 88' lang='lat' dir='ltr'>quum</span> <span class='ocrx_word' id='word_1_315' title='bbox 574 4261 896 4344; x_wconf 87' lang='lat' dir='ltr'>primumillicoeperit</span> <span class='ocrx_word' id='word_1_316' title='bbox 907 4277 1045 4348; x_wconf 84' lang='lat' dir='ltr'>suspecta</span> <span class='ocrx_word' id='word_1_317' title='bbox 1057 4285 1122 4327; x_wconf 85' lang='lat' dir='ltr'>esse</span> <span class='ocrx_word' id='word_1_318' title='bbox 1138 4263 1388 4330; x_wconf 88' lang='lat' dir='ltr'>Fortuna.Nibil</span> 
     </span>
     <span class='ocr_line' id='line_1_38' title="bbox 310 4366 1390 4457; baseline 0.006 -27"><span class='ocrx_word' id='word_1_319' title='bbox 310 4368 459 4434; x_wconf 81' lang='lat' dir='ltr'>existimat</span> <span class='ocrx_word' id='word_1_320' title='bbox 475 4386 529 4434; x_wconf 84' lang='lat' dir='ltr'>sua</span> <span class='ocrx_word' id='word_1_321' title='bbox 547 4366 683 4447; x_wconf 78' lang='lat' dir='ltr'>referre,</span> <span class='ocrx_word' id='word_1_322' title='bbox 698 4367 789 4434; x_wconf 81' lang='lat' dir='ltr'>saciat</span> <span class='ocrx_word' id='word_1_323' title='bbox 802 4369 895 4434; x_wconf 89' lang='lat' dir='ltr'>tinem</span> <span class='ocrx_word' id='word_1_324' title='bbox 911 4393 952 4434; x_wconf 90' lang='lat' dir='ltr'>an</span> <span class='ocrx_word' id='word_1_325' title='bbox 964 4373 1101 4456; x_wconf 83' lang='lat' dir='ltr'>accipiat.</span> <span class='ocrx_word' id='word_1_326' title='bbox 1117 4401 1133 4429; x_wconf 76' lang='grc' dir='ltr'><strong>υ</strong></span> <span class='ocrx_word' id='word_1_327' title='bbox 1150 4371 1276 4457; x_wconf 87' lang='lat' dir='ltr'>(Epist.</span> <span class='ocrx_word' id='word_1_328' title='bbox 1290 4377 1390 4454; x_wconf 82' lang='lat' dir='ltr'>m.)</span> 
     </span>
    </p>
   </div>
   <div class='ocr_carea' id='block_1_10' title="bbox 0 0 1473 4958">
    <p class='ocr_par' dir='ltr' id='par_1_15' title="bbox 0 0 1473 4958">
     <span class='ocr_line' id='line_1_39' title="bbox 0 0 1473 4958; baseline 0 0"><span class='ocrx_word' id='word_1_329' title='bbox 0 0 1473 4958; x_wconf 95' lang='lat' dir='ltr'> </span> 
     </span>
    </p>
   </div>
  </div>
 </body>
</html>
