2910 4954
342 416 497 484 crana
522 419 595 498 111,
623 418 735 484 oar.
762 419 871 486 xlx.
1078 421 1136 506 145

80 569 167 620 rum,
190 547 250 636 qui
274 547 442 638 porticum
461 569 482 612 a
508 547 583 638 ripa
606 560 756 638 separat,
781 545 1013 632 inambulans,
1036 571 1139 640 quoa·-

80 661 148 728 dam
163 683 205 728 ex
222 661 294 730 illis
312 686 390 729 cum
408 663 569 730 matronis
586 676 688 753 atque
701 660 778 728 aliis
794 661 1010 730 senatoribus
1023 663 1068 730 ad
1086 665 1141 734 lu-

79 799 208 843 cernam
228 773 425 843 decollarct.
447 774 543 866 Quid
556 775 704 844 instabat
716 779 731 844 l
743 775 836 868 quod
855 776 1064 868 periculum,
1085 797 1144 848 aut

80 892 261 984 privatum,
279 907 338 960 aut
355 891 531 983 publicum
545 887 613 961 unu
626 917 693 960 nox
710 893 903 962 minabatur
914 895 930 960 Ρ
941 896 1143 984 quantulum

81 1007 155 1088 brit,
173 1006 284 1074 lucem
298 1021 493 1098 exspectare
511 1006 678 1101 deniqne,
697 1033 742 1078 ne
762 1027 934 1080 senatores
950 1013 1070 1104 populi
1085 1039 1143 1081 ro-

79 1119 163 1186 mani
178 1118 325 1186 soleatus
342 1118 533 1188 occideret¹
550 1117 557 1185 !

122 1235 221 1300 XIX.
244 1234 357 1326 Quam
374 1221 530 1328 superbae
545 1237 649 1304 fuerit
668 1237 901 1322 crudelitatis,
922 1239 967 1308 ad
980 1265 1052 1310 rem
1066 1266 1145 1336 per·
1174 1265 1183 1297 ¹

78 1349 158 1416 tinet
186 1350 294 1432 scire3
324 1373 517 1442 quanquam
541 1351 703 1420 aberrare
725 1353 792 1422 alio
811 1379 987 1448 possumus
1007 1356 1141 1440 videri,

77 1476 108 1527 et
120 1463 155 1530 in
170 1461 306 1530 devium
319 1463 412 1532 exire
430 1491 436 1529 :
454 1463 515 1532 sed
529 1465 595 1532 hoc
607 1465 717 1557 ipsum
731 1491 810 1559 pars
824 1470 890 1536 erit
902 1469 962 1537 irae
976 1495 1078 1564 snper
1091 1497 1144 1546 so-

77 1575 131 1642 litu
148 1578 330 1646 saevientis.
349 1577 529 1648 Ceciderat
548 1579 691 1673 flagellis
708 1597 880 1652 senatores
897 1610 904 1648 :
922 1587 994 1678 ipse
1007 1586 1140 1673 effecit,

76 1705 111 1755 ut
129 1689 201 1758 dici
222 1693 328 1784 possit
352 1720 359 1758 ι
381 1693 473 1762 Solet
492 1695 580 1762 fieri.
604 1695 766 1762 Torserat
784 1720 848 1787 per
860 1700 989 1782 omnia,
1011 1725 1087 1791 quae
1107 1703 1142 1770 in

76 1831 186 1876 rerum
207 1824 328 1876 natura
347 1811 538 1878 tristissima
560 1825 661 1893 sunt,
690 1810 859 1895 fidiculis,
881 1815 1138 1900 ²tabularibus,

75 1925 242 2015 equuleo,
269 1927 368 2018 igne,
395 1928 493 1996 vultu
517 1951 589 1996 suo.
616 1931 658 1995 Et
678 1924 742 1996 boc
760 1903 834 1996 loco
852 1932 1114 2024 respondebitur
1129 1987 1149 2016 ,‚

77 2067 230 2132 magnam
239 2067 309 2112 rem
321 2093 330 2125 ,
344 2046 371 2112 si
383 2060 453 2112 tres
466 2061 638 2112 senatores
649 2038 675 2125 ³,
691 2048 787 2136 quasi
799 2071 944 2138 nequam
959 2053 1137 2144 mancipia,

74 2261 138 2314 siisse
152 2263 181 2314 in
194 2263 270 2314 istum
282 2262 454 2336 xystum,ch
466 2263 581 2336 ripas'l'i-
630 2281 699 2332 gesse
720 2283 727 2324 ;
756 2283 824 2316 nuuc
850 2285 864 2316 a
889 2265 1004 2340 Caligula
1030 2281 1139 2344 ternpore

72 2337 149 2404 beris,
160 2339 194 2391 ad
210 2357 286 2408 quem
298 2339 403 2390 fluvium
416 2338 483 2390 horti
494 2336 580 2390 matris
629 2336 747 2390 ludorum
764 2340 905 2392 reductum.
925 2343 1002 2415 igitur
1021 2347 1139 2402 dedecori

73 2416 222 2490 Agrippina
240 2429 330 2480 erant,
350 2427 481 2488 praetextus
502 2416 579 2466 iuter·
629 2435 681 2466 esse
699 2435 751 2468 non
764 2417 845 2488 potuit
859 2422 1020 2476 senatoribus
1032 2423 1139 2480 accidia

70 2509 144 2548 centu
155 2517 204 2548 sno
221 2496 343 2566 porticum
361 2513 375 2546 a
387 2495 442 2568 ripa
459 2495 578 2561 diviserit.
630 2490 762 2562 Caligula,
773 2494 818 2563 qui
826 2493 900 2574 judex
910 2498 1017 2552 soleatus
1024 2506 1139 2572 sequenti

71 2569 214 2646 Plinlipp,
223 2573 258 2636 V,
271 2573 295 2625 b.
311 2573 371 2624 llaec
382 2571 579 2624 sanaGronovii
631 2569 671 2620 die
692 2571 804 2634 sederet;
822 2573 866 2624 sed
886 2573 934 2625 boc
953 2575 1003 2628 illis
1020 2577 1137 2635 dedecori

70 2651 200 2722 explicatio
213 2650 288 2715 iacit,
303 2661 329 2700 ut
346 2649 424 2721 Lipsii
440 2663 465 2699 et
477 2647 579 2700 Gmtcri
628 2667 680 2698 csse
691 2647 814 2713 debebat,
827 2651 896 2720 quod
908 2667 1033 2709 nocturno
1046 2674 1070 2710 et
1085 2661 1138 2714 do-

68 2730 185 2782 ernendd.
201 2728 361 2802 supersedere
374 2728 503 2800 possimus.
629 2725 731 2778 mastico
741 2726 830 2778 babitu
839 2727 942 2782 indutus
950 2753 992 2784 eos
1001 2736 1135 2804 occideret,

103 2828 122 2858 ι.
150 2807 319 2879 Quantulum
332 2807 405 2877 suit,
430 2808 512 2857 lucrm
532 2825 579 2856 cx·
628 2804 698 2872 quasi
709 2824 819 2874 nequam
830 2807 964 2880 mancipia.

69 2897 182 2953 spectare
208 2885 334 2951 denique,
357 2901 388 2936 ne
408 2893 489 2933 senat.
505 2903 532 2951 p.
558 2903 579 2934 r.
661 2880 810 2935 xlmas.
827 2884 857 2934 ln
870 2884 993 2958 Caligulae
1006 2893 1136 2948 crudelita-

68 2967 183 3017 soleutus
202 2963 330 3014 occideret.
349 2960 578 3032 interpunctionem
627 2969 677 3008 tem
689 2957 825 3011 invehitur.
840 2961 994 3020 Conlocandi
1005 2983 1064 3022 sunt
1075 2971 1136 3026 Sue-

69 3059 81 3092 a
99 3041 213 3093 Grutcro
232 3053 256 3090 et
268 3039 362 3108 Tanaq.
378 3037 461 3089 Fabro
481 3038 579 3090 institu-
627 3035 710 3086 tonius
720 3073 727 3099 ,
739 3036 823 3089 etDio
836 3038 903 3093 Cass.
913 3041 955 3094 lib.
969 3045 1034 3097 le.

68 3133 127 3182 tam,
138 3140 152 3172 a
164 3118 302 3170 Gronovio
313 3128 396 3168 autem
407 3116 533 3186 rejectam,
542 3135 580 3167 re·
663 3133 684 3165 2.
704 3114 887 3171 Tabularum.
904 3119 933 3171 ld
954 3135 1008 3188 est,
1026 3125 1134 3193 tabulae,

68 3197 135 3249 duxi.
146 3201 232 3250 Antea
250 3207 300 3266 erat
312 3213 319 3246 :
330 3197 448 3266 quantul-
455 3193 482 3266 s
497 3197 515 3247 1.
531 3213 578 3247 ex·
628 3192 713 3265 Lipsio
723 3193 874 3268 interprete,
888 3199 953 3254 inter
960 3213 1084 3258 tormenta
1094 3208 1135 3260 ad-

68 3278 205 3344 spectore?
223 3276 332 3341 dem'qroe
346 3275 474 3324 occideret.
485 3271 577 3324 Sensus
627 3282 719 3333 mette,
738 3271 829 3341 quibus
847 3275 970 3330 adstrictis
987 3284 1135 3354 arctatisque

67 3373 168 3425 posuere
178 3351 283 3404 videtur
294 3371 301 3403 ι
312 3351 396 3419 Quam
408 3351 497 3422 exigua
508 3369 578 3402 mora
628 3349 705 3400 bomo
718 3351 929 3423 comprimebatur
941 3369 965 3406 et
977 3357 1117 3414 elidebatur
1129 3381 1136 3414 τ

68 3431 169 3492 luunt,
181 3429 268 3480 lucem
282 3426 391 3498 denique
404 3429 524 3494 (saltem,
536 3427 578 3478 de·
628 3429 779 3498 utfidr'culoe
790 3467 797 3492 ,
808 3429 824 3480 i.
838 3451 859 3482 e.
871 3432 944 3484 funes
955 3448 979 3485 et
991 3442 1095 3503 eqrsules'
1104 3440 1135 3491 ad

66 3511 157 3574 mum)
171 3517 331 3578 exspectare,
351 3525 382 3555 ne
395 3517 423 3556 ut
436 3505 578 3558 aconvivio
628 3503 813 3556 extendendum
845 3507 976 3561 hominem
1008 3513 1134 3569 adbibita.

66 3603 151 3636 reeens
173 3582 316 3651 habituque
333 3580 454 3633 dissoluto
467 3580 510 3647 (id
525 3594 577 3644 est,
629 3581 669 3634 Cf.
688 3581 719 3636 de
736 3582 831 3636 Brevit.
846 3586 891 3637 vit.
909 3590 944 3640 18.
961 3589 1039 3641 Erant
1056 3611 1135 3662 poenre

65 3663 138 3716 soleis
154 3662 282 3726 indutus)
295 3671 375 3711 tantos
386 3659 453 3710 viros
462 3659 531 3711 velut
541 3659 578 3710 in·
627 3679 765 3712 servorum.

66 3738 132 3793 fimas
146 3751 220 3793 nota
233 3738 351 3790 homines
366 3734 513 3789 occideret?
527 3735 578 3788 Dio
661 3741 684 3790 3.
703 3738 766 3790 Tres
778 3748 914 3792 seruatores.
926 3742 958 3791 rit
970 3742 1052 3814 plures
1064 3761 1136 3800 antea

67 3821 133 3874 Cass.
140 3821 189 3874 lib.
197 3819 268 3883 LIX,
277 3839 298 3870 c.
308 3839 336 3887 7,
347 3817 391 3868 lin.
400 3829 483 3869 narrat
493 3834 499 3867 ι
511 3815 578 3868 anti·
629 3815 823 3868 nominaverat?
836 3817 865 3868 Si
876 3831 941 3870 recte
950 3819 1025 3872 babet
1035 3822 1076 3875 hic
1086 3846 1137 3878 nu—

64 3899 119 3967 quis
138 3896 301 3970 temporibus
323 3908 346 3947 et
367 3895 461 3966 judices
480 3894 579 3968 publice
628 3913 727 3956 ruerus,
742 3895 873 3966 explicatio
883 3900 1136 3968 rebellesqueinan-

64 3975 204 4030 sententias
228 3973 328 4038 tulisse,
345 3974 473 4026 interdum
490 3973 579 4026 aestatis
628 3973 800 4026 tecedentibus
813 3995 864 4028 esse
874 3976 983 4028 ridetur.
992 3977 1088 4034 Vereor
1098 3996 1137 4036 ta-

64 4067 178 4127 tempore
198 4051 322 4114 soleatos,
343 4053 408 4102 etA
475 4063 526 4103 tum
541 4071 579 4101 so·
629 4068 702 4116 men,
717 4069 750 4101 ue
760 4053 874 4104 illustres
886 4065 928 4105 aut
945 4053 993 4106 tale
1006 4057 1067 4126 quid
1080 4059 1137 4113 loco

64 4132 157 4184 lentum
175 4130 256 4183 fuine
272 4121 417 4181 solennibus
444 4127 580 4190 udis3'l'i-
629 4135 670 4180 τοῦ
680 4131 705 4180 si
713 4139 763 4181 tres
772 4129 800 4180 in
807 4143 875 4196 textu
886 4130 968 4184 ureris.
981 4131 1014 4183 Sr'
1020 4149 1138 4204 praterea

63 4207 163 4260 fimum
190 4219 279 4257 tamen
300 4205 368 4258 bunc
390 4225 486 4258 morsm
506 4203 580 4255 abru-
630 4205 733 4278 spodosi
747 4220 819 4260 caret.

162 4290 195 4354 l.
685 4321 688 4326 ·
951 4312 990 4353 ro
