2926 4958
305 461 392 528 uxr.
505 459 534 526 J.
562 457 724 527 urnsu
749 415 1205 534 MANUDtic'rtOle

631 707 969 776 DlSSERTATIO
1001 712 1049 777 11.

338 947 341 952 ¹
367 871 519 932 Dritrnctrb
529 869 721 930 Decretontm.
737 869 844 930 Contra
858 871 1013 934 Parndoxn
1022 873 1143 956 odoarii,
1157 885 1185 934 et
1195 897 1246 957 pro
1265 878 1311 936 εἰς.

345 1052 502 1116 Ducunt
516 1051 607 1135 igitur
622 1051 754 1135 duplicia
769 1051 885 1134 reliqua
901 1051 977 1114 mihi
990 1053 1099 1127 rideo,
1115 1052 1238 1118 Passira
1256 1070 1287 1117 et
1298 1052 1371 1117 Pro-

303 1160 371 1244 pria
387 1181 394 1219 ε
411 1171 445 1219 nt
454 1159 498 1220 sic
508 1157 705 1240 distinguam,
718 1158 845 1220 docendi
856 1179 963 1237 causa,
975 1173 1005 1222 et
1015 1155 1176 1246 appellem.
1185 1159 1294 1225 Priora
1303 1162 1368 1236 ilia,

303 1287 369 1348 qua
378 1265 494 1349 passim
506 1264 539 1325 in
548 1261 827 1347 philosophantium
841 1264 953 1328 scholis
971 1265 1036 1330 iere
1049 1267 1205 1345 obtinent,
1217 1268 1294 1346 ista,
1307 1289 1371 1350 qum

301 1371 467 1458 peculiaria
480 1369 551 1432 hnic
566 1382 673 1445 seem,
687 1368 801 1433 habent
816 1372 1095 1437 contradictionem.
1108 1373 1186 1453 llla,
1203 1396 1262 1438 nec
1274 1375 1371 1438 lucem

302 1503 360 1544 nec
375 1478 587 1563 probationem
600 1491 737 1540 nostram
752 1477 839 1540 valde
853 1479 1023 1544 desiderant
1039 1505 1047 1544 t
1062 1483 1191 1565 ideoque
1204 1497 1268 1550 tuto
1282 1502 1372 1566 sepo-

302 1607 385 1664 nam.
398 1585 461 1646 Ista
474 1597 634 1666 utrumque
649 1597 797 1666 poscunt,
823 1598 853 1647 et
866 1585 1049 1669 pravaricer
1063 1587 1093 1650 in
1108 1602 1244 1672 suscepta
1257 1609 1346 1652 causa
1361 1634 1371 1664 ,

302 1694 328 1756 si
341 1692 488 1754 omittam.
503 1688 569 1752 Arx
583 1687 679 1765 enim,
696 1701 728 1750 ot
739 1690 782 1753 sio
795 1691 912 1766 dicam,
925 1687 1098 1756 Stoicorum
1111 1694 1199 1756 estin
1213 1693 1277 1758 istis
1286 1716 1293 1753 :
1303 1714 1373 1756 nam

304 1802 461 1864 decantata
477 1797 530 1860 illa
546 1795 704 1860 Paradoxa
717 1795 881 1880 intelligor
896 1819 960 1880 qna
976 1799 1017 1860 ita
1034 1799 1091 1883 ipsi
1105 1797 1199 1864 Stoici
1211 1801 1372 1876 dixermt,

303 1926 366 1968 non
381 1908 432 1984 (ut
444 1901 623 1966 Plutarchus
637 1901 761 1984 objicit)
776 1931 792 1957 α
803 1900 917 1986 Sponte
929 1917 960 1966 et
972 1905 1052 1968 ultro
1063 1905 1191 1970 confessi
1202 1907 1375 1970 absurdita-

304 2027 367 2074 tem
380 2039 395 2066 o
419 2007 490 2094 (De
507 2006 670 2073 Commun.
694 2005 845 2087 Notion.)
867 2032 876 2068 t
902 2012 956 2076 sed
978 2011 1050 2094 quia
1070 2027 1180 2097 praeter
1200 2015 1376 2098 opinionem

304 2111 471 2174 multorum
492 2121 579 2188 runt,
603 2123 634 2172 et
647 2109 747 2171 andita
760 2109 924 2173 novitatem
940 2112 988 2174 vel
1008 2112 1239 2176 admirationem
1251 2113 1378 2176 habent.

305 2210 336 2274 A
349 2230 409 2292 quo
425 2209 535 2272 eiieotu
546 2207 658 2272 Cicero
672 2205 846 2288 Mirabiiia,
861 2211 909 2272 vel
923 2209 1125 2275 Admirabilia
1140 2215 1238 2277 uertit.
1253 2241 1269 2268 a
1281 2213 1378 2276 Mira-

219 2337 221 2342 ·
303 2317 377 2380 bilia
390 2314 580 2388 Stoicorum,
597 2316 702 2398 inquit,
718 2337 782 2399 qtae
795 2319 948 2400 paradoxa
962 2320 1192 2383 nominantur.»
1209 2319 1283 2398 (lv.
1289 2319 1377 2382 Aca-

305 2422 500 2504 dem.)Alibi
525 2446 532 2482 :
560 2420 742 2498 «Paradoxa
761 2420 875 2500 Stoici,
902 2445 959 2488 nos
979 2424 1180 2490 Admirabilia
1203 2427 1375 2493 dicamus.»

302 2531 371 2613 (tv
382 2529 432 2594 De
448 2527 569 2608 Finib.)
581 2527 690 2612 Neque
705 2530 793 2592 aliter
805 2531 894 2592 vertit
910 2554 918 2592 z
937 2545 969 2593 at
983 2528 1101 2596 Seneca
1111 2531 1289 2617 inopinata,
1307 2547 1378 2618 apte

191 2661 195 2668 ’
305 2659 377 2702 sane
391 2640 429 2698 ad
443 2635 587 2710 verbum,
604 2635 667 2698 sire
681 2656 812 2698 sensum.
827 2665 843 2693 α
852 2635 909 2700 Illa
924 2659 989 2719 quse
1003 2639 1158 2715 videmur,
1171 2640 1289 2724 inquit,
1307 2639 1378 2702 lno-

304 2747 406 2830 pinata
421 2743 561 2809 omnibus
573 2742 691 2818 dicere,
710 2739 867 2806 Paradoxa
881 2741 982 2808 Graeci
995 2759 1113 2808 vocant.
1124 2774 1140 2802 ι
1155 2743 1381 2831 (Epmxt.)

307 2849 384 2912 Sunt
398 2849 487 2934 igitur
501 2859 610 2932 prater
621 2847 798 2930 opinionem
810 2893 820 2919 ,
838 2861 870 2916 at
881 2869 943 2912 non
955 2850 1130 2929 veritatem,
1147 2866 1179 2914 ut
1193 2853 1225 2914 in
1239 2875 1276 2915 re
1292 2855 1381 2918 vide-

306 2955 363 3018 bis.
378 2954 461 3016 Auo.
476 2951 573 3015 lilane
587 2967 616 3016 te
632 2953 733 3016 dicere
741 2999 753 3029 ,
767 2975 832 3036 quae
850 2953 939 3038 vulgo
955 2957 1122 3038 jactantur,
1146 2958 1210 3021 imo
1227 2973 1260 3022 et
1271 2959 1381 3024 riden-

307 3069 373 3131 tur,
397 3082 412 3109 ι(
421 3053 528 3116 Solum
547 3054 714 3137 sapientem
727 3075 849 3138 regem,
872 3055 1016 3130 divitem,
1032 3056 1192 3140 pulchrum
1208 3081 1216 3120 e
1230 3087 1246 3115 ι»
1270 3074 1305 3124 et
1318 3061 1383 3123 hac

308 3161 388 3223 ista?
402 3157 488 3221 Ltus.
501 3157 574 3222 an
590 3160 666 3237 ista,
684 3173 714 3222 et
727 3159 825 3244 plura.
838 3160 922 3224 Auo.
935 3160 1028 3244 Atqui
1040 3160 1150 3228 Cicero
1164 3166 1227 3248 jam
1241 3188 1279 3230 ea
1294 3189 1382 3231 exse·

309 3282 394 3334 cutus
408 3279 454 3328 est
472 3291 478 3326 ε
497 3279 527 3330 et
538 3285 577 3328 ne
592 3266 635 3328 sic
649 3267 770 3348 quidem
784 3267 972 3350 approbavit.
988 3266 1070 3351 Quid
1082 3271 1288 3355 approbaret?
1305 3275 1383 3338 sate-

310 3390 359 3437 tnr
373 3376 437 3458 ipse
458 3385 490 3433 ut
507 3369 626 3434 «Levia
644 3371 714 3434 uina
731 3394 796 3434 esse
812 3395 821 3430 ι
836 3393 901 3454 qua
915 3374 1012 3459 magis
1024 3390 1156 3460 gustata,
1169 3401 1262 3460 quarn
1273 3395 1382 3465 potata

309 3480 466 3543 delectent.
478 3505 493 3532 n
507 3475 576 3559 (lv
588 3475 638 3538 De
648 3474 768 3558 Finit.)
781 3474 954 3560 lternmque
967 3479 1039 3542 alibi
1053 3505 1060 3544 ε
1075 3511 1089 3536 ιι
1099 3481 1261 3568 Magnifice
1276 3488 1385 3570 primo

311 3586 388 3664 dici,
408 3573 595 3649 considerata
610 3583 710 3644 minus
730 3581 890 3667 probari.»
907 3583 1027 3670 (Ibit.)
1049 3586 1132 3670 Quid
1152 3589 1213 3654 ita?
1232 3594 1308 3674 quia
1331 3607 1385 3655 aut

311 3694 385 3758 ialsa
397 3693 501 3778 palam
522 3704 612 3768 stent,
637 3691 663 3752 si
685 3690 717 3751 in
741 3689 872 3754 sormnia
889 3713 994 3756 manes
1017 3717 1025 3754 ε
1048 3695 1094 3758 sin
1110 3697 1149 3760 ad
1162 3717 1198 3758 ea
1219 3699 1383 3776 declinas,

312 3803 464 3886 vulgatum
480 3798 615 3879 aliquid,
631 3819 728 3880 neque
744 3819 906 3884 magnum,
927 3801 1009 3864 dicis.
1024 3801 1092 3886 lpse
1107 3801 1165 3866 hoo
1177 3817 1246 3868 tuus
1259 3804 1386 3870 Seneca

311 3905 447 3991 agnoscit
464 3928 472 3964 ι
489 3905 568 3989 apud
584 3923 675 3985 quem
688 3903 795 3986 aliquis
809 3908 847 3969 ad
862 3903 980 3970 Stoicos
998 3931 1006 3968 ι
1024 3935 1040 3963 α
1052 3907 1166 3994 Magna
1179 3911 1384 3993 promittitis,

313 4028 343 4075 et
359 4033 422 4094 quae
435 4031 475 4072 ne
488 4010 589 4094 optari
601 4010 722 4092 quidem
734 4055 743 4086 ,
758 4014 868 4074 nedum
883 4014 963 4076 credi
979 4014 1103 4098 possint.
1115 4015 1235 4080 Deinde
1244 4016 1388 4102 ingentia

312 4121 423 4195 locuti,
446 4137 539 4198 quum
557 4115 688 4199 negastis
702 4137 870 4201 pauperem
891 4141 956 4182 esse
974 4118 1167 4205 Sapientem,
1183 4145 1244 4186 non
1259 4129 1387 4210 negati.

311 4227 411 4288 solere
428 4221 473 4283 illi
490 4235 521 4283 et
541 4242 683 4300 serrum,
702 4237 732 4286 et
747 4237 882 4302 vestem,
902 4239 934 4288 et
945 4239 1078 4305 tectum,
1101 4243 1132 4292 et
1144 4229 1245 4293 cibum
1258 4234 1385 4297 deesse.

310 4363 415 4444 Quum
428 4327 602 4420 sapientem
615 4330 746 4412 negastis
759 4331 889 4394 insanire
903 4377 912 4407 ,
934 4354 995 4396 non
1009 4337 1124 4418 negatis
1139 4350 1169 4399 et
1180 4337 1334 4418 alienari,
1355 4353 1382 4402 e¹
