2896 4954
340 461 502 532 LIBER
527 465 565 552 1,
591 464 697 534 CAP.
725 463 883 532 XXIII.
1078 468 1139 554 air

86 590 204 660 mentia
227 593 389 686 regentis.
413 593 559 664 Gravior
583 593 689 666 multo
711 617 813 692 prena
835 591 994 676 videtur,
1023 619 1100 688 quae
1127 621 1148 665 a

86 709 151 777 miti
169 709 244 779 viro
259 709 488 781 constituitur.

127 824 257 892 XXIII.
274 827 444 894 Praeterea
458 823 591 893 videbis
608 849 647 894 ea
662 849 751 918 saepe
767 826 948 908 committi,
969 849 1046 918 quse
1060 850 1148 920 saepe
1177 861 1188 894 t

83 937 306 1012 vindioantur.
340 945 441 1010 Pater
474 946 578 1010 tuus¹
611 942 728 1036 plures
756 943 847 1010 intra
874 944 1150 1036 quinquennium

83 1051 187 1123 culleo
201 1055 343 1140 insuit²,
365 1080 467 1147 qnam
481 1055 639 1124 omnibus
652 1055 784 1126 seculis
798 1057 928 1126 insutos
940 1059 1148 1152 accepimus.

81 1169 186 1239 Multo
205 1173 317 1240 minus
338 1169 511 1240 audebant
531 1171 634 1240 liberi
652 1171 748 1240 nefas
771 1171 928 1240 ultimum
948 1170 1148 1258 admittere,

81 1287 241 1376 quamdiu
258 1289 332 1356 aine
351 1288 427 1382 lege
443 1289 575 1356 crimen
595 1287 672 1356 fuit.
696 1289 834 1358 Summa
858 1290 949 1358 enim
970 1287 1154 1384 prudentia

79 1402 230 1474 altissimi
259 1405 384 1473 viriet
408 1428 526 1474 rerum
549 1419 680 1474 naturae
707 1405 904 1498 peritissimi
936 1407 1149 1494 maluerunt,

79 1521 170 1592 velut
182 1521 386 1592 incredibile
405 1521 517 1591 scelus
536 1539 571 1590 et
593 1521 684 1590 ultra
702 1519 878 1591 audaciam
899 1526 1046 1618 positum
1061 1551 1153 1619 prae-

79 1640 205 1722 terire,
235 1663 356 1731 quam,
379 1637 461 1706 dum
482 1636 677 1722 vindicant,
707 1637 889 1707 ostendere
915 1665 1013 1735 posse
1038 1633 1150 1712 ³fieri.

76 1755 196 1848 Itaque
222 1753 403 1848 parricide
428 1777 506 1823 cum
530 1753 608 1848 lege
635 1769 837 1846 coepersmt3
865 1772 900 1823 et
929 1757 996 1825 illis
1024 1758 1194 1829 facinusa

76 1891 178 1962 poena
199 1861 439 1954 monstravit⁴3
461 1867 609 1962 pessimo
627 1891 710 1937 vero
734 1868 807 1936 loco
825 1871 934 1964 pictas
960 1871 1040 1956 suit,
1061 1890 1154 1966 post·

77 2010 178 2077 quam
198 1985 322 2079 saepius
330 1983 461 2052 culleos
474 1981 641 2066 vidimus,
663 2007 765 2075 quam
788 2009 907 2054 eruces
923 1980 949 2054 ⁵.
966 1989 1007 2055 In
1024 2011 1092 2080 qua
1104 1991 1155 2058 oi·

74 2105 182 2176 vitate
197 2127 275 2174 raro
292 2102 450 2171 homines
463 2101 673 2195 puniuntur,
690 2103 728 2172 in
743 2125 784 2172 ea
800 2127 984 2174 consensus
998 2105 1038 2174 fit
1054 2107 1154 2176 inno-

75 2300 144 2372 qood
155 2296 334 2374 recipiendum
346 2297 417 2362 duxi,
430 2316 506 2349 sensu
515 2294 592 2350 etiam
641 2296 745 2367 quidem
751 2297 847 2372 alioqui
856 2299 972 2354 omniurn
980 2300 1068 2376 legum
1076 2314 1153 2356 stne·

75 2378 221 2451 postulante
233 2376 281 2430 tale
296 2376 344 2429 boe
358 2375 472 2428 verbum.
489 2373 590 2444 Conjici
640 2375 742 2428 cessitas
754 2388 779 2428 et
795 2377 834 2429 vis
850 2377 980 2432 aboleatur
992 2399 1093 2434 neeesse
1109 2393 1152 2434 sse

75 2477 181 2530 quoqne
193 2471 276 2533 posset
289 2457 417 2511 sSenecse
431 2472 591 2510 mannasse:
639 2453 705 2506 Tum
717 2455 925 2529 distinguendum
937 2457 1026 2510 sedulo
1035 2461 1150 2531 est,quis

73 2543 163 2592 mdis
176 2540 244 2612 (Ep,
254 2540 287 2590 ll,
300 2539 319 2606 ).
442 2587 444 2592 ,
639 2550 725 2584 rernm
739 2544 816 2586 statas
832 2554 878 2587 nos
894 2536 973 2588 veluti
987 2536 1116 2605 obsideat,
1126 2551 1152 2591 et

105 2617 207 2670 xxtlt.
226 2617 364 2670 Poenarum
383 2612 527 2684 frequentia
547 2611 592 2665 de·
639 2619 798 2685 temporum,
809 2612 925 2666 locorum
935 2615 1100 2688 gentiumque
1110 2617 1152 2670 ad·

71 2691 131 2747 licta
149 2714 207 2748 non
221 2693 330 2760 minuit,
347 2690 392 2744 sed
412 2703 504 2764 auget,
526 2689 591 2762 quin
638 2690 1151 2770 bibendaratio.Quibusinlocispopulus

71 2771 155 2826 inuno
169 2771 258 2846 gignit
267 2767 349 2842 {quod
362 2767 480 2843 probatur
490 2768 590 2843 parrici·
639 2789 720 2822 novus
733 2791 763 2823 ac
777 2783 848 2823 tener
862 2771 888 2823 io
896 2771 1092 2827 adolescentiam
1101 2793 1152 2827 ere·

71 2849 178 2906 diornsn
198 2871 320 2917 numero,
333 2869 390 2921 quae
402 2848 492 2924 saepius
509 2847 589 2902 multo
638 2849 693 2914 scit,
702 2849 930 2920 nequevicinarura
939 2851 1052 2922 gentium
1061 2872 1151 2923 pravos

69 2949 149 3002 quam
173 2930 281 2984 antebac
296 2925 406 2995 fiebant,
422 2927 541 2982 seviente
561 2925 589 2978 in
638 2947 720 2981 mores
729 2928 778 2982 sibi
787 2929 889 2994 miscet,
907 2929 1029 3002 pudicitia
1048 2943 1071 2982 et
1084 2931 1149 2984 inte·

70 3007 125 3062 dies
149 3007 259 3082 gravius
279 3025 357 3078 quarn
374 3019 446 3060 antes
472 3004 588 3058 Claudio.
637 3005 714 3078 gritas
725 3027 846 3076 amorque
856 3021 990 3079 parentum
998 3009 1149 3062 valent2bic

68 3085 130 3156 Qua
146 3086 179 3140 in
194 3085 259 3139 orbe
272 3097 309 3137 tot
321 3082 419 3137 scelesti
429 3082 584 3158 puniuntur,
637 3104 684 3136 nec
700 3083 841 3159 impudicas
853 3086 1039 3138 senescentium
1056 3087 1149 3140 civita—

67 3165 293 3236 traducnnturque
310 3182 354 3235 per
372 3181 415 3214 ora
433 3159 586 3222 bominum,
636 3173 691 3214 turn
702 3161 837 3226 libidines,
859 3181 906 3214 neo
926 3181 987 3217 auro
1010 3165 1148 3240 emptitiam

67 3241 112 3297 bie
125 3243 248 3320 plerique
259 3261 318 3294 mox
332 3259 402 3315 pares
411 3237 485 3291 fiunt·
636 3239 718 3293 fidem
727 3282 734 3307 ,
743 3262 789 3294 nec
795 3243 959 3316 parricidium
966 3245 1147 3320 intempestive

102 3323 300 3378 ahenum.
309 3317 444 3384 Claudias,
453 3315 498 3390 qui
506 3317 588 3368 Nero·
636 3320 705 3392 leges
720 3322 841 3374 indicant.
853 3324 885 3374 At
894 3321 939 3376 ubi
952 3323 1018 3375 nihil
1032 3338 1147 3377 sanctum

66 3423 127 3456 nem
139 3441 148 3468 ,
161 3402 305 3477 Agrippina
322 3420 399 3453 uxore
411 3399 501 3462 docta,
513 3396 588 3470 adop·
636 3399 700 3452 adeo
722 3414 758 3452 est
773 3400 843 3470 quod
858 3420 911 3454 non
925 3399 1078 3454 violaverint
1091 3424 1148 3476 per·

62 3485 136 3538 tavit.
147 3484 225 3537 Suet.
237 3481 328 3535 Claud.
340 3500 361 3533 c.
370 3480 410 3553 39.
425 3479 521 3532 Neron.
530 3498 551 3530 e.
564 3497 587 3542 7.
638 3477 684 3530 diti
701 3478 782 3543 cives,
804 3479 859 3552 lege
880 3499 942 3554 opus
961 3493 1005 3532 est.
1023 3480 1147 3534 Solonem

98 3581 124 3616 a.
138 3563 236 3618 Culleo
255 3563 345 3614 insuit.
365 3559 438 3612 lusui
460 3556 547 3630 jussit,
561 3570 588 3609 ut
637 3556 679 3608 bic
695 3556 837 3628 ganniunt;
857 3570 882 3609 at
894 3557 972 3620 Solo,
990 3558 1010 3610 si
1029 3557 1148 3612 Claudia-

61 3635 585 3718 parrieidasmonidelrs,lib.1,cap.ali,
636 3653 729 3686 norum
753 3648 894 3706 temporum
914 3633 1017 3706 aequalis
1038 3637 1144 3704 luisset,

60 3725 86 3788 4.
98 3741 186 3798 snpra
198 3719 230 3774 ad
249 3722 366 3793 cap.15,
384 3721 406 3772 5.
423 3717 488 3770 Rem
506 3715 587 3788 ipsam
635 3713 712 3765 talem
733 3712 816 3786 legem
836 3712 998 3784 flagitavisset
1010 3734 1024 3765 a
1036 3713 1145 3768 Claudio

61 3802 151 3878 tetigit
166 3799 276 3853 Sueten.
289 3796 379 3850 Claud.
391 3796 432 3861 34.
443 3793 499 3848 init.
636 3790 735 3844 sanciri.
757 3792 808 3854 Et,
832 3803 860 3842 ut
875 3809 932 3860 quas
954 3791 1037 3844 sentio
1058 3795 1145 3847 omnia

93 3883 121 3936 3.
133 3879 335 3934 Summcem'm
341 3913 382 3928 .....
380 3877 408 3946 fi
408 3877 453 3927 eri.
463 3871 586 3926 Solonem
636 3867 784 3943 expediam,
803 3887 948 3941 persuasum
966 3867 1031 3920 mibi
1043 3882 1146 3923 estante

58 3957 228 4015 intellexisse
235 3955 412 4018 videtur;vide
420 3953 489 4024 quod
498 3951 587 4005 Cicero
636 3947 726 4000 Romae
739 3944 874 4019 parricidia
885 3943 1003 3997 exstitisse
1017 3967 1094 4016 quam
1105 3970 1133 4002 ro

56 4061 106 4116 pro
121 4035 228 4091 Roscio
240 4032 356 4086 Amerin.
366 4035 414 4100 25,
425 4029 545 4106 exposuit.
638 4037 698 4100 gala
707 4025 748 4077 lex
759 4037 795 4076 est
807 4025 834 4076 in
843 4023 987 4098 parricidas.

93 4115 386 4188 4.11aqueparrs'cidoe
387 4150 426 4164 .....
428 4111 588 4164 monstravit.
672 4109 696 4160 5.
719 4104 945 4160 criticavimus
966 4106 1144 4174 Providentia,

55 4199 127 4252 Haee
158 4192 281 4265 cupidius
301 4191 435 4254 enuntiata
462 4188 587 4243 videntur.
638 4184 682 4239 lib.
694 4183 748 4252 lll,
762 4206 814 4259 cap.
827 4205 851 4258 q.
863 4183 976 4236 Doriora
989 4184 1067 4258 igitur
1084 4207 1148 4260 sup-

53 4277 140 4331 Faisa
152 4291 213 4326 esse
225 4271 308 4344 quivis
318 4269 459 4342 intelliget,
474 4266 589 4340 quando·
639 4263 773 4337 plitiorum
781 4283 874 4336 genera
883 4262 909 4314 in
918 4263 1048 4318 usuluisse
1057 4265 1150 4318 innuit.

137 4355 173 4424 1,
937 4340 979 4407 16
