2896 4958
308 447 401 530 ccviij
484 443 515 510 J.
543 443 708 512 LIPSII
734 440 1195 516 MANUDUCTIONIS

305 587 437 648 dicentes
453 611 460 648 :
476 585 542 648 Rex
564 609 580 649 a
605 585 676 649 Deo
690 600 722 648 tu
741 609 773 650 es
790 588 820 650 in
839 588 928 650 uobis
949 613 957 658 ;
982 609 1075 670 quum
1091 591 1204 652 scilicet
1225 605 1331 673 sponte
1350 605 1378 652 et

306 707 409 777 suapte
427 691 601 770 voluntate,
620 707 747 777 propter
770 694 1001 756 admirationem
1018 695 1151 768 virtutis,
1169 695 1330 758 subderent
1349 717 1379 756 se

307 797 360 858 illi.
379 826 394 852 ι»
410 797 464 878 (ll
480 795 613 882 Strom.)
629 797 719 862 Salve
735 800 823 883 igitur
838 814 868 861 et
883 799 972 876 vive,
992 821 1097 862 overe
1115 816 1218 863 noster
1231 800 1297 864 Iler
1313 805 1320 864 l

505 927 570 980 Vive
581 965 588 992 ,
601 927 679 982 Midae
689 930 755 1002 gazis
765 943 789 981 et
799 931 872 1000 Lydo
884 929 961 984 ditior
972 951 1047 994 auro,

505 1018 598 1071 Troica
610 1032 635 1070 et
644 1019 780 1093 Euphrate
791 1040 866 1094 supra
879 1021 1020 1074 diademata
1031 1017 1106 1074 ielis!

512 1111 598 1179 Quem
607 1129 660 1162 non
671 1111 784 1184 ambigui
795 1113 873 1166 fasces
882 1151 890 1178 ,
900 1132 954 1164 non
969 1110 1064 1164 mobile
1074 1111 1182 1184 vulgus,

507 1201 568 1252 Non
580 1199 646 1272 leges
657 1237 664 1263 ,
675 1219 728 1252 non
740 1212 818 1254 castra
831 1213 932 1268 tenent,
944 1202 989 1272 qni
998 1215 1097 1274 pectore
1108 1221 1202 1273 magno

507 1290 635 1363 Spemque
646 1305 791 1364 metumque
803 1281 905 1358 domas,
917 1293 980 1344 vitio
990 1291 1121 1345 sublimior
1132 1294 1218 1356 omni,

504 1379 638 1452 Exemptos
651 1382 717 1434 satis.
922 1383 1060 1450 (Statio
1070 1381 1153 1450 silv.)

612 1561 951 1630 DISSERTATIO
981 1565 1084 1629 xlv.

307 1708 376 1771 ΧΠ.
390 1710 550 1788 Sapientem
569 1709 629 1772 Deo
639 1731 740 1790 parem
757 1733 767 1770 .·
783 1707 994 1788 Paradoxum,
1011 1723 1094 1793 utqrte
1106 1711 1190 1771 etr'om
1199 1712 1381 1788 Paralogum.

219 1920 221 1924 .
346 1870 429 1933 Auo.
437 1870 680 1935 Valdeinaltum
689 1871 1013 1957 sustulistiSapientem
1026 1895 1105 1936 :non
1116 1887 1215 1958 potest
1225 1876 1380 1946 scandere,

298 1981 363 2042 'nisi
378 1993 412 2041 ut
430 1979 589 2042 bominem
609 1983 810 2044 transcendat.
831 1977 916 2042 Ltus.
934 1979 1062 2043 Audebo
1078 1981 1137 2044 hoc
1150 1981 1242 2043 etiam
1257 1979 1382 2043 dicere?

305 2087 402 2148 nostri
416 2086 527 2148 iaciunt
543 2111 550 2148 :
571 2089 623 2148 sed
634 2087 753 2162 dicam,
769 2106 829 2148 non
846 2107 999 2162 asseram,
1013 2099 1043 2149 et
1057 2109 1075 2148 a
1089 2085 1260 2164 Modestia,
1277 2087 1307 2148 id
1321 2099 1378 2160 est,

307 2206 405 2255 matre
421 2191 599 2277 Sapientia,
612 2213 673 2254 non
689 2192 780 2255 abibo
796 2217 803 2254 :
817 2214 925 2255 vereor
936 2206 969 2253 nt
980 2191 1041 2268 illi,
1055 2213 1148 2273 quum
1161 2190 1309 2268 clamant,
1326 2189 1384 2252 Sa-

304 2301 439 2384 pientem
450 2298 521 2361 Deo
532 2321 648 2382 parem.
658 2298 726 2371 Ab,
740 2319 804 2380 quat
815 2319 876 2361 oon
889 2299 988 2363 dicam
999 2299 1074 2380 atqui
1085 2298 1220 2380 paratio,
1236 2301 1293 2359 sed
1303 2319 1386 2360 com·

308 2405 427 2490 paratio
442 2405 509 2467 est?
524 2404 643 2467 Tamen
658 2404 769 2466 faciunt
785 2418 834 2466 :et
845 2404 998 2466 audiendae
1009 2424 1099 2466 voces
1110 2403 1159 2466 rel
1170 2401 1295 2466 Senecae
1310 2423 1385 2464 nos-

308 2513 348 2574 tri
363 2535 371 2571 :
386 2539 401 2566 e
415 2509 542 2595 Sapiens
554 2512 605 2572 ille
615 2511 722 2594 plenus
732 2511 851 2594 gaudio,
863 2510 969 2572 hilaris
979 2523 1008 2572 et
1018 2510 1163 2594 placidus,
1177 2511 1384 2586 inconcussus,

308 2638 379 2680 cum
391 2615 462 2679 Diis
476 2639 512 2678 ex
525 2617 593 2701 pari
608 2617 689 2678 vivit.
708 2644 723 2670 n
736 2615 809 2700 (Ep.
826 2619 904 2694 ntx.)
919 2614 1004 2677 Alibi
1022 2640 1029 2676 ε
1051 2643 1066 2668 u
1082 2614 1150 2678 Hoc
1166 2629 1212 2678 est
1221 2614 1386 2678 Summum

308 2723 449 2801 Bonum,
463 2725 579 2805 quodsi
592 2745 736 2806 occupas,
749 2723 855 2806 incipis
870 2721 1010 2785 Deorum
1022 2723 1119 2786 socius
1135 2743 1199 2784 esse
1212 2769 1221 2798 ,
1235 2743 1301 2784 non
1314 2743 1385 2804 sop-

307 2829 388 2912 plex.
402 2857 416 2883 »
428 2827 547 2914 (Epist.
565 2831 676 2908 xxxt.)
690 2827 806 2892 lterum
819 2833 926 2891 eadem
939 2849 1013 2892 roce
1030 2855 1037 2890 :
1054 2855 1069 2883 «ι
1081 2826 1144 2891 Dei
1155 2829 1229 2892 socii
1239 2851 1347 2891 sumus
1359 2843 1387 2889 et

306 2936 456 2999 membra.
472 2965 486 2990 »2
498 2935 619 3021 (Epist.
632 2939 726 3016 κου.)
737 2933 808 2998 Sive
824 2938 904 3020 apud
914 2934 1067 2999 Stobaeum
1079 2933 1242 3021 Chrysippi
1256 2959 1265 2996 t
1280 2964 1296 2990 α
1310 2934 1387 2998 Om-

304 3043 378 3106 nino
393 3056 423 3104 et
438 3042 527 3126 plene
542 3044 647 3106 beatos
663 3065 728 3106 esse
743 3042 901 3120 homines,
916 3044 968 3124 qui
983 3055 1050 3104 sunt
1063 3039 1240 3125 Sapientes,
1254 3041 1387 3105 etFeli-

302 3143 424 3210 citatem
442 3147 520 3211 hanc
539 3168 574 3210 ac
590 3147 790 3212 Securitatem
804 3148 933 3210 nihilum
948 3171 966 3210 a
984 3148 1083 3210 divina
1101 3147 1224 3210 differre
1242 3193 1252 3224 ,
1282 3147 1387 3233 Chry-

305 3255 409 3336 sippus
425 3253 474 3314 ait.
487 3250 529 3314 Et
541 3253 625 3314 nulla
640 3269 725 3339 parte
741 3252 972 3338 optabiliorem,
985 3253 1164 3328 meliorem,
1176 3254 1387 3336 angustiorem

305 3361 391 3424 illam
404 3345 495 3422 Jovis
505 3357 696 3422 Felicitatem
704 3360 762 3424 bac
776 3360 906 3422 humana
922 3381 997 3422 esse.
1012 3387 1027 3413 »ι
1039 3357 1122 3440 Quid
1133 3358 1224 3421 etiarn
1234 3359 1387 3442 pleraque

304 3485 424 3534 sanctus
435 3469 487 3532 ille
500 3466 679 3553 Epictetus?
690 3466 754 3530 Det
766 3469 840 3530 milti
855 3467 963 3549 aliquis
977 3467 1109 3528 hominis
1122 3495 1137 3521 u
1148 3465 1302 3530 Animum
1315 3515 1325 3546 ,
1337 3467 1388 3530 in-

303 3579 385 3660 quit,
399 3577 450 3658 qui
461 3575 544 3638 nulla
554 3595 589 3636 re
603 3573 779 3651 frustretur,
794 3587 845 3636 aut
856 3574 981 3637 laedatur
991 3619 999 3650 ,
1010 3573 1062 3654 qui
1072 3593 1133 3634 non
1144 3573 1314 3652 irascatur,
1325 3594 1387 3636 non

302 3685 455 3759 inrideat,
470 3703 532 3744 non
546 3680 713 3742 aemuletur.
730 3707 745 3734 u
762 3678 922 3762 Denique,
939 3681 1011 3762 quid
1024 3701 1099 3762 opus
1111 3679 1319 3762 ambagibus?
1336 3680 1387 3742 Da

304 3789 379 3850 mibi
402 3815 418 3842 u
431 3787 535 3852 Deum
550 3809 586 3850 ex
601 3784 736 3848 Homine
751 3783 818 3846 lieri
829 3785 1018 3868 cupientem,
1035 3797 1065 3847 et
1082 3783 1114 3846 in
1130 3785 1318 3868 corpusculo
1330 3788 1387 3847 isto

303 3892 426 3956 mortali
440 3895 614 3956 societatem
627 3891 717 3954 Jovis
732 3892 895 3974 agitantem
914 3919 928 3945 »ι
944 3890 995 3971 (ll
1009 3889 1138 3954 Dissert.
1154 3913 1221 3976 cap.
1244 3894 1311 3972 15.)
1333 3919 1340 3954 :
1358 3895 1387 3956 id

282 3991 365 4078 est,
389 4003 426 4062 da
442 3999 517 4062 mibi
532 4001 623 4062 istum
639 3997 814 4083 Sapientem
837 3996 942 4062 :dabo
963 4011 1099 4074 tautum,
1118 4011 1149 4060 et
1171 3991 1277 4060 talem.
1301 3999 1386 4062 Auo.

296 4101 420 4166 Ledunt
433 4105 488 4166 ieta
504 4106 553 4167 vel
569 4106 686 4182 andita,
697 4103 782 4187 Lipsi
792 4149 801 4180 ,
813 4105 868 4168 etsi
881 4125 943 4168 non
959 4105 1087 4167 demissa
1105 4127 1112 4162 ε
1129 4105 1201 4186 quid
1215 4107 1385 4168 recenses?

297 4207 381 4273 Ltt’s.
396 4209 520 4274 Mecum
534 4211 651 4290 tolera,
669 4211 864 4294 nequeenim
880 4212 1063 4295 probamus,
1081 4231 1179 4294 neque
1197 4211 1383 4288 abnuimus,

477 4333 548 4402 Quin
561 4353 640 4388 tanos
650 4336 748 4389 stolidis
759 4335 814 4390 baec
827 4335 885 4389 tolia
902 4333 1001 4388 finxerit
1014 4353 1085 4388 error
1100 4352 1107 4386 :
