2896 4958
286 436 329 520 34
718 437 786 504 DE
822 435 913 502 IRA

287 587 319 636 te
343 566 482 634 duriora
504 563 654 636 remedie
673 567 746 660 jum
767 565 895 636 solide¹
915 569 1070 659 nequitia
1090 567 1264 638 desideret
1286 593 1295 633 ι
1322 584 1357 634 et

286 685 421 754 vincula
439 684 596 778 publiea,
619 700 655 754 et
672 709 789 754 eerrer
806 683 1040 754 adhibebitur.
1059 684 1141 754 Tibi
1159 683 1358 754 insanabilis

287 803 420 870 animus
437 817 506 882 est,
527 817 563 870 et
579 800 765 870 sceleribus
782 801 913 870 seelera
929 816 1138 888 contexens,
1155 802 1275 896 etjam
1288 825 1358 868 non

289 918 418 998 eeusis,
443 939 519 1008 qum
537 939 715 1008 nunqusm
734 915 822 984 mulo
839 914 1008 986 deluturae
1026 933 1125 1000 sunt,
1149 916 1356 1010 impelleris,

289 1032 349 1102 sed
368 1033 448 1100 satis
466 1031 528 1100 tibi
548 1047 600 1100 est
618 1056 741 1128 magne
761 1032 807 1102 sd
826 1033 1038 1126 pesesndnm
1055 1059 1176 1118 cansa,
1198 1057 1355 1128 peecare.

289 1147 472 1216 Perbibisti
489 1146 698 1238 nequitiam,
724 1163 759 1215 et
782 1148 830 1240 itu
850 1147 1038 1236 visceribus
1061 1148 1295 1230 immiscuisti,
1322 1162 1361 1214 ut

248 1283 264 1336 ³
290 1266 357 1332 nisi
369 1289 446 1332 cum
460 1264 542 1358 ipsis
555 1263 648 1332 exire
662 1287 732 1332 non
745 1264 863 1356 pessit.
877 1262 969 1333 Olim
982 1265 1084 1332 miser
1096 1265 1183 1332 mori
1194 1264 1321 1356 quaeris
1332 1259 1358 1330 ²!

290 1383 378 1450 bene
396 1381 439 1450 de
457 1397 490 1450 te
506 1380 736 1450 merebimur:
752 1381 946 1449 auferemus
964 1381 1027 1449 tibi
1044 1381 1162 1464 istum,
1182 1405 1251 1473 qna
1265 1405 1364 1448 rexs-

291 1501 359 1582 ris,
376 1501 540 1572 insaniam
552 1527 562 1586 ς
574 1516 610 1568 et
620 1523 684 1592 per
700 1513 758 1568 tus
772 1499 953 1591 alienaque
968 1498 1117 1568 volutato
1131 1493 1142 1533 ³
1155 1499 1324 1592 supplicis
1333 1496 1361 1580 ⁴,

292 1617 328 1686 id
354 1618 446 1712 quod
468 1642 574 1686 unum
597 1617 725 1684 bonum
750 1616 813 1683 tibi
838 1631 993 1710 superest
1019 1617 1361 1709 repraesentebimus,

293 1750 446 1804 mortem.
473 1733 591 1826 Quare
610 1733 737 1800 imseur
759 1733 815 1799 cni
838 1755 944 1823 quum
966 1733 1109 1800 maxime
1122 1734 1365 1825 prosumi’In-

294 1849 392 1916 terim
405 1841 417 1884 ⁵
431 1847 593 1940 optimum
607 1843 848 1914 misericordiae
863 1869 971 1938 genus
984 1859 1055 1928 est,
1074 1841 1242 1914 occidere.
1257 1848 1294 1914 Si
1309 1848 1366 1914 in-

294 1957 448 2034 tmssem⁶
459 1960 756 2030 valetudinarium
769 1961 972 2028 exercitatus
981 1975 1016 2026 et
1024 1963 1146 2042 sciens,
1160 1959 1367 2029 uutdomum

293 2080 407 2148 divitis
418 2073 431 2114 ⁸
444 2129 453 2162 ,
468 2101 537 2146 non
556 2073 646 2144 idem
660 2077 902 2170 imperassem⁹
920 2075 1096 2160 omnibus,
1111 2099 1175 2168 per
1189 2073 1326 2144 diversa
1338 2080 1366 2112 ¹⁰

326 2293 347 2324 ι.
364 2271 466 2324 Solida.
477 2271 566 2324 Firma
577 2308 585 2334 ,
599 2289 651 2323 non
664 2267 738 2322 lstile
749 2267 807 2322 loeo
856 2267 974 2320 adbonu
982 2281 1046 2322 srtes
1057 2267 1307 2339 trunstsrlerint,jsm
1315 2289 1369 2322 sm-

295 2349 468 2416 morende,in
474 2350 563 2404 melius
571 2345 808 2412 mutends,Gsllite
857 2365 901 2398 nes
912 2344 974 2396 boni
988 2345 1113 2397 eraserint
1121 2345 1198 2398 simul
1214 2359 1240 2398 et
1252 2345 1346 2399 leliees.
1355 2371 1370 2394 u

296 2433 379 2487 solide
387 2471 396 2495 ,
412 2429 598 2484 iue'brunluble.
614 2429 703 2482 Minus
722 2440 807 2480 tamen
879 2427 903 2477 5.
916 2424 1037 2490 Interim,
1049 2425 1066 2477 i.
1079 2446 1101 2477 e.
1112 2425 1248 2478 interdum.

298 2511 442 2581 frequenter
456 2507 546 2560 usitsts
557 2527 586 2560 es
602 2527 651 2560 vor
669 2519 705 2558 est
719 2505 748 2560 iu
759 2504 809 2558 hue
880 2500 905 2553 li.
922 2500 1086 2561 Intmssem,
1111 2515 1157 2553 ete.
1180 2503 1237 2555 linc
1255 2503 1372 2576 imagine

298 2605 373 2642 sensu
381 2622 389 2652 ‚
397 2605 474 2656 quem
482 2597 510 2638 ut
522 2595 602 2648 tutus,
614 2587 723 2651 integer,
733 2581 810 2634 nulla
857 2579 960 2632 Veteres
973 2599 1037 2653 saepe
1049 2581 1078 2634 in
1089 2580 1137 2634 lise
1149 2601 1176 2633 re
1186 2583 1227 2634 usi
1236 2597 1310 2648 snut,
1321 2605 1374 2635 me·

299 2667 422 2716 mixtura
436 2665 545 2714 vitristus
558 2659 717 2732 (massisvel
724 2661 810 2726 plein)
858 2657 944 2710 ticina
953 2658 1064 2732 eorporis
1078 2659 1110 2710 sd
1120 2659 1278 2714 medicinam
1288 2662 1373 2714 animi

298 2739 463 2811 significetur.
471 2740 608 2791 Sicsurum
615 2738 726 2790 solidum
734 2776 742 2800 ,
751 2757 811 2790 sse-t
858 2736 983 2790 translata.
995 2735 1070 2788 cont.
1083 2737 1182 2790 Galak-
1199 2738 1230 2790 sd
1246 2741 1374 2793 Antonin.

300 2819 403 2890 lidoque
411 2817 544 2871 sdsmente
557 2817 681 2870 eulumnae
691 2839 705 2864 t·
716 2813 809 2888 (virg.
857 2837 882 2888 p·
898 2834 956 2886 192.
971 2815 986 2885 S
997 2817 1027 2874 8:
1039 2815 1128 2868 locum
1139 2816 1289 2887 ptaetlttttm
1300 2818 1374 2870 Sim·

301 2898 422 2962 AEn.V1,
433 2899 506 2964 552),
518 2896 559 2950 cni
566 2908 727 2970 opponuntur
738 2893 811 2946 brsez
858 2895 927 2968 plinii
940 2896 967 2946 in
976 2896 1083 2969 Epicteti
1091 2897 1223 2948 Euchirid.
1236 2919 1261 2968 p.
1269 2917 1313 2967 91,
1322 2917 1353 2970 qs
1364 2937 1372 2962 ,

301 2976 421 3040 tests,vel
433 2976 564 3038 leminsts,
576 2973 659 3042 nobis,
671 2975 811 3042 teptaqst.
859 2974 919 3042 (ed.
930 2974 1048 3048 Lngdnn.
1062 2975 1138 3042 1540,
1154 2979 1181 3042 4)
1190 2977 1267 3030 eddo.

319 3075 342 3106 2.
352 3053 545 3122 Olim.quoere'sl
553 3053 621 3126 Ergo
628 3049 808 3124 jamdudum,o
877 3073 898 3122 7.
906 3055 937 3108 V
934 3056 1373 3109 nletudinurr'mrstletndinarium

301 3131 387 3194 miser,
396 3131 546 3204 supplicium
554 3127 751 3204 eupislrlnnno,
761 3141 807 3182 ete.
858 3131 927 3184 loeus
949 3144 1000 3184 erst
1016 3131 1049 3184 ed
1065 3146 1171 3206 egrotos
1183 3153 1269 3188 serres
1284 3148 1310 3186 et
1323 3136 1374 3186 mi-

325 3210 348 3264 3.
359 3209 492 3264 Velutato.
500 3207 594 3262 tn'eod.
604 3205 693 3260 Siculo
701 3219 811 3260 erstem-
857 3209 914 3262 lites
930 3210 1054 3264 curandos
1065 3213 1209 3266 destinabis.
1221 3217 1248 3268 J.
1257 3215 1288 3266 F.
1300 3215 1374 3268 Gro-

302 3287 469 3359 lutale,quud
480 3300 505 3338 et
514 3286 588 3339 facile
602 3285 738 3358 explicetur
747 3305 810 3350 ,nse
860 3309 920 3344 nov.
938 3291 1034 3362 primns
1055 3291 1122 3352 liene
1145 3295 1213 3348 rucis
1227 3307 1373 3368 potestatem

304 3367 433 3440 inelegans
444 3381 487 3423 est.
862 3368 975 3442 exposuit
990 3370 1023 3422 sd
1038 3371 1129 3425 Senes.
1149 3373 1207 3424 Nat
1230 3373 1327 3441 Quest.
1346 3375 1374 3436 l,

326 3451 350 3516 4.
363 3447 418 3500 Per
426 3459 497 3500 ma..
507 3448 660 3516 .supplice'a.
668 3445 698 3498 ld
709 3458 758 3510 est,
767 3444 813 3516 qui
861 3449 931 3522 praei.
946 3467 1026 3520 eoque
1039 3449 1145 3504 nomine
1157 3451 1273 3506 laudatus
1288 3473 1303 3504 s
1315 3453 1376 3508 Ges·

304 3538 328 3578 te
339 3525 416 3580 simul
425 3537 500 3596 etque
511 3525 574 3578 elios
585 3523 706 3578 miserum
718 3524 746 3576 in
757 3543 813 3576 mo·
862 3547 925 3578 nero
936 3527 963 3578 in
976 3527 1062 3597 Lerie
1075 3542 1135 3582 rust
1149 3529 1207 3582 luv.

305 3603 368 3656 dum
380 3601 516 3666 vexeristi,
536 3602 588 3654 sive
600 3601 760 3656 conscientie
770 3602 816 3654 sti·
889 3607 913 3658 8.
924 3605 1043 3658 Domum
1054 3609 1143 3662 divitis
1155 3609 1269 3662 itlnretns
1281 3612 1375 3662 omise-

306 3681 382 3734 mulis
396 3679 537 3733 identidem
554 3679 662 3753 agitatus
677 3677 815 3743 exstiteris,
865 3696 921 3747 rat,
936 3693 1022 3736 contre
1036 3705 1123 3738 omnes
1135 3685 1228 3750 libres,
1241 3705 1295 3739 non
1307 3706 1377 3739 asse-

306 3761 360 3814 sive
374 3759 444 3833 quod
459 3760 515 3833 plus
537 3779 619 3834 opere
638 3773 662 3812 et
678 3758 772 3812 liboris
787 3757 816 3811 in
866 3774 937 3815 cutus
952 3765 1038 3816 sorsin
1052 3785 1128 3836 quum
1138 3766 1170 3818 ob
1187 3785 1289 3818 esussm
1305 3765 1332 3818 id
1346 3764 1378 3832 sd

307 3839 473 3914 perpetrando
485 3839 636 3911 malequam
649 3839 674 3892 in
684 3859 818 3910 exsequen·
866 3842 1093 3896 valetudinarium
1105 3841 1268 3914 conjunctum
1277 3843 1318 3894 sit.
1329 3845 1376 3894 Vs·

308 3917 342 3972 du
354 3915 439 3972 officio
453 3917 615 3991 impenditur.
627 3917 701 3970 Unde
712 3917 817 3989 quidem
866 3916 1016 3972 letndinsris
1028 3918 1123 3993 privetu
1136 3921 1227 3973 innuit.

309 3996 665 4050 ererentioribnsverissime:
682 4020 695 4044 ιι
705 3997 817 4068 Siquam
891 4016 915 4068 9.
941 3996 1133 4066 Impemssem,
1151 3999 1375 4074 prescripsissent,

309 4096 411 4150 operam
424 4075 457 4126 ad
469 4073 664 4148 excogitmdutn
677 4088 702 4127 et
716 4089 820 4128 struen-
867 4075 1022 4144 προσΊᾶξαιμ
1034 4077 1062 4128 dr
1070 4113 1079 4144 ,
1088 4077 1217 4144 arisidium:
1229 4077 1267 4128 ts.

214 4177 218 4188 ·
310 4151 371 4204 dum
386 4167 410 4206 et
422 4149 608 4206 admittendum
623 4151 704 4204 serlus
713 4151 822 4225 plurimi
896 4151 1375 4218 10.Perdtoma‚i.e.dirersom0d0,

311 4231 457 4294 insumunt,
484 4229 552 4290 illius
569 4227 703 4283 dimidiam
726 4243 820 4302 purtem
870 4230 1091 4305 dirersiscsrporis
1099 4232 1161 4286 loeis
1174 4245 1198 4284 et
1208 4234 1336 4286 membris.
