2894 4954
318 454 384 539 344
473 451 547 560 DE·
564 451 1046 542 TRANQUILLITATE
1068 451 1225 519 ANIMI

317 581 429 650 lusum
445 604 486 650 ac
507 581 591 648 leste
607 595 780 674 tempora,
801 580 934 648 virilem
953 581 990 648 in
1006 579 1140 648 modum
1157 575 1374 671 tripudiare,

319 721 389 766 non
408 699 529 766 lecturi
544 697 806 780 detrimentum,
823 699 924 766 etium
940 698 968 766 si
981 698 1025 766 ab
1040 695 1194 765 hostibus
1208 697 1282 764 suis
1301 717 1380 786 spe-

207 875 211 882 .
319 826 506 880 ctarentur.
522 809 644 878 Danda
655 825 707 878 est
719 810 870 878 remissio
882 811 1027 878 animis:
1048 808 1203 877 meliores
1221 807 1383 875 acriores·

321 953 389 1020 que
407 929 554 1020 requieti
576 943 729 1022 surgent.
747 925 794 996 Ut
811 925 978 995 fertilibus
996 927 1088 1020 agris
1103 948 1173 994 non
1194 941 1247 992 est
1271 925 1380 1016 impe·

320 1042 465 1112 randum
480 1072 490 1129 ς
507 1044 574 1111 cito
592 1043 683 1110 euim
704 1042 880 1114 exhauriet
899 1041 974 1110 illos
996 1063 1169 1133 nunquam
1188 1039 1379 1107 intermissu

320 1158 520 1227 fecunditas
534 1185 541 1224 :
554 1159 600 1226 its
613 1159 801 1226 animorum
813 1157 956 1249 impetus
965 1153 1118 1224 assiduus
1130 1153 1228 1221 labor
1238 1152 1376 1244 frangit.

266 1303 294 1338 n
320 1275 419 1342 Vires
439 1274 605 1366 recipient
618 1272 768 1365 paullum
790 1270 927 1340 resoluti
946 1286 980 1338 et
996 1271 1138 1339 remissi.
1162 1270 1323 1336 Nascitur
1339 1291 1378 1336 ex

319 1389 515 1459 assiduitate
546 1389 698 1457 laborum
724 1390 913 1458 animorum
937 1388 1107 1458 hebetatio
1131 1385 1315 1478 quedam,
1347 1399 1379 1452 et

319 1508 464 1600 languor
481 1533 489 1572 :
506 1529 570 1574 nec
584 1505 628 1572 ad
646 1506 712 1574 boc
730 1519 822 1572 tanta
834 1504 1006 1572 bominum
1020 1501 1188 1595 cupiditas
1201 1501 1374 1581 tenderet,

319 1625 385 1692 uisi
399 1623 587 1691 naturalem
600 1621 778 1714 quamdam
797 1619 1000 1713 voluptatem
1013 1619 1155 1688 baberet
1168 1618 1260 1686 lusus
1270 1618 1380 1710 jocus·

321 1763 416 1831 que,
440 1763 583 1831 quorum
608 1738 769 1831 frequens
781 1775 784 1780 ·
798 1759 878 1805 usus
908 1760 1006 1805 omne
1024 1736 1143 1804 animis
1159 1732 1296 1828 pondus
1313 1757 1380 1800 om-

321 1875 467 1944 nemque
485 1853 553 1922 vim
573 1852 706 1945 eripiet.
728 1851 812 1920 Nam
830 1864 865 1918 et
882 1873 1017 1918 somnus
1033 1848 1209 1917 refectioni
1225 1869 1380 1914 necessr-

322 1969 393 2038 rius
410 1984 461 2036 est
480 1995 488 2032 :
509 1968 602 2035 hunc
614 1983 725 2036 tamen
739 1968 767 2035 si
779 1991 843 2059 per
855 1965 944 2034 diem
959 1982 1159 2058 noctemque
1176 1967 1376 2045 continues,

322 2106 411 2151 mors
424 2083 490 2150 erit
505 2087 529 2148 ¹.
543 2082 689 2152 Multum
700 2083 862 2164 interest,
878 2083 1027 2150 remittas
1037 2079 1167 2172 aliquid
1177 2129 1186 2163 ,
1198 2104 1242 2148 an
1253 2081 1376 2148 solvus.

323 2201 454 2292 Legum
476 2197 667 2268 conditores
685 2198 786 2266 festos
802 2197 1020 2266 instituerunt
1037 2196 1128 2279 dies,
1143 2212 1181 2263 ut
1200 2195 1245 2264 nd
1261 2195 1383 2262 hilari·

324 2329 424 2382 tutem
444 2313 601 2382 homines
620 2311 755 2404 publice
773 2327 977 2405 cogerentur
989 2316 1021 2394 ¹3
1046 2327 1205 2404 tunquam
1221 2334 1380 2378 necesse·

268 2443 298 2498 13
322 2429 410 2497 rium
423 2427 594 2496 laboribus
606 2428 859 2519 interponentes
871 2440 1183 2518 temperamentum.
1195 2427 1237 2492 Et
1248 2427 1378 2518 magni,

321 2559 360 2612 ut
380 2542 486 2613 didici
497 2537 524 2625 ⁵,
544 2544 610 2613 riri
629 2541 766 2635 quidum
785 2541 849 2610 sibi
868 2555 1055 2608 menstruos
1074 2541 1175 2608 certis
1193 2538 1318 2608 diebus
1333 2542 1380 2607 le-

230 2693 233 2700 ·
322 2658 391 2728 rias
407 2658 534 2726 dubunt
550 2684 559 2722 ε
576 2656 713 2750 quidam
731 2656 862 2724 nullum
880 2678 947 2723 non
967 2652 1057 2722 diem
1074 2655 1164 2722 inter
1177 2668 1213 2720 et
1225 2653 1335 2721 otium
1351 2671 1383 2722 et

322 2799 421 2844 curas
435 2773 652 2859 dividebant3
668 2773 801 2866 qualem
810 2771 993 2842 Pollionem
1006 2765 1197 2853 Asiniuml,
1214 2787 1382 2839 oratorem

322 2912 501 2981 magnum,
521 2887 757 2968 meminimus,
779 2907 880 2976 quem
897 2883 990 2952 nulla
1014 2907 1069 2952 res
1086 2883 1175 2952 ultra
1194 2875 1383 2952 ⁵decimum

290 3179 293 3187 ,
321 3124 377 3197 tigit
388 3127 447 3179 Nat
458 3126 491 3193 Q.
501 3124 545 3178 lib.
557 3125 624 3190 vn,
637 3144 690 3199 etp.
700 3125 741 3178 31.
753 3124 827 3178 Gru·
876 3123 974 3195 Lipsius
984 3121 1069 3176 laudnt
1078 3123 1178 3177 l’lstou.
1192 3125 1224 3178 de
1240 3125 1323 3198 legg.
1340 3125 1383 3177 lib.

320 3203 422 3256 teudiet
432 3203 539 3256 ssltsndi
548 3203 752 3258 cbscoensrtudiu
760 3204 828 3256 ettoe-
875 3203 937 3266 vlt,
951 3221 1007 3274 pag.
1018 3201 1063 3254 361
1075 3239 1082 3260 ‚
1092 3201 1234 3274 liipTom.
1243 3202 1319 3267 vltt,
1328 3203 1381 3274 liip.

320 3279 429 3332 minator
438 3293 525 3334 teuent
536 3319 544 3344 ‚
557 3280 592 3333 sit
600 3281 697 3336 Seneca
710 3295 791 3355 pater,
803 3294 827 3334 et
874 3281 919 3333 ubi
929 3280 1018 3333 endem
1027 3280 1151 3332 sententis
1161 3279 1276 3332 occurrit

320 3355 427 3408 mollitie
440 3358 550 3431 corporis
563 3369 655 3412 certus
668 3379 726 3410 curn
737 3359 826 3414 stemi-
907 3377 930 3408 n.
944 3357 1102 3428 Csrgrmrtur.
1115 3357 1348 3430 Congregarentur.

320 3433 375 3500 uis,
388 3447 531 3487 nostrorum
550 3433 746 3488 adolescentium
764 3455 825 3510 spc-
907 3433 930 3486 3.
941 3435 1038 3486 Didio.
1052 3435 1147 3508 Recepi
1159 3435 1187 3486 in
1203 3447 1299 3487 textum
1316 3435 1380 3486 bunt

321 3511 402 3562 cimon
419 3512 531 3565 ostiam
544 3512 645 3565 Horatii
658 3524 769 3586 tempore
784 3513 825 3566 bic
874 3507 951 3582 lipsii
967 3510 1146 3579 conjecturam.
1166 3514 1249 3563 Antea
1266 3513 1346 3575 dia-1¹3
1356 3523 1381 3560 at

319 3607 375 3640 mos
393 3589 566 3642 solutionibus
584 3589 689 3656 ionicis,
708 3590 725 3642 i.
738 3612 760 3644 e.
778 3591 826 3644 ob-
873 3606 997 3658 nurqusm
1010 3590 1127 3640 dia-emt.

318 3667 425 3732 scoenis,
437 3667 470 3718 sd
481 3667 600 3720 libidines
610 3668 751 3721 ercitsudts
762 3669 825 3741 optio
906 3667 930 3730 d·
937 3665 1082 3720 Pollionem
1093 3669 1225 3720 Asinium.
1238 3667 1331 3718 Ontor
1338 3667 1379 3717 ille

320 3743 481 3808 delectandi,
505 3765 534 3797 ex
555 3765 606 3816 quo
628 3747 718 3818 puell}
735 3745 825 3800 ionice
874 3741 1378 3818 celeberrimusfuit‚etamplissimislun·

319 3819 441 3873 llomsnis
457 3821 601 3893 proceribus
620 3822 647 3874 in
663 3821 757 3875 deliciis
773 3841 825 3875 esre
874 3821 1139 3884 ctus‘estbonoribns;
1155 3823 1379 3897 “distinguendos

318 3915 432 3968 coepere,
454 3898 544 3952 Rome
565 3899 681 3951 invaluit.
703 3899 763 3952 Mor
784 3919 824 3952 ers
874 3911 932 3950 ests
945 3898 1028 3952 Vedio
1041 3900 1169 3954 Pollione.

316 3973 421 4027 imitato
437 3987 495 4027 runt
512 3993 623 4029 romane
639 3975 729 4047 puelle
742 3989 767 4028 et
777 3975 824 4049 ipsi
905 3974 1081 4028 &Decimam
1093 3978 1217 4044 Quartam
1226 3979 1317 4032 bon·
1327 3993 1377 4052 post

317 4048 375 4100 viri.
383 4051 471 4104 llorst.
481 4052 531 4104 0d.
539 4053 629 4117 lll,6‚
642 4072 689 4118 nrt,
698 4051 732 4105 ib.
743 4053 824 4126 lntpp.
872 4053 1055 4120 meridianum,
1066 4075 1094 4108 er
1104 4069 1190 4109 nocuo
1200 4057 1375 4126 moreloqurn-

317 4124 434 4199 inprimis
445 4128 501 4183 Boet
514 4129 519 4140 '
540 4149 574 4182 er.
872 4130 898 4184 di
910 4167 918 4195 ,
928 4149 1006 4184 cotue
1018 4145 1042 4182 ot
1050 4151 1117 4186 cure
1128 4135 1240 4208 corpori»
1249 4135 1318 4206 spnd
1329 4135 1377 4186 llo—

350 4205 457 4258 ibam
471 4219 498 4260 et
526 4226 619 4260 minus
621 4243 670 4260 ......
684 4209 824 4260 merserit.
871 4208 1127 4262 msuosdestinstsm.
