2930 4956
238 491 241 498 ⁴
305 503 361 569 xiv
633 493 898 564 EDITORIS
929 495 1067 564 NOVI

304 633 559 712 exemptarum,
576 616 612 682 iu
625 615 711 684 vivis
725 639 798 683 esse
813 615 954 684 desierit
969 644 979 704 ς
997 632 1172 711 tantopere
1188 643 1302 691 amore
1317 625 1377 692 Sc·

304 757 397 802 neem
416 731 629 800 emendatius
652 731 832 824 promendi
852 729 997 822 ideoque
1024 755 1099 799 cum
1120 732 1242 802 horum
1267 736 1378 805 subsi-

300 852 446 935 diorum,
457 865 529 918 tum
542 849 571 916 si
583 871 659 939 qna
672 847 755 916 alibi
769 847 981 934 delitescant,
991 851 1301 941 recuperandorum
1313 855 1377 922 fle-

305 984 399 1062 gmt,
413 982 452 1034 ut
465 965 556 1034 omni
570 964 657 1032 inid
671 987 773 1056 opere
787 964 935 1032 insumta
947 989 1051 1056 quum
1067 967 1208 1035 maxime
1222 968 1258 1035 id
1270 985 1350 1061 agat
1365 1019 1375 1052 ,

303 1100 341 1152 ut
356 1098 509 1152 votorum
529 1095 722 1148 nostrorum
740 1077 952 1148 damnemur.
975 1079 1142 1164 Accedit,
1165 1085 1256 1174 qnod
1276 1087 1378 1153 etiam

303 1199 456 1299 Heynius
476 1199 518 1266 V.
539 1195 593 1264 Ill.
610 1245 618 1276 ‚
647 1219 749 1286 quom
776 1211 1018 1289 praeceptorem
1037 1197 1117 1264 olim
1137 1223 1249 1268 meum
1270 1200 1381 1271 dilec-

302 1313 466 1382 tissimum
493 1310 645 1404 parentis
671 1308 744 1378 loco
771 1310 935 1378 carissimi
962 1333 1130 1396 veneror,
1151 1312 1260 1382 literis
1281 1339 1302 1384 a
1320 1339 1378 1385 me

300 1429 544 1524 compellatus,
565 1427 714 1496 studium
738 1443 772 1494 et
797 1451 933 1520 operum
963 1430 1109 1522 inceptis
1134 1431 1227 1500 hisce
1252 1438 1379 1504 uostris

298 1552 541 1648 promovendis
557 1553 757 1645 promittere
775 1550 937 1644 dignutus
952 1553 1007 1619 sit.

353 1699 371 1734 s
383 1673 434 1740 Ita
452 1669 553 1738 rebus
567 1691 732 1763 prospere
747 1685 781 1736 et
796 1667 840 1736 ad
853 1668 1060 1738 voluntatem
1076 1685 1224 1738 nostram
1241 1673 1381 1743 fluenti-

299 1787 364 1855 bus
384 1786 559 1879 inopinato
576 1785 613 1852 in
631 1807 726 1876 spem
744 1799 939 1876 pergratum
955 1783 1121 1854 adductus
1136 1802 1209 1854 sum
1226 1787 1317 1871 sore,
1335 1807 1378 1857 ut

299 1904 389 1972 hanc
403 1905 538 1972 Sensere
557 1901 648 1993 Opp.
670 1897 852 1966 editionem
872 1899 967 1968 hisce
978 1899 1157 1970 decoribus
1176 1919 1327 1972 ornatam
1342 1923 1382 1973 et

299 2020 457 2112 squalore
475 2019 534 2110 qui
557 2041 576 2086 a
596 2016 745 2085 librariis
762 2016 912 2106 antiquis
936 2015 1073 2086 additus
1093 2036 1168 2102 est,
1198 2021 1381 2091 liberatem

301 2159 404 2228 opere
418 2157 493 2202 mes
508 2133 760 2225 qualicunque,
779 2131 833 2198 isti
854 2131 1098 2201 emendationis
1113 2137 1216 2202 statui
1230 2136 1381 2206 reddere

301 2275 405 2321 coner
420 2301 430 2332 ‚
448 2249 557 2342 qualis
570 2263 605 2316 et
615 2248 758 2341 egregio
771 2247 894 2316 horum
909 2249 1060 2342 Operum
1074 2267 1229 2334 auctore,
1248 2269 1283 2320 et
1297 2253 1381 2322 luce

302 2385 490 2459 temporum
505 2388 572 2456 quo
584 2362 788 2456 gaudemus,
806 2360 931 2456 dignus
945 2365 999 2433 sit.
1016 2367 1230 2436 Praestitisset
1243 2369 1376 2452 forsan,

301 2483 345 2552 ab
363 2483 461 2550 initio
485 2503 596 2575 operm
617 2501 700 2548 meae
718 2477 773 2548 his
790 2478 952 2550 subsidiis
972 2483 1173 2550 instructum
1196 2491 1291 2566 csse,
1314 2484 1382 2552 sed

301 2625 406 2694 quum
419 2623 458 2667 ea
472 2598 551 2666 lieri
566 2621 635 2664 nun
648 2597 822 2688 potuerint
838 2647 847 2677 ‚
868 2597 934 2666 hoc
947 2599 1074 2667 Catone
1088 2615 1286 2668 contentum
1301 2624 1383 2670 esse

302 2733 447 2814 oportet.
473 2716 583 2786 Satius
606 2710 750 2807 proinde
767 2735 841 2782 esse
865 2712 1040 2798 duxerim,
1069 2733 1107 2785 ut
1128 2741 1260 2786 omnem
1285 2717 1385 2788 hunc

301 2835 546 2914 collectionem,
565 2828 836 2923 cujusaugcndae
853 2855 945 2924 spem
964 2833 1070 2919 foveo,
1084 2836 1119 2902 in
1138 2850 1264 2902 sextum
1279 2835 1385 2906 volu-

303 2976 381 3020 men
403 2949 606 3041 conjiciam,
629 2948 675 3014 its
697 2962 829 3030 tamen,
851 2964 889 3016 ut
911 2949 1084 3019 interdum
1103 2951 1139 3019 in
1155 2952 1382 3020 Naturalibus

301 3071 437 3136 Seneca.
458 3061 713 3158 Quaestionibus
729 3065 1011 3156 recognoscendis
1033 3091 1071 3136 ea
1094 3068 1144 3135 uti
1158 3067 1263 3136 ¹liccat
1280 3095 1288 3134 ε
1308 3093 1384 3160 qua

302 3185 459 3252 libertnte
478 3181 580 3252 ctiam
598 3203 680 3248 usus
695 3178 832 3248 fuissem
850 3182 887 3248 in
912 3183 1221 3275 Epigrammatibus
1241 3185 1384 3252 Senecoe

303 3301 408 3371 tribui
427 3299 534 3368 solitis
549 3313 583 3366 et
598 3299 636 3364 in
651 3293 748 3364 Ludo
763 3295 806 3363 dc
823 3313 929 3364 morte
944 3297 1099 3382 Claudii,
1118 3299 1183 3368 nisi
1206 3300 1383 3368 fasciculis

303 3417 448 3486 Fessleri
477 3415 658 3484 Lectiones
688 3411 857 3482 variantes
880 3414 924 3481 ad
953 3415 1015 3482 hos
1034 3415 1165 3484 libellos
1185 3431 1383 3508 spectantes

304 3535 475 3602 deessent.
496 3559 511 3594 s
609 3543 611 3548 ’

909 3624 920 3683 (
932 3623 1062 3676 Scribebat
1071 3643 1139 3676 nuno
1153 3625 1238 3689 1808.)

352 3779 451 3843 Nunc
470 3769 512 3841 de
534 3769 655 3840 ordine
672 3792 771 3862 quem
789 3771 826 3837 in
844 3770 943 3839 libris
956 3771 1175 3865 disponendis
1192 3797 1252 3842 nos
1266 3777 1379 3842 secuti

305 3915 431 3960 snmus.
447 3892 604 3981 Quorum
617 3886 792 3979 dispositio
805 3911 911 3978 quum
925 3887 996 3956 lere
1015 3890 1051 3956 iu
1071 3913 1206 3982 qusque
1223 3889 1380 3960 editione

304 4011 455 4078 varietur
476 4007 490 4095 (
498 4004 546 4072 nil
567 4004 657 4072 enim
672 4002 715 4071 de
732 4019 911 4096 aetateque
928 4005 1085 4099 plerique
1100 4009 1282 4101 conscripti
1293 4027 1379 4077 sunt

306 4125 472 4216 constat),
495 4147 556 4190 nos
576 4121 633 4188 ills
650 4120 912 4214 praecedentinm
939 4121 1106 4191 editurum
1129 4125 1287 4193 libertate
1303 4129 1374 4206 usi,

305 4243 435 4334 aliquas
454 4239 655 4308 mutationes
672 4238 884 4307 tentavimus.
904 4239 1112 4332 Tempurum
1127 4243 1268 4325 seriem,
1291 4267 1379 4334 qna·
