2930 4956
285 445 364 512 xxiv
522 443 592 512 DE
617 445 748 514 vlTa
771 443 843 514 ΕΤ
869 447 1114 518 SCRIPTIS

286 609 352 670 cap.
371 589 432 670 17.)
446 585 508 649 Sed
530 585 639 650 Rome
659 590 722 671 jam
736 607 864 650 morem
877 589 960 650 duxit
973 613 981 650 t
994 610 1104 670 pram,
1120 609 1181 653 non
1194 595 1357 676 estprodi-

285 707 350 756 tum
358 717 367 770 3
389 691 529 756 habuisse
544 707 664 772 tamen,
678 693 769 756 liberi
783 695 931 758 evincunt.
951 693 1034 760 Nam
1048 696 1113 780 ipse
1127 697 1259 760 Marcion
1275 700 1357 760 dlut-

285 799 433 862 desimam
447 821 580 879 puerum,
596 798 691 862 multa
706 799 794 862 laude
810 814 840 862 et
853 799 965 864 affectu
980 815 1214 881 commemorat,
1230 805 1269 867 ad
1283 804 1358 866 Hel-

286 905 367 968 viam
386 917 517 968 matrem
537 928 544 964 ε
562 926 661 986 neque
677 905 890 990 ambigendum
906 907 977 990 quin
998 907 1078 972 lilius
1097 909 1146 972 sit.
1158 907 1220 973 Vel
1233 931 1357 974 carmen

286 1010 351 1094 ejus
364 1012 488 1088 doceat,
505 1010 556 1073 nbi
571 1011 650 1074 inter
664 1023 734 1074 vota
751 1035 759 1070 ι

351 1237 355 1246 ,
421 1175 464 1228 Sic
476 1175 545 1230 dulci
560 1175 663 1231 Marcus
675 1176 720 1248 qui
731 1195 800 1230 nunc
810 1197 926 1231 sermone
937 1178 1064 1248 fritinnit,

475 1266 597 1322 Facundo
610 1280 711 1342 patrnos
722 1281 840 1341 provocet
855 1289 899 1322 ore
911 1269 982 1323 duos.

285 1403 368 1468 Nam
382 1421 414 1468 ut
427 1407 496 1470 illos
509 1408 649 1482 audiam,
665 1409 716 1490 qui
731 1411 769 1471 ad
783 1407 927 1474 Marcum
946 1407 1103 1472 Lucanum
1116 1409 1174 1472 hoc
1195 1410 1330 1472 relemnt
1345 1457 1357 1484 ,

285 1515 363 1575 ratio
374 1535 435 1576 non
450 1516 574 1578 videtur.
584 1516 676 1597 Atqui
686 1516 871 1578 mentionem
880 1516 991 1601 prioris
1005 1517 1176 1578 uxorisnon
1190 1517 1270 1580 lacit.
1283 1515 1361 1578 Non

287 1621 317 1682 in
333 1621 380 1682 his
396 1622 500 1699 libris,
519 1623 637 1686 fateor:
655 1623 726 1703 quid
744 1623 829 1685 tum?
849 1644 905 1686 nec
921 1621 1026 1685 Annaei
1043 1623 1135 1685 etiam
1149 1621 1239 1686 Melae
1255 1623 1361 1687 fratris

287 1726 465 1790 nominatim
476 1752 484 1800 ;
497 1749 559 1790 non
570 1750 643 1812 ergo
657 1728 783 1794 habuit?
799 1725 865 1791 Etsi
880 1729 1056 1803 videndum,
1070 1749 1108 1790 an
1122 1750 1185 1790 non
1200 1731 1238 1792 de
1252 1728 1361 1813 priore

287 1853 379 1894 uxore
393 1833 495 1916 capias
511 1835 592 1895 ista:
615 1862 630 1888 ιι
647 1831 837 1917 Harpasten,
856 1833 957 1896 uxoris
980 1856 1056 1900 meae
1070 1833 1199 1912 fatuam,
1218 1834 1276 1898 scis
1298 1836 1362 1897 lte-

286 1938 461 2001 reditarium
480 1959 556 2002 onus
576 1939 608 2000 in
630 1939 745 2001 familia
767 1959 836 2001 mea
860 1938 1050 2001 remansisse.
1066 1937 1217 2023 »(Epist.
1233 1942 1277 2018 r.)
1295 1939 1362 2002 Vix

285 2045 366 2105 enim
381 2057 471 2106 estut
484 2033 521 2107 de
536 2043 719 2122 Paulinasic
732 2044 888 2126 loquatur,
907 2057 936 2106 et
952 2043 1060 2106 sentiat
1082 2067 1089 2104 :
1108 2044 1172 2108 imo
1186 2066 1262 2107 onus
1275 2045 1364 2107 rele-

286 2163 337 2232 gat
350 2152 388 2211 ad
402 2149 573 2213 defunctam
593 2171 737 2226 uxorem,
756 2169 774 2211 a
794 2170 853 2231 qua
872 2169 966 2236 penes
985 2149 1131 2212 heredem
1153 2171 1224 2214 curn
1237 2149 1296 2212 alia
1312 2151 1365 2211 fa-

288 2253 370 2314 milia
387 2255 506 2316 mansit.
519 2253 582 2318 Sed
595 2256 705 2318 clarius
719 2255 810 2316 etiam
825 2255 899 2317 alibi
922 2279 930 2314 ι
945 2281 961 2309 «
973 2251 1077 2336 Quum
1093 2253 1244 2318 sublatum
1260 2268 1306 2317 est
1319 2255 1365 2317 lu·

286 2381 357 2421 men
373 2405 381 2438 ,
400 2375 430 2423 et
447 2381 521 2422 uxor
537 2362 631 2426 moris
647 2361 708 2423 mei
722 2363 785 2444 jam
801 2361 921 2424 conscia
933 2361 1084 2424 conticuit.
1100 2388 1116 2416 ι
1132 2359 1201 2441 (lll
1215 2359 1266 2424 De
1277 2359 1365 2440 Ira.)

286 2463 363 2546 Quae
383 2467 481 2528 uxor?
502 2467 552 2530 illa
569 2467 669 2550 prior;
690 2487 763 2528 nam
778 2465 850 2530 libri
864 2470 901 2528 de
915 2463 983 2538 lra,
1001 2463 1079 2530 Caio
1095 2465 1294 2544 adhucvivo,
1311 2467 1364 2529 vi-

285 2574 392 2634 dentur
405 2573 523 2657 scripti,
537 2575 568 2635 in
582 2573 650 2637 loco
668 2573 756 2636 nobis
770 2574 901 2636 doctum.
912 2571 954 2636 Ar
967 2571 1125 2636 Paulinam
1137 2587 1207 2656 post
1221 2575 1366 2637 exsilium

287 2680 415 2764 denique
430 2683 531 2760 duxit,
546 2681 683 2743 nobilem
695 2680 850 2744 laminam
864 2706 871 2742 ε
884 2703 965 2763 que,
980 2683 1121 2762 inquam,
1133 2683 1196 2764 jam
1211 2683 1275 2744 seni
1285 2704 1368 2768 nup-

286 2786 340 2864 sit,
358 2801 389 2849 et
409 2789 524 2871 potenti
542 2789 573 2849 in
590 2787 669 2850 aula.
683 2786 775 2870 Quod
795 2788 893 2872 ipsum
912 2785 976 2850 Dio
996 2809 1138 2870 qnoque,
1155 2801 1207 2850 aut
1228 2789 1369 2870 quisquis

286 2893 340 2954 ille
362 2895 442 2976 apud
461 2891 597 2956 Dionem
619 2893 692 2962 tuit.
706 2969 709 2974 ,
721 2893 925 2976 obiiciendum
949 2891 1070 2970 Senecae
1094 2894 1210 2976 putavit
1225 2917 1232 2952 ι
1249 2915 1369 2976 nempe

287 3002 368 3081 quod
381 3013 468 3090 etate
481 3001 581 3083 gravis
594 3001 787 3084 juvenculam
802 2999 887 3062 illam
897 3001 1038 3064 duxisset
1054 2999 1140 3066 Talis
1153 3014 1278 3082 uterque
1289 3001 1369 3076 luit,

287 3121 317 3169 et
342 3107 406 3191 ipse
432 3105 548 3170 Seneca
573 3109 702 3192 prodit:
730 3135 744 3162 ιι
769 3105 839 3170 Hoc
863 3127 919 3190 ego
937 3105 1070 3168 Paulinae
1095 3127 1169 3170 mee
1193 3107 1275 3184 dixi,
1298 3130 1372 3188 quae

286 3213 362 3274 milti
378 3213 581 3278 valetudinem
596 3236 697 3277 meam
720 3216 919 3277 commendat.
942 3212 1039 3276 Venit
1057 3213 1134 3275 milri
1154 3214 1186 3274 in
1201 3227 1339 3276 mentem
1357 3261 1367 3290 ,

285 3321 321 3382 in
335 3319 394 3383 hoc
409 3341 480 3383 sene
495 3335 525 3385 et
538 3321 761 3408 adolescentem
776 3341 860 3398 esse,
883 3322 931 3384 cui
953 3321 1096 3404 parcitur.
1115 3346 1131 3374 ι
1154 3317 1267 3402 (Epist.
1285 3321 1373 3400 mv.)

286 3429 529 3490 Adolescentem?
550 3429 648 3511 ipsam
668 3424 835 3489 Paulinam.
867 3424 948 3489 Sane
973 3447 1078 3488 amans
1104 3447 1140 3486 ea
1162 3426 1236 3503 viri,
1264 3439 1297 3489 ut
1319 3427 1369 3490 ibi

288 3534 424 3616 pluribus
437 3535 552 3616 jactitat
567 3558 574 3594 ι
591 3555 648 3596 nec
660 3532 755 3610 salso,
773 3533 847 3594 etin
862 3545 960 3596 morte
974 3534 1039 3614 ejus
1054 3531 1200 3607 ostendit,
1216 3531 1263 3594 cui
1274 3551 1370 3594 suam

288 3642 389 3722 (quod
404 3642 434 3701 in
450 3641 514 3722 ipsa
527 3639 604 3718 tuit)
616 3639 670 3702 ivit
684 3641 828 3722 junctum.
853 3636 962 3701 Postea
981 3636 1161 3702 videbimus.
1180 3636 1280 3718 Atque
1299 3639 1370 3700 istae

287 3766 398 3807 uxores
414 3769 422 3804 ε
439 3758 469 3807 et
482 3745 541 3808 alia
559 3745 620 3806 vita
636 3746 757 3825 quieta,
773 3757 804 3806 et
819 3743 884 3806 scre
902 3744 966 3806 sine
982 3743 1118 3822 offensa,
1135 3742 1253 3824 excipio
1268 3763 1372 3825 gran-

290 3856 359 3914 dem
374 3852 459 3914 illum
474 3850 571 3914 exsilii
587 3871 698 3914 meum.
713 3849 796 3912 Nam
810 3849 866 3911 sub
886 3847 1015 3914 Claudio
1028 3894 1037 3927 ,
1048 3849 1149 3932 primo
1162 3849 1283 3933 imperii
1298 3851 1371 3932 ejus

289 3980 387 4035 anno,
403 3981 495 4039 quum
508 3957 593 4020 Julia
613 3955 791 4020 Germanici
808 3956 870 4018 filia
886 3967 1024 4020 ammata
1039 3955 1177 4017 adulterii
1191 3969 1269 4018 esset
1287 3953 1370 4037 (Dii

288 4061 437 4146 Deaeque,
453 4061 646 4126 alllessalina
656 4065 682 4137 l)
696 4108 705 4139 ,
720 4077 751 4124 et
766 4061 831 4145 ipsa
846 4045 977 4124 extorris
987 4075 1032 4122 est
1045 4073 1112 4124 acta
1124 4087 1132 4133 ;
1146 4060 1271 4142 etquasi
1283 4060 1372 4124 inter

286 4172 440 4234 adulteros
455 4169 589 4246 Seneca,
608 4169 639 4236 in
655 4166 814 4232 Corsicam
830 4168 988 4251 relegatus.
1006 4167 1131 4230 Verane
1146 4165 1234 4250 culpa
1249 4166 1369 4242 luerit,

287 4297 349 4339 non
367 4276 465 4340 dicam
484 4301 491 4335 z
510 4275 620 4350 nolint,
648 4288 678 4336 et
692 4272 818 4338 Tacitus
839 4272 966 4338 sortasse
988 4295 1129 4346 mecum,
1155 4271 1225 4354 qni,
1251 4271 1304 4334 ubi
1326 4275 1371 4334 de
