2864 4998
324 487 390 576 tat
648 482 716 552 nn
740 482 868 552 vrrs
897 481 1067 553 auara

369 617 540 710 ll.Quum
558 613 710 682 debeata
729 614 796 682 rita
811 614 937 707 agitur,
954 637 1022 682 non
1037 610 1193 705 estquod
1204 613 1298 682 mibi
1312 612 1397 681 illud

324 725 569 818 discessionum
586 729 593 762 ¹
613 749 706 796 more
723 723 950 820 respondeas:
970 753 986 790 a
1005 729 1085 796 Haec
1096 749 1176 818 pars
1194 727 1315 818 major
1328 750 1398 794 esse

323 845 496 916 videtur.»
518 843 600 913 Ideo
612 845 703 914 enim
720 845 819 937 pejor
832 859 893 912 est.
916 845 992 912 Nou
1007 859 1073 910 tam
1090 843 1182 911 bene
1200 867 1287 911 cnm
1296 844 1399 912 rebus

323 961 482 1031 humanis
506 961 642 1054 agitur,
662 975 699 1028 ut
723 959 863 1028 meliora
880 959 1035 1053 pluribus
1053 937 1219 1052 'placeant
1240 985 1249 1023 ε
1284 983 1400 1052 argu-

323 1095 474 1148 mentum
492 1077 647 1171 pessimi,
674 1075 774 1144 turba
797 1091 860 1144 est.
881 1075 1099 1168 Quaeramus,
1121 1074 1208 1168 quid
1224 1078 1399 1168 optimum

324 1192 448 1262 factum
461 1194 526 1277 sit,
543 1216 611 1262 non
627 1191 711 1286 quid
728 1191 981 1260 usitatissimum
999 1217 1007 1257 ι
1032 1207 1067 1259 et
1083 1189 1167 1282 quid
1181 1214 1247 1258 nos
1264 1193 1306 1258 in
1321 1214 1400 1283 poe

323 1311 470 1378 sessione
488 1309 657 1378 felicitatis
682 1325 815 1376 eternae
835 1307 1033 1398 constituat,
1060 1331 1129 1376 non
1153 1307 1240 1399 quid
1262 1309 1396 1401 vulgo,

323 1427 477 1494 veritatis
489 1428 634 1519 pessimo
647 1425 840 1518 interpreti,
854 1423 1031 1517 probatum
1041 1424 1097 1491 sit.
1116 1423 1270 1517 Vulgum
1284 1441 1397 1492 autem

285 1565 301 1600 e
324 1557 392 1610 tam
410 1539 660 1634 chlamydatos,
685 1563 785 1631 quam
802 1553 976 1608 coronatos
994 1543 1007 1574 ⁸
1022 1563 1118 1606 voco.
1132 1541 1210 1605 Non
1225 1540 1328 1606 enim
1342 1563 1397 1606 oo·

324 1658 430 1728 lotum
450 1659 594 1728 vestium
608 1649 640 1738 ³,
662 1655 787 1748 quibus
809 1671 967 1748 pretextu
987 1677 1130 1748 oorpora
1148 1671 1246 1737 sunt,
1281 1654 1398 1749 adspi-

324 1776 378 1844 cio
405 1803 413 1842 :
434 1775 540 1844 oculis
556 1773 599 1842 de
612 1773 748 1840 bomine
762 1793 831 1840 non
844 1769 964 1854 credo3
987 1769 1096 1838 babeo
1110 1769 1232 1838 melius
1245 1773 1394 1839 ees-fiue-

325 1913 392 1982 qne
410 1889 550 1970 lumen,
572 1911 638 1980 quo
655 1911 681 1954 a
703 1885 793 1952 falsis
806 1907 887 1954 vera
905 1882 1091 1977 dijudicem
1110 1912 1118 1950 ι
1138 1886 1245 1952 animi
1267 1885 1393 1954 bonum

324 2003 456 2072 enimus
468 2001 629 2070 inveniat.
645 2000 721 2081 llic,
738 2000 768 2065 si
778 2021 926 2091 unquam
937 1998 987 2066 illi
1003 1999 1171 2092 respirare
1182 2015 1220 2066 et
1229 1997 1392 2066 recedere

325 2123 411 2190 inse
426 2117 596 2190 vacaverit
612 2109 649 2199 ⁴,
668 2139 688 2182 o
704 2113 884 2207 quamsibi
904 2115 978 2207 ipse
999 2135 1136 2198 verum,
1153 2131 1267 2182 tortus
1283 2107 1391 2198 ⁵ase,

327 2233 500 2322 fatebitur,
515 2257 555 2302 ac
568 2230 681 2300 dicet:
698 2227 902 2322 «Quidquid
917 2229 983 2298 leci
1000 2227 1125 2314 adbuc,
1144 2228 1315 2298 infectum
1325 2254 1393 2298 ease

357 2479 392 2534 ll,
402 2479 472 2532 Asu.
483 2475 523 2528 De
533 2493 594 2527 vero
604 2471 673 2526 bono
683 2463 708 2525 et
716 2470 830 2525 titubes·
879 2470 987 2540 ideoque
1007 2487 1059 2522 nos
1081 2467 1229 2541 conspicui,
1247 2471 1344 2541 quibus
1360 2471 1392 2530 fi,

325 2569 351 2612 ts
360 2575 415 2610 noo
424 2574 482 2610 eura
496 2553 574 2626 vulgo
592 2550 702 2616 senties,
719 2547 832 2601 sedeam
881 2549 926 2621 qui
935 2548 1034 2604 coronis
1046 2561 1118 2602 erant
1129 2549 1211 2601 ornati
1223 2587 1232 2614 ,
1242 2570 1267 2602 e.
1278 2571 1301 2603 e.
1312 2551 1394 2602 triun-

325 2633 435 2709 optlmis.
882 2627 1394 2702 phatures,oppouuntur.Gronov.altius

362 2733 382 2764 ι.
391 2713 587 2768 Discessionum
598 2723 676 2759 neore.
688 2703 720 2755 Iu
731 2716 833 2768 senatu,
884 2719 908 2758 et
921 2705 1058 2758 contortius
1071 2725 1126 2758 rem
1141 2706 1248 2780 repetit,
1269 2707 1394 2780 queas

325 2785 512 2864 simincepsvel
519 2795 604 2838 suntor
611 2780 752 2844 sententie,
759 2799 835 2850 quam
885 2783 916 2835 rle
925 2783 1047 2836 militibus
1058 2803 1116 2836 eum
1125 2783 1257 2838 metaris
1267 2822 1276 2848 ,
1286 2785 1395 2854 :11th-

324 2865 423 2920 senatui
436 2859 599 2939 prestitisset,
616 2861 643 2913 in
656 2859 740 2912 locum
756 2877 833 2930 seps-
881 2861 1078 2936 slst'u,quisupra
1084 2863 1190 2936 vulgum
1201 2865 1394 2938 etevolgedir·

326 2958 408 2999 return
416 2939 603 3006 diseeileret,ut
613 2939 649 3002 ii,
662 2937 707 3008 qni
718 2937 741 2988 ei
750 2953 834 2988 essen·
882 2941 955 3004 ereti,
969 2941 996 2993 in
1007 2942 1105 2996 Grecis
1114 2955 1194 3006 erent,
1208 2955 1234 2995 et
1245 2941 1393 2995 ‹te-eorem

326 3025 452 3088 tirentur,
466 3039 523 3073 eum
542 3037 572 3070 eo
590 3015 832 3086 succingerent,
883 3019 930 3083 tis,
946 3039 965 3070 s.
980 3019 1132 3088 σπφηὸροις
1146 3019 1186 3070 vel
1203 3021 1394 3090 ιπγιιηέμς,

328 3098 482 3154 eontrarium
495 3095 628 3149 sentientes
641 3093 667 3143 in
683 3089 760 3143 elisur
772 3107 835 3162 ptr-
883 3096 1037 3167 amplissime
1045 3097 1073 3149 in
1080 3097 1185 3150 Oriente
1198 3097 1343 3172 dignitate,
1355 3097 1395 3167 qui

328 3190 379 3232 tem
391 3175 539 3229 usnsibant.
558 3172 600 3224 Sic
618 3166 836 3224 Senatus-eonsul-
883 3195 955 3247 supr.
963 3174 1055 3228 milite,
1066 3189 1144 3228 mm,

328 3271 382 3312 tum
396 3275 440 3331 per
451 3255 628 3307 deustionem
638 3245 728 3300 fiebat:
741 3245 837 3298 Consul
917 3251 941 3304 3.
962 3253 1078 3304 Colorem
1097 3255 1217 3307 meum.
1239 3255 1394 3327 Purpurea,

329 3335 399 3389 enim
410 3329 578 3408 pronunciare
591 3325 685 3380 solebat
699 3343 705 3376 :
718 3324 771 3378 bne
782 3341 837 3397 pars
884 3329 1017 3392 coccineo,
1030 3329 1207 3402 amethystina
1218 3344 1263 3384 sut
1276 3333 1396 3386 innubis:

328 3403 755 3485 majorvitletur.Plin.Epp.ll,tr
767 3415 839 3453 etta.
885 3409 955 3459 fuere
975 3425 1032 3478 quse
1052 3406 1120 3480 apud
1137 3408 1257 3480 antiquos
1278 3411 1395 3462 divitibus

364 3513 387 3546 s.
403 3486 591 3556 chlamydatos
603 3501 685 3552 ouum
697 3488 839 3533 coronam-t·
886 3499 966 3539 vestes
987 3485 1104 3560 inprimis
1125 3486 1252 3558 placuere.
1272 3487 1396 3541 Tuuiestn

331 3568 373 3624 Sic
383 3568 483 3624 Erssmi
492 3564 570 3639 eslitie¹
579 3601 585 3626 ,
594 3561 738 3636 prioresque
748 3555 804 3612 edd.
814 3566 839 3608 et
887 3561 986 3636 popello
1003 3562 1077 3634 nigra
1092 3562 1187 3628 vestis,
1203 3577 1248 3616 aut
1261 3565 1394 3626 subfuso,

329 3665 420 3703 omues
431 3647 508 3701 MSS.
523 3642 608 3716 Lipsio
621 3638 715 3708 (Eleet.
730 3637 751 3701 1,
764 3634 803 3702 ιδ,
813 3656 837 3707 p·
887 3639 1076 3715 leucopbseste,
1091 3653 1137 3694 ete

332 3725 500 3801 3qb.)plscait
512 3740 519 3775 ε
530 3734 585 3776 tam
595 3717 838 3782 candidolosqtsam
920 3719 944 3782 4.
964 3715 1113 3770 Vacaveris.
1131 3715 1159 3768 Si
1175 3715 1227 3768 boc
1243 3717 1265 3770 ei
1284 3719 1395 3792 tempor'u

329 3789 466 3861 tolomros.
477 3801 540 3856 «Au
549 3799 695 3870 uulgatum,
704 3789 838 3844 nonintel-
887 3793 963 3846 fuerit
970 3831 978 3856 ,
989 3811 1041 3863 quo
1056 3793 1159 3867 respiret
1169 3831 1176 3858 ,
1188 3807 1236 3846 etc.
1247 3795 1342 3848 Vacat
1350 3797 1396 3847 h-

332 3886 405 3960 ligo,
421 3884 472 3950 sit,
484 3902 532 3934 nee
543 3901 588 3954 pro
600 3873 727 3930 merebor
738 3873 839 3922 llotnt-
887 3869 997 3923 tinorum
1007 3869 1076 3922 idem
1082 3883 1119 3922 est
1127 3889 1156 3923 sc
1163 3871 1321 3926 Graecorum
1328 3879 1393 3942 quii

332 3983 376 4016 no.
385 3983 399 4008 s
407 3959 616 4027 -cttamydati
621 3994 628 4021 ,
640 3953 655 4006 i.
665 3972 686 4003 e.
695 3947 837 4023 peregrini,
886 3948 941 4000 leli.

333 4038 447 4104 obscuri,
463 4057 495 4088 ne
512 4036 577 4088 eires
594 4031 714 4105 quidem
727 4029 842 4082 eomnals'
922 4027 945 4076 5.
961 4022 1055 4076 Torius
1067 4043 1085 4076 a
1096 4043 1131 4076 se.
1141 4023 1175 4075 lis
1186 4035 1335 4100 temporum
1346 4029 1394 4078 arti-

334 4113 531 4168 clarihomines
553 4129 627 4165 sensu
643 4109 704 4183 'ipso
727 4107 839 4159 docente.
889 4099 950 4154 erilis
977 4101 1070 4170 quibus
1099 4102 1265 4158 conscientie
1296 4106 1393 4158 stimolis

334 4191 493 4262 Cblamytlsti
504 4229 510 4254 ,
523 4189 654 4261 peregrina
667 4199 733 4238 veste
744 4180 839 4248 induti,
889 4197 1013 4232 vexamur.
