2930 4956
298 500 423 584 xxxviij
505 497 757 567 JUDICIUM
782 499 951 568 SUPER
974 491 1177 570 SENECA

298 640 395 706 oratio
416 640 494 721 ejus,
520 659 577 704 nec
595 638 744 704 basset?
760 640 810 704 An
830 642 940 720 etiam,
958 645 1040 725 qnod
1057 643 1165 728 longos
1184 656 1215 705 et
1230 641 1295 705 sine
1309 642 1372 705 fine

300 759 378 808 esset
394 768 402 806 ;
419 746 495 810 sicut
516 747 644 810 stadium
664 747 713 811 vel
735 748 833 814 circus
847 753 942 830 (nam
965 749 1140 832 id'quoque
1162 749 1290 828 Arena)
1302 750 1372 812 'sine

300 853 400 915 meta?
413 849 516 916 Possis
531 853 647 916 utrovis
659 856 769 918 ducere
786 878 795 914 ε
812 867 844 918 et
856 857 895 918 de
908 855 1028 940 priore,
1044 874 1114 918 mox
1128 857 1160 918 in
1170 853 1269 918 Pabio
1282 856 1372 917 vide-

299 961 395 1022 rimus
412 983 420 1017 :
436 962 474 1023 de
487 959 584 1024 altem
590 1005 601 1038 ,
611 973 729 1024 certum
742 974 789 1024 est
802 961 929 1025 uberem
945 975 975 1024 et
988 961 1147 1046 copiosum
1157 963 1188 1026 in
1198 951 1289 1024 rebus
1302 983 1372 1024 rer-

300 1066 406 1148 bisque
426 1085 513 1142 esse,
538 1066 637 1130 eidem
656 1068 748 1130 etiam
765 1064 864 1130 Fabio
885 1081 1043 1130 assertum.
1058 1067 1158 1150 Atque
1178 1068 1258 1131 bunc
1280 1067 1375 1151 igitur

300 1174 456 1236 audiamus
475 1198 483 1231 ε
499 1193 560 1235 non
574 1195 630 1258 per
642 1174 795 1252 convicia,
811 1177 864 1237 scd
878 1175 1007 1257 iudicio,
1024 1187 1057 1236 ut
1069 1188 1212 1259 apparet,
1229 1187 1259 1237 et
1273 1174 1375 1237 consi·

301 1277 343 1340 lio
358 1280 565 1344 arbitrantem.
580 1280 650 1358 Ait,
666 1281 721 1342 lib.
733 1279 765 1342 X
779 1305 788 1339 τ

345 1415 359 1440 «ι
376 1385 424 1448 Ex
437 1389 582 1451 industria
596 1386 745 1454 Senecam
758 1389 790 1451 in
806 1389 891 1453 omni
902 1407 1015 1472 genere
1031 1387 1206 1470 eloquentie
1221 1399 1374 1449 versatum

264 1497 266 1504 ’
303 1494 417 1570 distuli,
432 1509 558 1579 propter
570 1495 722 1580 vulgatam
736 1495 814 1558 salso
830 1499 867 1558 de
881 1517 931 1558 me
945 1495 1136 1584 opinionem,
1151 1515 1210 1577 qua
1227 1496 1375 1556 daumare

305 1625 375 1665 eum
383 1615 414 1666 et
425 1604 553 1666 invisum
566 1625 686 1687 quoque
699 1603 815 1667 babere
828 1581 895 1667 sum
905 1604 1043 1668 creditus.
1056 1601 1147 1685 Quod
1160 1602 1267 1666 accidit
1279 1601 1376 1676 mibi,

305 1711 376 1770 dum
392 1723 584 1793 corruptum,
600 1724 631 1774 et
646 1710 787 1774 omnibus
795 1711 875 1774 vitiis
888 1711 1018 1777 fractum
1033 1710 1152 1774 dicendi
1164 1729 1274 1794 genus,
1284 1729 1378 1770 revo-

305 1835 376 1876 care
390 1817 429 1878 ad
444 1816 598 1878 severiora
616 1815 726 1899 judicia
740 1811 913 1880 contendo:
933 1830 998 1878 tum
1017 1829 1119 1878 autem
1139 1815 1221 1878 solus
1242 1814 1306 1878 sere
1328 1814 1379 1876 bic

306 1926 336 1984 'm
352 1923 492 1986 manibus
504 1924 741 1986 adolescentium
753 1923 828 2002 luit,
845 1945 937 2006 quem
950 1944 1012 1986 nou
1026 1924 1168 2006 equidem
1182 1923 1307 1984 ormino
1321 1944 1380 1986 eo-

306 2029 402 2092 nabar
415 2044 570 2108 excutere,
587 2034 640 2094 sed
653 2031 823 2114 potioribus
838 2030 974 2116 prmserri
987 2009 1217 2103 nondictum
1231 2051 1306 2112 quos
1324 2029 1380 2092 ille

307 2156 369 2198 non
380 2138 535 2200 destiterat
543 2138 694 2201 incessere
708 2159 820 2220 :quum
833 2138 944 2201 diversi
958 2137 1016 2199 sibi
1026 2137 1162 2200 conscius
1169 2136 1288 2222 generis
1296 2181 1305 2213 ,
1313 2135 1383 2219 pla-

308 2265 378 2307 cere
398 2265 430 2306 se
450 2245 482 2304 in
504 2245 630 2306 dicendo
646 2265 735 2330 posse
751 2244 810 2318 iis,
833 2243 941 2326 quibus
963 2243 1007 2305 illi
1027 2243 1202 2326 placerent,
1218 2239 1385 2305 diffideret.

304 2325 461 2411 limabant
474 2363 576 2412 autem
589 2371 659 2413 eum
675 2351 790 2436 magis,
808 2371 899 2434 quam
914 2349 1128 2426 imitabantur,
1150 2361 1326 2430 tantumque
1343 2345 1385 2410 ab

307 2455 362 2519 illo
381 2455 572 2534 delluebant,
600 2471 745 2540 quantum
767 2457 819 2521 illc
843 2458 884 2520 ab
906 2457 1034 2540 antiquis
1056 2458 1262 2520 descenderat.
1285 2453 1314 2516 F
1314 2469 1386 2518 oret

309 2563 390 2624 enim
406 2565 590 2646 optandum,
607 2585 718 2647 pares,
735 2563 905 2628 autsaltem
918 2565 1073 2649 proximos
1084 2564 1129 2626 illi
1144 2563 1209 2626 viro
1223 2562 1289 2626 fieri
1307 2586 1315 2623 :
1331 2565 1387 2626 sed

308 2669 448 2752 placebat
463 2685 588 2755 propter
601 2670 666 2732 sola
680 2671 771 2742 vitia,
788 2685 818 2733 et
831 2673 871 2732 ad
885 2692 922 2733 ea
936 2691 969 2734 se
983 2671 1108 2753 quisque
1128 2669 1276 2753 dirigebat
1289 2669 1387 2731 effin-

310 2779 429 2859 genda,
444 2799 508 2858 quae
521 2790 650 2860 poterat.
664 2773 785 2840 Deinde
799 2798 893 2860 quum
906 2798 939 2840 se
956 2777 1084 2860 jactaret
1097 2777 1205 2839 eodem
1221 2777 1315 2838 modo
1336 2775 1388 2838 di-

314 2903 383 2945 cere
397 2929 405 2958 ,
421 2879 570 2946 Senecam
583 2881 751 2945 infamabat
767 2906 775 2944 :
794 2883 878 2967 cujus
892 2895 923 2945 et
935 2881 1036 2945 multae
1049 2881 1183 2964 alioquin
1198 2927 1208 2958 ,
1224 2895 1254 2945 et
1265 2901 1393 2966 maguus

311 2989 434 3050 virtutes
448 2988 586 3066 suerum,
601 2988 756 3073 ingenium
768 2987 858 3052 facile
870 3002 901 3051 ct
910 2988 1068 3073 copiosum
1078 3031 1086 3065 ,
1098 2986 1264 3072 plurimum
1276 2988 1390 3058 studii,

312 3110 341 3158 et
354 3095 449 3158 multa
463 3117 566 3158 rerum
580 3095 729 3180 cognitio,
746 3095 777 3156 in
791 3115 851 3177 qua
866 3108 969 3159 tamen
984 3094 1145 3178 aliquando
1159 3093 1200 3157 ab
1222 3093 1259 3158 iis
1276 3093 1392 3174 quibus

312 3202 488 3284 inquirenda
509 3203 645 3284 quasdam
666 3203 847 3278 mandabat,
868 3205 1010 3286 deceptus
1033 3216 1089 3264 cst.
1114 3200 1269 3265 Tractavit
1291 3201 1392 3264 etiam

313 3331 436 3372 omnem
450 3309 546 3372 lerme
564 3310 730 3372 studiorum
744 3308 924 3380 materiam
942 3329 1014 3369 nam
1032 3321 1063 3370 et
1077 3307 1229 3370 orationes
1248 3308 1340 3390 ejus,
1362 3322 1394 3370 et

314 3431 453 3500 poemata
468 3460 477 3492 ,
493 3431 522 3479 ct
536 3417 685 3501 epistole,
697 3432 728 3481 et
740 3417 851 3502 dialogi
865 3415 1012 3478 leuentur.
1024 3413 1061 3476 ln
1074 3413 1267 3501 philosophia
1276 3435 1393 3498 parum

315 3524 461 3609 diligens,
477 3525 616 3609 egregius
629 3539 729 3586 tamen
744 3525 886 3586 vitiorum
903 3523 1067 3608 insectator
1085 3522 1142 3585 luit
1160 3545 1168 3582 ε
1186 3520 1285 3586 multat
1302 3521 1339 3584 in
1355 3543 1397 3585 eo

315 3633 462 3714 claraeque
485 3633 659 3708 sententias,
682 3631 778 3694 multa
798 3632 891 3693 etiam
911 3651 1034 3693 morum
1051 3630 1148 3716 gratia
1169 3630 1315 3714 legenda,
1340 3633 1397 3693 sed

316 3740 346 3798 in
361 3737 531 3818 eloquendo
545 3749 688 3820 corrupta
700 3737 864 3821 pleraque,
880 3750 970 3818 atque
986 3757 1024 3798 eo
1046 3735 1283 3819 perniciosiora,
1309 3739 1398 3816 quod

317 3842 468 3904 abundant
481 3841 616 3906 dulcibus
631 3842 720 3905 vitiis.
734 3840 841 3905 Vellcs
856 3863 926 3904 eum
942 3863 998 3904 suo
1012 3843 1132 3927 ingenio
1147 3842 1271 3918 dixisse,
1287 3841 1399 3905 alieno

315 3949 436 4032 judicio.
449 3949 531 4011 Nam
545 3950 570 4012 si
589 3951 689 4031 aliqua
705 3947 951 4032 contempsisset,
967 3948 1116 4033 siparum
1131 3949 1345 4033 concupisset,
1373 3952 1400 4012 si

319 4077 379 4118 uon
395 4057 496 4118 omnia
510 4077 563 4118 sua
577 4067 730 4130 amasset,
745 4055 771 4117 si
790 4075 894 4117 rerum
908 4055 1044 4138 pondera
1056 4054 1263 4118 minutissimis
1272 4069 1401 4118 senten-

318 4165 367 4226 tiis
379 4185 441 4225 nou
452 4163 589 4248 fregisset
602 4189 608 4224 :
623 4183 771 4254 consensu
784 4163 883 4246 potius
900 4163 1086 4225 eruditorum
1098 4208 1107 4240 ,
1120 4183 1212 4244 quam
1224 4182 1402 4246 puerorum

318 4291 422 4332 amore
438 4271 697 4354 comprobaretur.
711 4269 830 4331 Verum
845 4269 889 4332 sic
905 4289 1024 4350 quoque
1041 4271 1104 4349 jum
1116 4267 1267 4344 robustis,
1290 4279 1324 4328 et
1346 4290 1403 4330 sc-

317 4376 436 4438 veriorc
450 4393 561 4458 genere
578 4374 649 4438 satis
664 4375 780 4452 mnus,
801 4375 943 4458 legendus
965 4373 1014 4435 vel
1036 4375 1126 4450 ideo,
1147 4374 1229 4454 quod
1245 4393 1402 4437 exercere
