2930 4956
298 409 380 478 lxxx
492 407 524 474 J.
550 406 711 476 LIPSlI
735 403 1200 476 MANUDUCTlONlS

296 549 476 634 sapientiam
490 549 666 632 professos,
690 561 835 630 quantam
851 550 930 611 inter
951 549 1034 610 virus
1054 563 1085 610 et
1102 547 1245 611 [eminas.
1258 577 1273 603 ιι
1291 550 1371 630 (De

296 655 404 720 Const.
423 677 487 740 sap.
500 678 567 741 cap.
588 660 639 733 r.)
665 653 746 718 Sane
765 656 860 718 robur
876 656 989 736 ubique
1014 655 1147 734 habent,
1175 657 1315 721 virtutem
1339 676 1371 722 et

295 763 394 825 virum
410 763 592 847 praesentat,
612 783 648 825 ac
661 762 804 824 formant.
821 760 953 843 Ideoque
967 763 1049 824 idem
1065 760 1181 824 Seneca
1195 764 1370 846 pulcherri-

294 889 347 930 mo
362 869 462 953 elogio
473 869 566 946 dixit,
581 867 805 932 «fortissimam
818 881 849 930 et
864 855 1084 930 sanctissimam
1100 881 1223 930 sectam.
1234 897 1249 923 ιι
1264 867 1373 952 (Epis-

294 976 356 1038 tola
372 979 528 1052 axxxnt.)
547 975 629 1056 Quid
641 989 743 1036 autem
765 974 839 1036 alii?
853 975 947 1036 etiam
961 977 1013 1056 qui
1027 975 1220 1050 dissentiunt,
1236 997 1292 1040 nee
1304 977 1372 1038 dis-

295 1082 434 1144 sentiunt.
455 1080 537 1143 Audi
556 1079 773 1155 Plutarchum,
792 1103 828 1141 ex
851 1080 990 1162 professo
1005 1079 1179 1148 Academia
1194 1081 1369 1144 addictum:

297 1213 312 1240 u
327 1183 430 1245 Habet
446 1181 548 1244 Stoica
563 1182 721 1257 doctrina,
737 1181 807 1242 siin
821 1202 964 1264 maguam
978 1195 1009 1244 et
1021 1203 1124 1244 acrem
1139 1196 1277 1244 naturam
1291 1183 1373 1245 inci-

296 1290 359 1367 dit,
385 1289 498 1372 aliquid
519 1287 668 1350 lubricum
683 1301 714 1348 et
728 1307 860 1370 anceps:
885 1287 930 1348 sin
952 1301 1053 1349 autem
1071 1309 1140 1350 cum
1156 1287 1240 1371 gravi
1258 1302 1289 1350 et
1303 1291 1373 1350 miti

296 1396 417 1478 iugenio
431 1405 638 1476 temperetur,
654 1411 782 1474 magnos
801 1392 930 1475 impetus
950 1396 1001 1454 dat
1018 1396 1056 1454 ad
1077 1415 1183 1455 verum
1204 1394 1317 1457 bonum
1342 1409 1373 1455 et

299 1501 464 1562 Virtutem.
478 1529 492 1554 ιι
504 1499 554 1580 (ln
570 1497 763 1576 Cleomene.)
773 1497 901 1562 Oraculi
916 1499 974 1562 hoe
989 1521 1045 1582 ego
1061 1501 1125 1562 tice
1137 1501 1255 1576 babeo,
1268 1502 1298 1561 in
1309 1501 1373 1562 alta

298 1622 329 1672 et
344 1608 472 1691 superba
487 1620 593 1668 natura
609 1603 715 1669 Stoam
736 1628 795 1668 non
812 1607 878 1669 lore
893 1608 980 1677 usui;
999 1609 1030 1669 in
1043 1607 1104 1668 alia
1120 1621 1150 1668 et
1163 1609 1373 1684 modestiore,

298 1714 396 1777 saluti.
414 1713 457 1776 At
478 1712 620 1777 Ciceroni
643 1733 816 1796 expressam
838 1733 945 1776 vocem
967 1734 1059 1794 quam
1077 1735 1161 1797 paene
1182 1714 1374 1776 omiseram?

298 1820 355 1883 llle
372 1842 448 1905 sepe
465 1841 572 1882 eorum
594 1819 776 1896 insectator,
800 1815 873 1882 alibi
890 1840 908 1881 e
926 1831 1050 1902 pectore
1071 1819 1228 1900 loquitur:
1250 1847 1265 1872 ιι
1286 1815 1377 1881 Licet

298 1928 481 1990 insectemur
502 1927 576 1989 istos
592 1924 778 2006 (Stoicos),
803 1938 906 1988 metuo
930 1947 970 1988 ne
991 1926 1049 1989 soli
1069 1925 1242 2010 philosophi
1265 1926 1334 1987 siut.
1356 1953 1374 1978 ιι

298 2033 370 2116 (Ν
377 2031 489 2112 Tme.)
499 2030 583 2113 Quid
591 2033 636 2094 aia
649 2033 693 2094 mi
702 2031 851 2094 Auditor?
864 2053 934 2095 ecce
952 2031 1085 2114 gloriosa
1100 2032 1189 2095 nobis
1200 2031 1376 2094 testimonia

299 2141 340 2203 ab
354 2141 554 2216 adversariis,
567 2141 619 2222 qui
633 2140 717 2203 illinc
726 2153 822 2217 stant,
835 2153 867 2202 et
873 2140 945 2202 hinc
955 2141 1066 2204 dicunt.

592 2319 928 2386 DISSERTATlO
962 2319 1087 2384 xv11.

360 2481 500 2563 Emplo
519 2501 682 2559 magnonem
701 2481 846 2552 vtmrwn,
870 2480 922 2560 qui
945 2481 975 2540 in
997 2479 1053 2538 hnc
1078 2479 1198 2554 heresi,
1222 2483 1309 2540 etiam

716 2586 957 2647 Cbhuammm.

340 2759 383 2825 Et
395 2783 467 2825 vero
478 2775 552 2845 quot
562 2781 689 2846 magnos
700 2762 782 2824 viros
793 2761 924 2823 habeam
937 2761 1057 2836 dicere,
1075 2760 1127 2841 qui
1137 2779 1226 2823 seusu
1241 2772 1292 2822 aut
1301 2779 1380 2842 pro-

299 2867 430 2930 fessione
441 2866 536 2932 Stoici
545 2868 686 2931 luerunt?
698 2865 797 2930 Sensu
806 2867 928 2948 quidem
938 2872 1063 2946 (nomen
1074 2868 1156 2928 enim
1168 2880 1198 2928 et
1207 2881 1287 2928 secta
1296 2888 1379 2929 non-

299 2975 372 3035 dum
383 2974 525 3050 inventa)
537 2973 589 3037 ille
599 2972 741 3057 princeps
751 2973 942 3055 ingeniorum
956 2970 1132 3036 Homerus:
1148 2973 1189 3034 ita
1201 2972 1325 3058 palam,
1342 2989 1380 3034 ut

300 3099 357 3163 ego
368 3080 464 3142 mirer
474 3078 623 3144 Senecam
635 3081 793 3142 dissentire
805 3079 854 3142 vel
864 3080 1019 3165 ambigere
1032 3126 1042 3157 ,
1056 3081 1085 3141 in
1097 3080 1155 3143 hac
1166 3079 1241 3142 mibi
1251 3101 1286 3143 re
1296 3081 1380 3161 judi·

299 3188 340 3251 cii
359 3209 420 3250 non
444 3201 569 3250 rectum.
597 3185 704 3249 Verba
726 3189 790 3271 ejus
810 3201 908 3250 sunt:
936 3214 951 3241 ιι
966 3189 1136 3249 Homerum
1158 3183 1377 3269 philosophum

299 3292 390 3356 baisse
401 3294 602 3378 persuadente
620 3313 713 3374 quum
726 3291 857 3376 hisips‘u,
869 3292 977 3374 quibus
989 3291 1147 3376 colligtmt,
1155 3305 1275 3376 negent.
1288 3291 1377 3354 Nam

298 3401 392 3462 modo
407 3396 543 3462 Stoicum
557 3398 643 3461 illum
660 3399 791 3476 faciunt,
802 3398 956 3460 Virtutem
966 3399 1066 3460 solam
1077 3399 1275 3482 probantem,
1288 3411 1322 3460 et
1334 3399 1381 3462 ab

300 3505 438 3570 lloneato
455 3527 512 3569 nec
525 3505 759 3568 immortalitatis
772 3506 894 3588 quidem
908 3507 1006 3591 pretio
1020 3509 1224 3570 recedentem.
1235 3533 1249 3558 ι
1262 3503 1379 3589 (Epis-

298 3613 362 3676 tola
373 3617 548 3692 Lxxxvttt.)
558 3611 650 3678 Addit
662 3613 785 3690 deinde,
796 3613 837 3674 ab
848 3613 953 3674 aliisin
967 3611 1108 3696 Epicuri,
1123 3613 1191 3676 aliis
1199 3611 1379 3676 Academiae

299 3733 396 3783 castra
410 3719 526 3782 deduci.
544 3717 606 3782 Sed
626 3720 753 3793 deduci,
772 3739 792 3780 o
811 3717 927 3782 Seneca
945 3743 952 3778 ε
969 3719 1020 3781 ille
1034 3719 1114 3798 huc,
1130 3733 1161 3782 et
1174 3722 1212 3782 ad
1225 3741 1282 3784 noa
1298 3720 1377 3783 ibat.

294 3824 439 3891 Potestne
453 3825 567 3908 aliquid
577 3827 674 3910 magis
684 3824 839 3902 Stoicum,
853 3845 945 3908 quam
958 3847 1023 3908 qm
1036 3829 1074 3888 de
1085 3824 1162 3890 fato
1175 3827 1218 3890 sic
1228 3826 1333 3910 palam
1343 3843 1378 3890 et

298 3953 376 4014 saepe
391 3931 516 3994 scribit?
534 3953 599 4012 quse
612 3945 692 3994 secta
707 3932 767 3996 hoc
785 3933 826 3993 ita
841 3931 966 4008 babuit,
985 3946 1094 4015 preter
1110 3933 1221 3996 istam?
1242 3932 1319 3995 Jam
1335 3937 1377 3996 de

262 4040 266 4046 ’
297 4037 465 4100 dilectibus
486 4037 686 4120 reprimendis
702 4053 753 4100 aut
776 4038 937 4130 tollendis,
967 4039 1014 4100 vis
1035 4039 1066 4100 in
1088 4037 1231 4123 Sapiente
1258 4039 1377 4126 Ulysse

296 4141 492 4225 exemplum?
507 4139 589 4206 Ecce
600 4144 638 4205 ad
654 4163 780 4206 uxorem
790 4145 891 4222 venit,
904 4145 945 4208 ab
960 4145 1046 4207 annis
1062 4145 1166 4230 viginti
1175 4165 1238 4208 non
1249 4147 1375 4224 visam,

297 4264 327 4312 et
339 4272 461 4335 semper
475 4251 656 4336 staspiratam
673 4276 681 4312 a
698 4253 769 4336 qnid
784 4252 879 4318 iacit?
895 4253 927 4316 in
941 4253 1093 4339 lacrymas
1105 4253 1253 4334 solvitur,
1271 4257 1379 4320 sinum
