2896 4954
347 427 501 498 LIBER
525 431 564 516 1,
590 429 696 498 CAP.
723 427 834 498 XXI.
1060 434 1126 526 '³39

70 555 154 642 pati,
166 580 229 626 nec
239 555 424 649 quidquam
433 581 505 626 esse
516 555 694 651 gloriosius
702 559 858 653 principe
878 559 1016 650 impune
1031 559 1121 628 loeso.

115 673 211 740 XXI.
232 673 323 744 Ultio
342 672 425 743 duos
441 699 497 744 res
509 691 672 768 praestore
694 675 802 743 solet:
819 692 878 742 aut
895 675 1050 744 solatium
1068 677 1121 744 al·
1152 712 1162 744 ι

73 783 240 880 leoteiqui
252 790 572 883 occepitinjurium‚
588 792 691 858 autin
708 790 877 882 reliquum
889 792 1117 894 sepuritatem.

70 903 230 997 Principis
246 906 354 998 major
370 921 421 975 est
438 906 592 988 fortuna,
609 931 709 998 quem
730 920 768 974 ut
781 905 898 974 solutio
913 921 1029 999 egeam
1051 932 1123 975 mn·

70 1015 282 1110 nilestiorque
299 1020 370 1102 vis,
389 1043 490 1111 quom
503 1035 541 1086 ut
558 1019 669 1086 alieno
683 1018 771 1086 molo
789 1017 983 1112 opinionem
999 1019 1063 1087 sibi
1077 1021 1125 1089 vi·

67 1131 149 1198 rium
172 1149 312 1226 quaerst.
341 1138 413 1204 Hoc
437 1132 533 1218 dico,
567 1159 672 1226 quum
694 1134 738 1202 ab
763 1133 981 1204 inferioribus
997 1135 1124 1226 petitus

67 1240 271 1340 violatusque
294 1265 369 1318 est:
391 1273 468 1319 nom
488 1251 535 1332 si,
561 1274 645 1342 quos
657 1273 757 1342 pares
775 1248 959 1340 aliquando
978 1248 1119 1332 habuit,

65 1357 149 1428 infra
165 1386 201 1430 se
214 1362 324 1449 videt,
341 1366 420 1434 sotis
433 1362 622 1434 vindicatus
638 1379 701 1432 est.
716 1367 845 1457 Regem
858 1380 893 1431 et
905 1388 1021 1434 servus
1035 1365 1123 1432 occi-

65 1470 127 1556 dit,
146 1491 181 1544 et
203 1502 365 1571 serpens,
391 1493 425 1548 et
438 1481 561 1572 sagitto
575 1506 582 1546 :
596 1481 741 1550 servavit
765 1479 903 1572 quidem
917 1505 1017 1548 nemo
1030 1530 1038 1564 ,
1055 1481 1121 1550 nisi

65 1591 165 1681 major
182 1617 224 1660 eo
241 1619 343 1685 quem
360 1595 517 1662 servavit.
538 1596 596 1662 Uti
614 1597 728 1686 itaque
745 1596 894 1663 animose
914 1593 1016 1663 debet
1029 1611 1121 1664 tanto
1145 1629 1159 1660 α

64 1735 199 1782 munere
210 1716 371 1797 Deorum,
384 1713 487 1784 dandi
496 1714 743 1808 auferendique
750 1719 852 1786 vitam
864 1731 983 1809 potens
995 1745 1004 1802 ς
1017 1718 1054 1783 in
1067 1717 1121 1786 his

63 1831 263 1919 praesertim,
289 1854 373 1922 quos
398 1833 461 1900 scit
482 1832 665 1924 aliquando
683 1833 793 1900 simile
812 1833 983 1926 fastigium
1003 1837 1013 1869 ¹
1030 1834 1120 1902 obti-

62 1943 169 2012 nuisse
184 1970 191 2013 :
212 1945 277 2014 hoc
289 1946 469 2015 arbitrium
484 1945 627 2041 adeptus
638 1953 665 2030 ²,
678 1947 841 2016 ultionem
852 1949 1025 2042 implevit,
1041 1974 1120 2044 per·

63 2055 206 2150 fecitque
224 2077 388 2152 quantum
405 2087 493 2130 verae
511 2086 620 2156 poenae
644 2063 725 2130 satis
748 2078 833 2130 erat.
857 2062 1010 2132 Perdidit
1028 2065 1119 2131 enim
1228 2051 1229 2056 ἵ

61 2176 178 2260 vitam,
195 2180 256 2270 qui
270 2173 400 2265 debet³3
412 2195 446 2247 et
453 2179 607 2271 quisquis
618 2202 658 2246 cx
670 2176 738 2244 ulto
748 2176 793 2245 ud
804 2179 933 2246 inimici
946 2179 1050 2272 pedes
1063 2180 1121 2247 ab·
1249 2175 1252 2183 Α

57 2289 184 2380 jectus,
210 2293 355 2362 alienam
375 2293 545 2387 decapite
563 2286 762 2387 regnoque⁴
784 2295 985 2361 sententiam
1003 2318 1122 2388 exspe-

60 2409 173 2492 ctavit,
186 2411 224 2478 in
236 2411 417 2480 servatoris
426 2413 477 2479 sui
490 2411 632 2504 glorium
641 2410 736 2492 vivit,
751 2410 895 2503 plusque
904 2412 1033 2478 nomini
1044 2412 1117 2504 ejus

60 2524 184 2593 confert
201 2525 400 2608 incolomis,
421 2550 522 2617 quam
540 2526 569 2592 si
582 2548 623 2593 ex
636 2524 742 2593 oculis
761 2524 893 2593 oblatus
907 2540 1006 2594 esset.
1025 2527 1119 2594 Assi-
1141 2542 1157 2594 3

60 2623 155 2706 duum
171 2639 265 2706 enim
279 2639 506 2732 spectaculum
523 2638 642 2707 alicnae
659 2641 795 2709 virtutis
806 2655 881 2709 est:
898 2640 934 2706 in
945 2640 1119 2733 triumpho

59 2753 119 2821 cito
136 2755 327 2824 transisset.
348 2755 384 2824 Si
401 2778 483 2822 vcro
496 2778 640 2848 regnum
659 2779 795 2848 quoque
816 2757 914 2824 suum
929 2769 1000 2822 tuto
1016 2755 1119 2824 relin-

59 2872 112 2960 qui
129 2870 225 2966 npud
236 2895 313 2940 eum
331 2871 458 2965 potnit,
476 2871 665 2964 reponique
683 2894 723 2938 eo
740 2869 832 2938 unde
846 2868 1043 2948 deciderat,
1065 2872 1119 2938 in·

60 2989 146 3077 genti
163 2989 375 3056 incremento
391 2987 501 3080 surgit
515 2985 586 3054 leus
601 2985 691 3077 ejus,
706 2986 766 3076 qui
781 3000 958 3052 contentus
972 2984 1057 3066 fuit,
1077 3009 1118 3052 cx

60 3125 135 3194 rege
147 3104 241 3170 victo
251 3101 338 3169 nihil
352 3116 476 3195 praeter
488 3101 628 3194 gloriam
643 3122 790 3166 sumere.
813 3101 885 3166 Hoc
903 3112 954 3167 est
966 3099 1066 3166 etism
1077 3123 1118 3168 ex

57 3219 262 3288 victoriosus
274 3218 506 3313 triumphare,
520 3217 722 3310 testarique,
733 3216 822 3283 nihil
831 3215 965 3308 sequod
976 3213 1118 3310 dignum

57 3335 277 3404 essetvictorc
289 3383 299 3417 ,
312 3331 403 3427 apud
413 3335 517 3402 victos
523 3332 705 3402 invenisse.
718 3331 804 3399 Cum
814 3329 957 3412 civibus,
969 3345 1003 3398 et
1018 3333 1117 3424 igno·
1140 3354 1157 3419 4

53 3499 115 3552 Mihi
127 3519 184 3554 non
198 3512 237 3552 est
247 3519 329 3552 termo
342 3499 373 3551 de
386 3498 495 3572 justitio,
515 3498 559 3552 sed
608 3495 640 3548 sii
651 3496 720 3548 :sibi
718 3493 872 3564 fastigium.
888 3493 949 3548 Stoa·
964 3508 1047 3548 antem
1058 3517 1117 3550 curn

54 3575 82 3628 de
95 3577 242 3631 clementia.
608 3573 728 3626 sr'mr'lein
736 3572 937 3626 coddinterdum
943 3575 1116 3630 confunditur.

81 3657 151 3710 xxl.
164 3661 240 3710 Ane-
249 3656 321 3709 Ultio
331 3669 356 3708 et
367 3655 477 3708 vindicta
488 3655 559 3727 prin·
642 3668 665 3699 π.
675 3648 735 3702 Hoc
744 3650 880 3702 arbitrium
890 3651 1010 3718 adeptos.
1020 3651 1057 3703 ld.
1070 3663 1115 3716 est,

53 3731 98 3806 cipi
106 3735 248 3788 indecore:
260 3733 467 3805 qnandoquidem
477 3752 559 3803 neque
607 3728 748 3800 iudicium,
763 3729 921 3782 sententium.
934 3729 1009 3782 Sires
1023 3731 1057 3783 ita
1068 3730 1117 3784 ‹le-

52 3809 220 3864 sotislaetione
230 3812 241 3878 (
251 3813 347 3864 solatio
356 3814 379 3878 ).
391 3828 472 3881 nequo
484 3829 561 3862 scen-
608 3808 677 3874 cisa,
692 3805 831 3880 dijudicata
841 3819 885 3860 ert.
1224 3881 1228 3888 ι

53 3887 272 3958 ritate(opim'one
283 3891 397 3942 alienam
413 3891 446 3942 dc
460 3889 561 3941 vin'but
642 3883 927 3938 3.Perdi‹11t.....debet
944 3904 1000 3938 erm
1020 3886 1117 3942 victori.

52 3969 105 4018 suis
117 3969 129 4033 )
141 3966 251 4040 indiget
642 3962 666 4027 4.
677 3963 823 4030 Regnoque·
835 3960 910 4014 Bous
923 3962 999 4034 lipsii
1011 3961 1118 4033 conjec-

86 4063 106 4096 ι.
119 4041 220 4112 Stante
229 4042 385 4114 fastigium.
403 4041 426 4092 Ε
443 4039 563 4094 Pinciuni
610 4051 680 4102 turn,
691 4037 761 4091 libris
768 4038 918 4108 quibusdem
929 4044 1047 4110 nffioque
1057 4041 1118 4094 dan·

55 4121 200 4189 conjectura
217 4133 269 4186 est,
292 4140 306 4173 a
323 4119 406 4193 lipsio
425 4131 491 4172 recte
503 4138 563 4191 pro-
612 4117 678 4170 tihus
691 4135 697 4170 :
709 4114 766 4168 aliis
783 4131 865 4181 vero,
887 4120 1048 4186 regiamque,
1062 4137 1119 4190 que

54 4197 118 4252 bnt«.
132 4202 231 4252 Antcn:
242 4219 290 4250 sno
297 4199 419 4271 sostr'gr'o.
432 4197 564 4270 couLip-
613 4209 636 4248 et
649 4196 751 4268 rulpste
769 4195 845 4248 lectio
858 4208 915 4248 ante
928 4195 1040 4268 lipsium
1059 4209 1120 4248 erat.
