<?xml version="1.0" encoding="UTF-8"?>
<!DOCTYPE html PUBLIC "-//W3C//DTD XHTML 1.0 Transitional//EN"
    "http://www.w3.org/TR/xhtml1/DTD/xhtml1-transitional.dtd">
<html xmlns="http://www.w3.org/1999/xhtml" xml:lang="en" lang="en">
 <head>
  <title>
</title>
<meta http-equiv="Content-Type" content="text/html;charset=utf-8" />
  <meta name='ocr-system' content='tesseract 3.04.00' />
  <meta name='ocr-capabilities' content='ocr_page ocr_carea ocr_par ocr_line ocrx_word'/>
</head>
<body>
  <div class='ocr_page' id='page_1' title='image "./lannsenecparspr01bouigoog_0068.png"; bbox 0 0 2930 4956; ppageno 0'>
   <div class='ocr_carea' id='block_1_1' title="bbox 287 489 1170 583">
    <p class='ocr_par' dir='ltr' id='par_1_1' title="bbox 287 489 1170 583">
     <span class='ocr_line' id='line_1_1' title="bbox 287 489 1170 583; baseline 0.002 -25"><span class='ocrx_word' id='word_1_1' title='bbox 287 491 358 559; x_wconf 82' lang='lat' dir='ltr'>AD</span> <span class='ocrx_word' id='word_1_2' title='bbox 382 489 560 562; x_wconf 89' lang='lat' dir='ltr'>STOIC.</span> <span class='ocrx_word' id='word_1_3' title='bbox 585 491 794 564; x_wconf 86' lang='lat' dir='ltr'>PHILOS.</span> <span class='ocrx_word' id='word_1_4' title='bbox 820 490 919 562; x_wconf 88' lang='lat' dir='ltr'>LIB.</span> <span class='ocrx_word' id='word_1_5' title='bbox 947 490 976 557; x_wconf 94' lang='lat' dir='ltr'>l.</span> <span class='ocrx_word' id='word_1_6' title='bbox 1114 491 1170 583; x_wconf 85' lang='lat' dir='ltr'>lvij</span> 
     </span>
    </p>
   </div>
   <div class='ocr_carea' id='block_1_2' title="bbox 35 611 1182 4438">
    <p class='ocr_par' dir='ltr' id='par_1_2' title="bbox 35 611 1173 1252">
     <span class='ocr_line' id='line_1_2' title="bbox 35 611 1173 726; baseline 0 -28"><span class='ocrx_word' id='word_1_7' title='bbox 35 611 36 614; x_wconf 8' lang='grc' dir='ltr'><strong>Ἴ</strong></span> <span class='ocrx_word' id='word_1_8' title='bbox 121 632 288 716; x_wconf 76' lang='lat' dir='ltr'>(sument.</span> <span class='ocrx_word' id='word_1_9' title='bbox 298 633 409 696; x_wconf 88' lang='lat' dir='ltr'>ultimo</span> <span class='ocrx_word' id='word_1_10' title='bbox 421 633 452 694; x_wconf 93' lang='lat' dir='ltr'>in</span> <span class='ocrx_word' id='word_1_11' title='bbox 462 629 562 716; x_wconf 82' lang='lat' dir='ltr'>Epist.</span> <span class='ocrx_word' id='word_1_12' title='bbox 571 630 619 726; x_wconf 73' lang='grc' dir='ltr'>)ᾼ</span> <span class='ocrx_word' id='word_1_13' title='bbox 628 629 780 696; x_wconf 81' lang='lat' dir='ltr'>Cicerone</span> <span class='ocrx_word' id='word_1_14' title='bbox 792 661 806 686; x_wconf 77' lang='lat' dir='ltr'>u</span> <span class='ocrx_word' id='word_1_15' title='bbox 814 629 905 720; x_wconf 76' lang='lat' dir='ltr'>Pater</span> <span class='ocrx_word' id='word_1_16' title='bbox 915 629 1088 695; x_wconf 88' lang='lat' dir='ltr'>Stoicorum</span> <span class='ocrx_word' id='word_1_17' title='bbox 1097 661 1111 688; x_wconf 78' lang='lat' dir='ltr'>u</span> <span class='ocrx_word' id='word_1_18' title='bbox 1123 635 1173 698; x_wconf 85' lang='lat' dir='ltr'>di-</span> 
     </span>
     <span class='ocr_line' id='line_1_3' title="bbox 119 735 1171 826; baseline -0.006 -24"><span class='ocrx_word' id='word_1_19' title='bbox 119 739 242 826; x_wconf 87' lang='lat' dir='ltr'>citur(lll</span> <span class='ocrx_word' id='word_1_20' title='bbox 254 739 310 804; x_wconf 86' lang='lat' dir='ltr'>De</span> <span class='ocrx_word' id='word_1_21' title='bbox 317 738 388 802; x_wconf 83' lang='lat' dir='ltr'>Nat</span> <span class='ocrx_word' id='word_1_22' title='bbox 399 737 512 822; x_wconf 83' lang='lat' dir='ltr'>Deor.)</span> <span class='ocrx_word' id='word_1_23' title='bbox 527 763 534 798; x_wconf 74' lang='grc' dir='ltr'><strong>ε</strong></span> <span class='ocrx_word' id='word_1_24' title='bbox 549 751 580 801; x_wconf 90' lang='lat' dir='ltr'>et</span> <span class='ocrx_word' id='word_1_25' title='bbox 592 738 677 816; x_wconf 86' lang='lat' dir='ltr'>alibi,</span> <span class='ocrx_word' id='word_1_26' title='bbox 688 766 703 794; x_wconf 74' lang='lat' dir='ltr'>u</span> <span class='ocrx_word' id='word_1_27' title='bbox 711 737 867 822; x_wconf 80' lang='lat' dir='ltr'>Majornm</span> <span class='ocrx_word' id='word_1_28' title='bbox 879 736 1014 821; x_wconf 87' lang='lat' dir='ltr'>gentium</span> <span class='ocrx_word' id='word_1_29' title='bbox 1023 735 1171 804; x_wconf 76' lang='lat' dir='ltr'>Stoicus.»</span> 
     </span>
     <span class='ocr_line' id='line_1_4' title="bbox 119 842 1173 928; baseline 0.002 -22"><span class='ocrx_word' id='word_1_30' title='bbox 119 845 165 927; x_wconf 81' lang='grc' dir='ltr'>(Ν</span> <span class='ocrx_word' id='word_1_31' title='bbox 171 845 313 910; x_wconf 75' lang='lat' dir='ltr'>Academ-</span> <span class='ocrx_word' id='word_1_32' title='bbox 327 842 781 928; x_wconf 58' lang='lat' dir='ltr'>Quuestffleruitmoetplura</span> <span class='ocrx_word' id='word_1_33' title='bbox 788 843 1173 928; x_wconf 66' lang='lat' dir='ltr'>elogia,ipsc‘quoquerite</span> 
     </span>
     <span class='ocr_line' id='line_1_5' title="bbox 114 951 1172 1040; baseline -0.001 -22"><span class='ocrx_word' id='word_1_34' title='bbox 114 956 263 1040; x_wconf 67' lang='lat' dir='ltr'>ascriptis</span> <span class='ocrx_word' id='word_1_35' title='bbox 276 953 417 1040; x_wconf 87' lang='lat' dir='ltr'>egregius</span> <span class='ocrx_word' id='word_1_36' title='bbox 431 977 438 1014; x_wconf 91' lang='lat'><strong>:</strong></span> <span class='ocrx_word' id='word_1_37' title='bbox 456 967 487 1016; x_wconf 92' lang='lat' dir='ltr'>et</span> <span class='ocrx_word' id='word_1_38' title='bbox 499 953 597 1016; x_wconf 88' lang='lat' dir='ltr'>multa</span> <span class='ocrx_word' id='word_1_39' title='bbox 607 953 720 1018; x_wconf 81' lang='lat' dir='ltr'>boumn</span> <span class='ocrx_word' id='word_1_40' title='bbox 731 974 821 1018; x_wconf 81' lang='lat' dir='ltr'>versu</span> <span class='ocrx_word' id='word_1_41' title='bbox 835 951 974 1015; x_wconf 82' lang='lat' dir='ltr'>lambico</span> <span class='ocrx_word' id='word_1_42' title='bbox 988 953 1172 1037; x_wconf 85' lang='lat' dir='ltr'>complexus.</span> 
     </span>
     <span class='ocr_line' id='line_1_6' title="bbox 112 1056 1172 1146; baseline 0.001 -25"><span class='ocrx_word' id='word_1_43' title='bbox 112 1059 281 1146; x_wconf 75' lang='lat' dir='ltr'>Fragmenta</span> <span class='ocrx_word' id='word_1_44' title='bbox 301 1062 420 1124; x_wconf 80' lang='lat' dir='ltr'><strong>docent.</strong></span> <span class='ocrx_word' id='word_1_45' title='bbox 438 1056 726 1144; x_wconf 76' lang='lat' dir='ltr'>longaevus-item,</span> <span class='ocrx_word' id='word_1_46' title='bbox 745 1071 777 1122; x_wconf 90' lang='lat' dir='ltr'>et</span> <span class='ocrx_word' id='word_1_47' title='bbox 794 1059 929 1122; x_wconf 78' lang='lat' dir='ltr'>Zmonis</span> <span class='ocrx_word' id='word_1_48' title='bbox 949 1079 1046 1122; x_wconf 88' lang='lat' dir='ltr'>annos</span> <span class='ocrx_word' id='word_1_49' title='bbox 1064 1059 1172 1123; x_wconf 84' lang='lat' dir='ltr'>dicitur</span> 
     </span>
     <span class='ocr_line' id='line_1_7' title="bbox 109 1162 972 1252; baseline 0 -24"><span class='ocrx_word' id='word_1_50' title='bbox 109 1189 244 1250; x_wconf 78' lang='lat' dir='ltr'>equasse.</span> <span class='ocrx_word' id='word_1_51' title='bbox 254 1166 413 1252; x_wconf 78' lang='lat' dir='ltr'>Diogenes</span> <span class='ocrx_word' id='word_1_52' title='bbox 426 1193 434 1228; x_wconf 74' lang='lat' dir='ltr'>a</span> <span class='ocrx_word' id='word_1_53' title='bbox 449 1179 481 1229; x_wconf 90' lang='lat' dir='ltr'>et</span> <span class='ocrx_word' id='word_1_54' title='bbox 494 1169 570 1230; x_wconf 88' lang='lat' dir='ltr'>adde</span> <span class='ocrx_word' id='word_1_55' title='bbox 580 1164 750 1230; x_wconf 85' lang='lat' dir='ltr'>Lucienum</span> <span class='ocrx_word' id='word_1_56' title='bbox 760 1166 792 1226; x_wconf 91' lang='lat' dir='ltr'>in</span> <span class='ocrx_word' id='word_1_57' title='bbox 805 1162 972 1250; x_wconf 82' lang='lat' dir='ltr'>Longreris.</span> 
     </span>
    </p>

    <p class='ocr_par' dir='ltr' id='par_1_3' title="bbox 102 1258 1173 2198">
     <span class='ocr_line' id='line_1_8' title="bbox 140 1258 1169 1347; baseline -0.001 -20"><span class='ocrx_word' id='word_1_58' title='bbox 140 1263 337 1328; x_wconf 75' lang='lat' dir='ltr'>Curemus</span> <span class='ocrx_word' id='word_1_59' title='bbox 347 1263 418 1327; x_wconf 88' lang='lat' dir='ltr'>hnic</span> <span class='ocrx_word' id='word_1_60' title='bbox 431 1264 590 1341; x_wconf 73' lang='lat' dir='ltr'>suescant,</span> <span class='ocrx_word' id='word_1_61' title='bbox 602 1263 651 1327; x_wconf 90' lang='lat' dir='ltr'>cui</span> <span class='ocrx_word' id='word_1_62' title='bbox 660 1260 726 1325; x_wconf 92' lang='lat' dir='ltr'>Soli</span> <span class='ocrx_word' id='word_1_63' title='bbox 738 1263 851 1347; x_wconf 80' lang='lat' dir='ltr'>patria,</span> <span class='ocrx_word' id='word_1_64' title='bbox 864 1261 938 1324; x_wconf 90' lang='lat' dir='ltr'>urbs</span> <span class='ocrx_word' id='word_1_65' title='bbox 948 1258 1079 1342; x_wconf 82' lang='lat' dir='ltr'>Ciliciae,</span> <span class='ocrx_word' id='word_1_66' title='bbox 1092 1282 1169 1346; x_wconf 89' lang='lat' dir='ltr'>pos·-</span> 
     </span>
     <span class='ocr_line' id='line_1_9' title="bbox 106 1364 1170 1455; baseline -0.002 -22"><span class='ocrx_word' id='word_1_67' title='bbox 106 1385 147 1433; x_wconf 88' lang='lat' dir='ltr'>tea</span> <span class='ocrx_word' id='word_1_68' title='bbox 164 1369 394 1455; x_wconf 72' lang='lat' dir='ltr'>Pompeiopolis</span> <span class='ocrx_word' id='word_1_69' title='bbox 409 1369 489 1434; x_wconf 88' lang='lat' dir='ltr'>dicta</span> <span class='ocrx_word' id='word_1_70' title='bbox 509 1371 615 1452; x_wconf 79' lang='lat' dir='ltr'>:quod</span> <span class='ocrx_word' id='word_1_71' title='bbox 631 1370 788 1453; x_wconf 68' lang='lat' dir='ltr'>predones</span> <span class='ocrx_word' id='word_1_72' title='bbox 801 1367 845 1430; x_wconf 91' lang='lat' dir='ltr'>ibi</span> <span class='ocrx_word' id='word_1_73' title='bbox 856 1364 1020 1452; x_wconf 88' lang='lat' dir='ltr'>Pompeius</span> <span class='ocrx_word' id='word_1_74' title='bbox 1033 1368 1170 1434; x_wconf 85' lang='lat' dir='ltr'>locasset.</span> 
     </span>
     <span class='ocr_line' id='line_1_10' title="bbox 106 1470 1172 1560; baseline 0 -24"><span class='ocrx_word' id='word_1_75' title='bbox 106 1473 254 1560; x_wconf 87' lang='lat' dir='ltr'>Diogenes</span> <span class='ocrx_word' id='word_1_76' title='bbox 261 1475 439 1560; x_wconf 72' lang='lat' dir='ltr'>ambigitur:</span> <span class='ocrx_word' id='word_1_77' title='bbox 449 1473 679 1538; x_wconf 82' lang='lat' dir='ltr'>nonTarscnsis</span> <span class='ocrx_word' id='word_1_78' title='bbox 688 1473 798 1536; x_wconf 82' lang='lat' dir='ltr'>luerit:</span> <span class='ocrx_word' id='word_1_79' title='bbox 809 1470 920 1536; x_wconf 82' lang='lat' dir='ltr'>Strabo</span> <span class='ocrx_word' id='word_1_80' title='bbox 931 1472 1046 1551; x_wconf 84' lang='lat' dir='ltr'>delinit,</span> <span class='ocrx_word' id='word_1_81' title='bbox 1055 1471 1172 1559; x_wconf 77' lang='lat' dir='ltr'>«Chry-</span> 
     </span>
     <span class='ocr_line' id='line_1_11' title="bbox 105 1581 1171 1668; baseline 0 -24"><span class='ocrx_word' id='word_1_82' title='bbox 105 1584 214 1668; x_wconf 88' lang='lat' dir='ltr'>sippum</span> <span class='ocrx_word' id='word_1_83' title='bbox 231 1581 411 1658; x_wconf 83' lang='lat' dir='ltr'>Solensem,</span> <span class='ocrx_word' id='word_1_84' title='bbox 430 1595 550 1668; x_wconf 90' lang='lat' dir='ltr'>patrem</span> <span class='ocrx_word' id='word_1_85' title='bbox 567 1601 641 1646; x_wconf 83' lang='lat' dir='ltr'>vero</span> <span class='ocrx_word' id='word_1_86' title='bbox 654 1581 839 1645; x_wconf 74' lang='lat' dir='ltr'>Tarsensem</span> <span class='ocrx_word' id='word_1_87' title='bbox 861 1603 870 1640; x_wconf 75' lang='lat' dir='ltr'>a</span> <span class='ocrx_word' id='word_1_88' title='bbox 893 1582 946 1645; x_wconf 88' lang='lat' dir='ltr'>sed</span> <span class='ocrx_word' id='word_1_89' title='bbox 964 1581 1023 1646; x_wconf 88' lang='lat' dir='ltr'>huc</span> <span class='ocrx_word' id='word_1_90' title='bbox 1038 1581 1171 1646; x_wconf 88' lang='lat' dir='ltr'>commi-</span> 
     </span>
     <span class='ocr_line' id='line_1_12' title="bbox 102 1685 1172 1776; baseline 0.002 -26"><span class='ocrx_word' id='word_1_91' title='bbox 102 1711 205 1772; x_wconf 84' lang='lat' dir='ltr'>grasse.</span> <span class='ocrx_word' id='word_1_92' title='bbox 215 1718 232 1744; x_wconf 73' lang='grc' dir='ltr'><strong><em>ι</em></strong></span> <span class='ocrx_word' id='word_1_93' title='bbox 242 1694 258 1770; x_wconf 91' lang='grc'>(</span> <span class='ocrx_word' id='word_1_94' title='bbox 267 1687 337 1751; x_wconf 86' lang='lat' dir='ltr'>Lib.</span> <span class='ocrx_word' id='word_1_95' title='bbox 348 1687 597 1767; x_wconf 77' lang='lat' dir='ltr'>xlv.)1tttrifiee</span> <span class='ocrx_word' id='word_1_96' title='bbox 610 1688 691 1753; x_wconf 87' lang='lat' dir='ltr'>bunc</span> <span class='ocrx_word' id='word_1_97' title='bbox 701 1688 839 1766; x_wconf 86' lang='lat' dir='ltr'>laudant,</span> <span class='ocrx_word' id='word_1_98' title='bbox 848 1701 881 1750; x_wconf 93' lang='lat' dir='ltr'>ut</span> <span class='ocrx_word' id='word_1_99' title='bbox 891 1685 1003 1752; x_wconf 88' lang='lat' dir='ltr'>Cicero</span> <span class='ocrx_word' id='word_1_100' title='bbox 1017 1710 1025 1747; x_wconf 74' lang='grc' dir='ltr'><em>τ</em></span> <span class='ocrx_word' id='word_1_101' title='bbox 1040 1715 1055 1743; x_wconf 76' lang='grc' dir='ltr'>«ι</span> <span class='ocrx_word' id='word_1_102' title='bbox 1067 1685 1172 1776; x_wconf 85' lang='lat' dir='ltr'>Chry·-</span> 
     </span>
     <span class='ocr_line' id='line_1_13' title="bbox 102 1792 1169 1878; baseline 0.002 -22"><span class='ocrx_word' id='word_1_103' title='bbox 102 1796 196 1878; x_wconf 86' lang='lat' dir='ltr'>sippus</span> <span class='ocrx_word' id='word_1_104' title='bbox 210 1795 365 1859; x_wconf 87' lang='lat' dir='ltr'>acerrimo</span> <span class='ocrx_word' id='word_1_105' title='bbox 376 1794 507 1878; x_wconf 87' lang='lat' dir='ltr'>ingenio.</span> <span class='ocrx_word' id='word_1_106' title='bbox 516 1821 531 1850; x_wconf 68' lang='lat' dir='ltr'>a</span> <span class='ocrx_word' id='word_1_107' title='bbox 546 1792 662 1858; x_wconf 88' lang='lat' dir='ltr'>lterum</span> <span class='ocrx_word' id='word_1_108' title='bbox 676 1817 684 1854; x_wconf 74' lang='grc' dir='ltr'><strong><em>ε</em></strong></span> <span class='ocrx_word' id='word_1_109' title='bbox 699 1792 758 1856; x_wconf 76' lang='lat' dir='ltr'>«ln</span> <span class='ocrx_word' id='word_1_110' title='bbox 768 1795 853 1857; x_wconf 90' lang='lat' dir='ltr'>omni</span> <span class='ocrx_word' id='word_1_111' title='bbox 862 1794 988 1858; x_wconf 86' lang='lat' dir='ltr'>historia</span> <span class='ocrx_word' id='word_1_112' title='bbox 998 1794 1169 1858; x_wconf 73' lang='lat' dir='ltr'>curiosus.»</span> 
     </span>
     <span class='ocr_line' id='line_1_14' title="bbox 104 1897 1173 1984; baseline 0.002 -22"><span class='ocrx_word' id='word_1_113' title='bbox 104 1899 233 1983; x_wconf 81' lang='lat' dir='ltr'>itemque</span> <span class='ocrx_word' id='word_1_114' title='bbox 255 1923 264 1961; x_wconf 78' lang='lat' dir='ltr'>s</span> <span class='ocrx_word' id='word_1_115' title='bbox 282 1927 299 1956; x_wconf 74' lang='grc' dir='ltr'><strong>α</strong></span> <span class='ocrx_word' id='word_1_116' title='bbox 314 1898 512 1963; x_wconf 85' lang='lat' dir='ltr'>Somniorum</span> <span class='ocrx_word' id='word_1_117' title='bbox 522 1897 695 1964; x_wconf 90' lang='lat' dir='ltr'>Stoicorum</span> <span class='ocrx_word' id='word_1_118' title='bbox 705 1899 886 1964; x_wconf 78' lang='lat' dir='ltr'>vaferrimus</span> <span class='ocrx_word' id='word_1_119' title='bbox 901 1901 1082 1984; x_wconf 76' lang='lat' dir='ltr'>interpres.»</span> <span class='ocrx_word' id='word_1_120' title='bbox 1102 1898 1173 1964; x_wconf 89' lang='lat' dir='ltr'>De-</span> 
     </span>
     <span class='ocr_line' id='line_1_15' title="bbox 102 2004 1170 2091; baseline 0.003 -25"><span class='ocrx_word' id='word_1_121' title='bbox 102 2009 183 2088; x_wconf 88' lang='lat' dir='ltr'>nique</span> <span class='ocrx_word' id='word_1_122' title='bbox 193 2007 271 2070; x_wconf 88' lang='lat' dir='ltr'>alibi</span> <span class='ocrx_word' id='word_1_123' title='bbox 287 2029 296 2067; x_wconf 86' lang='lat'>:</span> <span class='ocrx_word' id='word_1_124' title='bbox 313 2035 329 2061; x_wconf 77' lang='grc' dir='ltr'>ιι</span> <span class='ocrx_word' id='word_1_125' title='bbox 347 2004 409 2088; x_wconf 84' lang='lat' dir='ltr'>Qui</span> <span class='ocrx_word' id='word_1_126' title='bbox 423 2005 530 2070; x_wconf 83' lang='lat' dir='ltr'>fulcire</span> <span class='ocrx_word' id='word_1_127' title='bbox 542 2019 665 2091; x_wconf 84' lang='lat' dir='ltr'>putatur</span> <span class='ocrx_word' id='word_1_128' title='bbox 673 2006 824 2089; x_wconf 89' lang='lat' dir='ltr'>porticum</span> <span class='ocrx_word' id='word_1_129' title='bbox 836 2004 1044 2071; x_wconf 85' lang='lat' dir='ltr'>Stoicorum.»</span> <span class='ocrx_word' id='word_1_130' title='bbox 1058 2005 1109 2084; x_wconf 91' lang='lat'>(11</span> <span class='ocrx_word' id='word_1_131' title='bbox 1119 2005 1170 2069; x_wconf 92' lang='lat' dir='ltr'>De</span> 
     </span>
     <span class='ocr_line' id='line_1_16' title="bbox 102 2109 1085 2198; baseline -0.001 -24"><span class='ocrx_word' id='word_1_132' title='bbox 102 2112 165 2175; x_wconf 88' lang='lat' dir='ltr'>Nat.</span> <span class='ocrx_word' id='word_1_133' title='bbox 180 2111 296 2194; x_wconf 81' lang='lat' dir='ltr'>neor.)</span> <span class='ocrx_word' id='word_1_134' title='bbox 310 2109 369 2176; x_wconf 89' lang='lat' dir='ltr'>Cul</span> <span class='ocrx_word' id='word_1_135' title='bbox 382 2113 509 2175; x_wconf 81' lang='lat' dir='ltr'>adsonat</span> <span class='ocrx_word' id='word_1_136' title='bbox 515 2112 591 2175; x_wconf 90' lang='lat' dir='ltr'>illud</span> <span class='ocrx_word' id='word_1_137' title='bbox 605 2117 777 2198; x_wconf 71' lang='grc' dir='ltr'>παροιμιῶδες</span> <span class='ocrx_word' id='word_1_138' title='bbox 792 2115 872 2197; x_wconf 87' lang='lat' dir='ltr'>apud</span> <span class='ocrx_word' id='word_1_139' title='bbox 886 2112 1061 2198; x_wconf 79' lang='lat' dir='ltr'>Diogenem</span> <span class='ocrx_word' id='word_1_140' title='bbox 1078 2136 1085 2172; x_wconf 76' lang='grc' dir='ltr'><strong>ε</strong></span> 
     </span>
    </p>

    <p class='ocr_par' dir='ltr' id='par_1_4' title="bbox 258 2240 862 2407">
     <span class='ocr_line' id='line_1_17' title="bbox 258 2240 801 2312; baseline 0.004 -16"><span class='ocrx_word' id='word_1_141' title='bbox 258 2245 288 2296; x_wconf 77' lang='grc' dir='ltr'>ΕΙ</span> <span class='ocrx_word' id='word_1_142' title='bbox 302 2243 333 2311; x_wconf 66' lang='lat' dir='ltr'>pul</span> <span class='ocrx_word' id='word_1_143' title='bbox 344 2240 642 2312; x_wconf 63' lang='lat' dir='ltr'>rbpit&#39;aXpiotsrsroe,boe</span> <span class='ocrx_word' id='word_1_144' title='bbox 653 2241 719 2302; x_wconf 68' lang='lat' dir='ltr'>Me</span> <span class='ocrx_word' id='word_1_145' title='bbox 731 2247 801 2298; x_wconf 65' lang='lat' dir='ltr'>ures·</span> 
     </span>
     <span class='ocr_line' id='line_1_18' title="bbox 259 2331 862 2407; baseline 0 -21"><span class='ocrx_word' id='word_1_146' title='bbox 259 2331 418 2407; x_wconf 78' lang='lat' dir='ltr'>Chrysippus</span> <span class='ocrx_word' id='word_1_147' title='bbox 430 2331 498 2388; x_wconf 84' lang='lat' dir='ltr'>bend</span> <span class='ocrx_word' id='word_1_148' title='bbox 509 2346 589 2402; x_wconf 85' lang='lat' dir='ltr'>esset,</span> <span class='ocrx_word' id='word_1_149' title='bbox 601 2353 649 2389; x_wconf 87' lang='lat' dir='ltr'>nee</span> <span class='ocrx_word' id='word_1_150' title='bbox 661 2347 726 2388; x_wconf 88' lang='lat' dir='ltr'>esset</span> <span class='ocrx_word' id='word_1_151' title='bbox 737 2333 862 2388; x_wconf 84' lang='lat' dir='ltr'>Porticus.</span> 
     </span>
    </p>

    <p class='ocr_par' dir='ltr' id='par_1_5' title="bbox 39 2447 1182 4438">
     <span class='ocr_line' id='line_1_19' title="bbox 134 2447 1166 2536; baseline 0.004 -25"><span class='ocrx_word' id='word_1_152' title='bbox 134 2447 175 2511; x_wconf 85' lang='lat' dir='ltr'>Et</span> <span class='ocrx_word' id='word_1_153' title='bbox 186 2449 328 2512; x_wconf 70' lang='lat' dir='ltr'>domnina</span> <span class='ocrx_word' id='word_1_154' title='bbox 345 2471 417 2512; x_wconf 81' lang='lat' dir='ltr'>senc</span> <span class='ocrx_word' id='word_1_155' title='bbox 432 2449 544 2530; x_wconf 85' lang='lat' dir='ltr'>multa,</span> <span class='ocrx_word' id='word_1_156' title='bbox 556 2447 705 2525; x_wconf 86' lang='lat' dir='ltr'>lectione,</span> <span class='ocrx_word' id='word_1_157' title='bbox 719 2450 983 2536; x_wconf 85' lang='lat' dir='ltr'>atqucscriptione</span> <span class='ocrx_word' id='word_1_158' title='bbox 996 2451 1052 2514; x_wconf 77' lang='lat' dir='ltr'>linit</span> <span class='ocrx_word' id='word_1_159' title='bbox 1066 2473 1074 2510; x_wconf 78' lang='lat' dir='ltr'>t</span> <span class='ocrx_word' id='word_1_160' title='bbox 1090 2454 1166 2515; x_wconf 88' lang='lat' dir='ltr'>adeo</span> 
     </span>
     <span class='ocr_line' id='line_1_20' title="bbox 95 2555 1170 2642; baseline 0.002 -24"><span class='ocrx_word' id='word_1_161' title='bbox 95 2570 126 2618; x_wconf 88' lang='lat' dir='ltr'>ut</span> <span class='ocrx_word' id='word_1_162' title='bbox 143 2557 301 2619; x_wconf 80' lang='lat' dir='ltr'>volumina</span> <span class='ocrx_word' id='word_1_163' title='bbox 317 2555 475 2639; x_wconf 80' lang='lat' dir='ltr'>reliquerit</span> <span class='ocrx_word' id='word_1_164' title='bbox 490 2560 528 2620; x_wconf 91' lang='lat' dir='ltr'>ad</span> <span class='ocrx_word' id='word_1_165' title='bbox 540 2558 721 2642; x_wconf 74' lang='lat' dir='ltr'>septinginta</span> <span class='ocrx_word' id='word_1_166' title='bbox 737 2570 767 2620; x_wconf 92' lang='lat' dir='ltr'>ct</span> <span class='ocrx_word' id='word_1_167' title='bbox 781 2557 912 2642; x_wconf 78' lang='lat' dir='ltr'>quinque</span> <span class='ocrx_word' id='word_1_168' title='bbox 933 2581 942 2619; x_wconf 77' lang='lat' dir='ltr'>s</span> <span class='ocrx_word' id='word_1_169' title='bbox 965 2559 1095 2641; x_wconf 81' lang='lat' dir='ltr'>vicitque</span> <span class='ocrx_word' id='word_1_170' title='bbox 1109 2581 1170 2620; x_wconf 91' lang='lat' dir='ltr'>nu-</span> 
     </span>
     <span class='ocr_line' id='line_1_21' title="bbox 39 2661 1182 2748; baseline 0.002 -24"><span class='ocrx_word' id='word_1_171' title='bbox 39 2724 44 2736; x_wconf 73' lang='lat'>,</span> <span class='ocrx_word' id='word_1_172' title='bbox 95 2685 179 2725; x_wconf 87' lang='lat' dir='ltr'>mero</span> <span class='ocrx_word' id='word_1_173' title='bbox 197 2664 320 2747; x_wconf 81' lang='lat' dir='ltr'>priores</span> <span class='ocrx_word' id='word_1_174' title='bbox 334 2683 459 2740; x_wconf 90' lang='lat' dir='ltr'>omnes,</span> <span class='ocrx_word' id='word_1_175' title='bbox 476 2663 572 2727; x_wconf 83' lang='lat' dir='ltr'>victus</span> <span class='ocrx_word' id='word_1_176' title='bbox 588 2664 628 2727; x_wconf 92' lang='lat' dir='ltr'>ab</span> <span class='ocrx_word' id='word_1_177' title='bbox 642 2661 788 2748; x_wconf 86' lang='lat' dir='ltr'>Epicuro.</span> <span class='ocrx_word' id='word_1_178' title='bbox 806 2661 912 2747; x_wconf 86' lang='lat' dir='ltr'>ltaque</span> <span class='ocrx_word' id='word_1_179' title='bbox 931 2662 1043 2730; x_wconf 89' lang='lat' dir='ltr'>Cicero</span> <span class='ocrx_word' id='word_1_180' title='bbox 1064 2664 1139 2728; x_wconf 86' lang='lat' dir='ltr'>alibi</span> <span class='ocrx_word' id='word_1_181' title='bbox 1157 2689 1182 2739; x_wconf 59' lang='grc' dir='ltr'>ε,</span> 
     </span>
     <span class='ocr_line' id='line_1_22' title="bbox 97 2766 1169 2856; baseline 0.003 -26"><span class='ocrx_word' id='word_1_182' title='bbox 97 2799 110 2821; x_wconf 75' lang='grc' dir='ltr'>ι</span> <span class='ocrx_word' id='word_1_183' title='bbox 123 2768 210 2832; x_wconf 80' lang='grc' dir='ltr'>ΝιΊιίΙ</span> <span class='ocrx_word' id='word_1_184' title='bbox 226 2792 293 2832; x_wconf 86' lang='lat' dir='ltr'>esse</span> <span class='ocrx_word' id='word_1_185' title='bbox 311 2790 330 2831; x_wconf 93' lang='lat' dir='ltr'>a</span> <span class='ocrx_word' id='word_1_186' title='bbox 348 2766 521 2856; x_wconf 79' lang='lat' dir='ltr'>Chrysippo</span> <span class='ocrx_word' id='word_1_187' title='bbox 535 2770 773 2854; x_wconf 70' lang='lat' dir='ltr'>pretermissum.</span> <span class='ocrx_word' id='word_1_188' title='bbox 782 2769 813 2832; x_wconf 93' lang='lat' dir='ltr'>in</span> <span class='ocrx_word' id='word_1_189' title='bbox 830 2769 948 2834; x_wconf 86' lang='lat' dir='ltr'>Stoicis.</span> <span class='ocrx_word' id='word_1_190' title='bbox 965 2797 981 2824; x_wconf 71' lang='lat' dir='ltr'>»s</span> <span class='ocrx_word' id='word_1_191' title='bbox 1000 2768 1036 2850; x_wconf 91' lang='lat' dir='ltr'>(l</span> <span class='ocrx_word' id='word_1_192' title='bbox 1046 2769 1097 2834; x_wconf 90' lang='lat' dir='ltr'>De</span> <span class='ocrx_word' id='word_1_193' title='bbox 1111 2769 1169 2833; x_wconf 82' lang='lat' dir='ltr'>Fi-</span> 
     </span>
     <span class='ocr_line' id='line_1_23' title="bbox 94 2874 1168 2960; baseline 0.007 -26"><span class='ocrx_word' id='word_1_194' title='bbox 94 2876 181 2954; x_wconf 89' lang='lat' dir='ltr'>nib.)</span> <span class='ocrx_word' id='word_1_195' title='bbox 197 2874 294 2938; x_wconf 88' lang='lat' dir='ltr'>Nube</span> <span class='ocrx_word' id='word_1_196' title='bbox 307 2889 409 2938; x_wconf 89' lang='lat' dir='ltr'>autem</span> <span class='ocrx_word' id='word_1_197' title='bbox 422 2875 665 2939; x_wconf 85' lang='lat' dir='ltr'>testimoniorum</span> <span class='ocrx_word' id='word_1_198' title='bbox 679 2878 711 2938; x_wconf 91' lang='lat' dir='ltr'>in</span> <span class='ocrx_word' id='word_1_199' title='bbox 726 2877 844 2960; x_wconf 89' lang='lat' dir='ltr'>scriptis</span> <span class='ocrx_word' id='word_1_200' title='bbox 863 2877 907 2938; x_wconf 91' lang='lat' dir='ltr'>nti</span> <span class='ocrx_word' id='word_1_201' title='bbox 916 2875 1021 2951; x_wconf 80' lang='lat' dir='ltr'>solet3</span> <span class='ocrx_word' id='word_1_202' title='bbox 1043 2879 1120 2941; x_wconf 86' lang='lat' dir='ltr'>adeo</span> <span class='ocrx_word' id='word_1_203' title='bbox 1134 2893 1168 2942; x_wconf 84' lang='lat' dir='ltr'>ut</span> 
     </span>
     <span class='ocr_line' id='line_1_24' title="bbox 94 2979 1165 3067; baseline 0.005 -24"><span class='ocrx_word' id='word_1_204' title='bbox 94 2984 123 3043; x_wconf 92' lang='lat' dir='ltr'>in</span> <span class='ocrx_word' id='word_1_205' title='bbox 133 2985 268 3064; x_wconf 84' lang='lat' dir='ltr'>quodam</span> <span class='ocrx_word' id='word_1_206' title='bbox 278 3003 374 3067; x_wconf 90' lang='lat' dir='ltr'>opere</span> <span class='ocrx_word' id='word_1_207' title='bbox 382 3003 476 3064; x_wconf 85' lang='lat' dir='ltr'>quum</span> <span class='ocrx_word' id='word_1_208' title='bbox 484 2979 641 3067; x_wconf 85' lang='lat' dir='ltr'>Euripidis</span> <span class='ocrx_word' id='word_1_209' title='bbox 649 2981 897 3046; x_wconf 85' lang='lat' dir='ltr'>Medeamtotam</span> <span class='ocrx_word' id='word_1_210' title='bbox 907 2983 971 3046; x_wconf 87' lang='lat' dir='ltr'>sere</span> <span class='ocrx_word' id='word_1_211' title='bbox 982 2983 1165 3060; x_wconf 83' lang='lat' dir='ltr'>inseruisset,</span> 
     </span>
     <span class='ocr_line' id='line_1_25' title="bbox 92 3086 1166 3176; baseline 0.005 -26"><span class='ocrx_word' id='word_1_212' title='bbox 92 3091 140 3171; x_wconf 82' lang='lat' dir='ltr'>qui</span> <span class='ocrx_word' id='word_1_213' title='bbox 154 3091 271 3151; x_wconf 89' lang='lat' dir='ltr'>librmn</span> <span class='ocrx_word' id='word_1_214' title='bbox 290 3089 414 3151; x_wconf 89' lang='lat' dir='ltr'>tenebat</span> <span class='ocrx_word' id='word_1_215' title='bbox 431 3101 573 3172; x_wconf 84' lang='lat' dir='ltr'>rogatus,</span> <span class='ocrx_word' id='word_1_216' title='bbox 597 3086 680 3170; x_wconf 81' lang='lat' dir='ltr'>Quid</span> <span class='ocrx_word' id='word_1_217' title='bbox 694 3088 797 3171; x_wconf 88' lang='lat' dir='ltr'>scripti</span> <span class='ocrx_word' id='word_1_218' title='bbox 811 3091 912 3152; x_wconf 85' lang='lat' dir='ltr'>esset?</span> <span class='ocrx_word' id='word_1_219' title='bbox 925 3123 968 3158; x_wconf 85' lang='grc'>-,</span> <span class='ocrx_word' id='word_1_220' title='bbox 980 3117 995 3145; x_wconf 74' lang='grc' dir='ltr'>ιι</span> <span class='ocrx_word' id='word_1_221' title='bbox 1009 3089 1166 3176; x_wconf 82' lang='lat' dir='ltr'>Euripidis</span> 
     </span>
     <span class='ocr_line' id='line_1_26' title="bbox 94 3192 1165 3281; baseline 0.004 -24"><span class='ocrx_word' id='word_1_222' title='bbox 94 3193 226 3273; x_wconf 80' lang='lat' dir='ltr'>Medea,</span> <span class='ocrx_word' id='word_1_223' title='bbox 241 3223 257 3249; x_wconf 75' lang='lat' dir='ltr'>n</span> <span class='ocrx_word' id='word_1_224' title='bbox 275 3193 373 3258; x_wconf 72' lang='lat' dir='ltr'>facete</span> <span class='ocrx_word' id='word_1_225' title='bbox 394 3193 593 3278; x_wconf 84' lang='lat' dir='ltr'>responderit.</span> <span class='ocrx_word' id='word_1_226' title='bbox 608 3192 753 3278; x_wconf 84' lang='lat' dir='ltr'>(Diogen.</span> <span class='ocrx_word' id='word_1_227' title='bbox 767 3195 800 3256; x_wconf 93' lang='lat' dir='ltr'>in</span> <span class='ocrx_word' id='word_1_228' title='bbox 812 3193 910 3281; x_wconf 85' lang='lat' dir='ltr'>Vita.)</span> <span class='ocrx_word' id='word_1_229' title='bbox 925 3194 1044 3281; x_wconf 69' lang='lat' dir='ltr'>Logitm</span> <span class='ocrx_word' id='word_1_230' title='bbox 1063 3212 1165 3261; x_wconf 89' lang='lat' dir='ltr'>autem</span> 
     </span>
     <span class='ocr_line' id='line_1_27' title="bbox 92 3299 1167 3386; baseline 0.004 -23"><span class='ocrx_word' id='word_1_231' title='bbox 92 3301 255 3384; x_wconf 84' lang='lat' dir='ltr'>plmimam</span> <span class='ocrx_word' id='word_1_232' title='bbox 271 3321 399 3384; x_wconf 85' lang='lat' dir='ltr'>operam</span> <span class='ocrx_word' id='word_1_233' title='bbox 411 3299 493 3362; x_wconf 89' lang='lat' dir='ltr'>dedit</span> <span class='ocrx_word' id='word_1_234' title='bbox 508 3299 754 3386; x_wconf 84' lang='lat' dir='ltr'>:iugenio-atque</span> <span class='ocrx_word' id='word_1_235' title='bbox 768 3301 827 3363; x_wconf 91' lang='lat' dir='ltr'>arti</span> <span class='ocrx_word' id='word_1_236' title='bbox 841 3303 882 3364; x_wconf 93' lang='lat' dir='ltr'>ita</span> <span class='ocrx_word' id='word_1_237' title='bbox 893 3302 985 3381; x_wconf 85' lang='lat' dir='ltr'>fisus,</span> <span class='ocrx_word' id='word_1_238' title='bbox 1002 3318 1036 3365; x_wconf 91' lang='lat' dir='ltr'>ut</span> <span class='ocrx_word' id='word_1_239' title='bbox 1046 3305 1167 3367; x_wconf 88' lang='lat' dir='ltr'>dictita-</span> 
     </span>
     <span class='ocr_line' id='line_1_28' title="bbox 92 3405 1167 3494; baseline 0.002 -24"><span class='ocrx_word' id='word_1_240' title='bbox 92 3423 157 3470; x_wconf 90' lang='lat' dir='ltr'>ret:</span> <span class='ocrx_word' id='word_1_241' title='bbox 177 3437 193 3462; x_wconf 78' lang='lat'><strong>«</strong></span> <span class='ocrx_word' id='word_1_242' title='bbox 204 3406 355 3470; x_wconf 79' lang='lat' dir='ltr'>Doctrina</span> <span class='ocrx_word' id='word_1_243' title='bbox 369 3408 545 3491; x_wconf 80' lang='lat' dir='ltr'>dogmatum</span> <span class='ocrx_word' id='word_1_244' title='bbox 561 3407 617 3488; x_wconf 83' lang='lat' dir='ltr'>(id</span> <span class='ocrx_word' id='word_1_245' title='bbox 637 3419 682 3470; x_wconf 87' lang='lat' dir='ltr'>est</span> <span class='ocrx_word' id='word_1_246' title='bbox 701 3405 930 3490; x_wconf 87' lang='lat' dir='ltr'>Decretorum)</span> <span class='ocrx_word' id='word_1_247' title='bbox 946 3431 978 3472; x_wconf 89' lang='lat' dir='ltr'>se</span> <span class='ocrx_word' id='word_1_248' title='bbox 993 3431 1083 3494; x_wconf 89' lang='lat' dir='ltr'>egere</span> <span class='ocrx_word' id='word_1_249' title='bbox 1096 3424 1167 3472; x_wconf 87' lang='lat' dir='ltr'>tan-</span> 
     </span>
     <span class='ocr_line' id='line_1_29' title="bbox 92 3513 1165 3600; baseline 0.001 -24"><span class='ocrx_word' id='word_1_250' title='bbox 92 3529 156 3576; x_wconf 89' lang='lat' dir='ltr'>tum</span> <span class='ocrx_word' id='word_1_251' title='bbox 184 3539 192 3575; x_wconf 73' lang='grc' dir='ltr'><strong><em>ε</em></strong></span> <span class='ocrx_word' id='word_1_252' title='bbox 215 3535 290 3576; x_wconf 90' lang='lat' dir='ltr'>nam</span> <span class='ocrx_word' id='word_1_253' title='bbox 310 3513 507 3598; x_wconf 82' lang='lat' dir='ltr'>probationes</span> <span class='ocrx_word' id='word_1_254' title='bbox 527 3533 546 3574; x_wconf 85' lang='lat' dir='ltr'>a</span> <span class='ocrx_word' id='word_1_255' title='bbox 566 3534 600 3575; x_wconf 88' lang='lat' dir='ltr'>se</span> <span class='ocrx_word' id='word_1_256' title='bbox 620 3527 852 3597; x_wconf 77' lang='lat' dir='ltr'>repertorium»</span> <span class='ocrx_word' id='word_1_257' title='bbox 872 3514 992 3595; x_wconf 89' lang='lat' dir='ltr'>(lbid.)</span> <span class='ocrx_word' id='word_1_258' title='bbox 1011 3514 1054 3577; x_wconf 85' lang='lat' dir='ltr'>Et</span> <span class='ocrx_word' id='word_1_259' title='bbox 1074 3516 1165 3600; x_wconf 87' lang='lat' dir='ltr'>vulgo</span> 
     </span>
     <span class='ocr_line' id='line_1_30' title="bbox 93 3610 1165 3701; baseline 0.001 -25"><span class='ocrx_word' id='word_1_260' title='bbox 93 3615 274 3696; x_wconf 84' lang='lat' dir='ltr'>jactabatur:</span> <span class='ocrx_word' id='word_1_261' title='bbox 291 3611 350 3676; x_wconf 85' lang='lat' dir='ltr'>«Si</span> <span class='ocrx_word' id='word_1_262' title='bbox 367 3614 409 3676; x_wconf 89' lang='lat' dir='ltr'>dii</span> <span class='ocrx_word' id='word_1_263' title='bbox 427 3613 540 3676; x_wconf 85' lang='lat' dir='ltr'>vellent</span> <span class='ocrx_word' id='word_1_264' title='bbox 551 3610 721 3678; x_wconf 80' lang='lat' dir='ltr'>Dialectice</span> <span class='ocrx_word' id='word_1_265' title='bbox 735 3614 794 3694; x_wconf 84' lang='lat' dir='ltr'>uti,</span> <span class='ocrx_word' id='word_1_266' title='bbox 816 3612 1005 3701; x_wconf 83' lang='lat' dir='ltr'>Chrysippea</span> <span class='ocrx_word' id='word_1_267' title='bbox 1020 3636 1136 3677; x_wconf 89' lang='lat' dir='ltr'>usuros.</span> <span class='ocrx_word' id='word_1_268' title='bbox 1150 3644 1165 3670; x_wconf 71' lang='grc' dir='ltr'><strong>υ</strong></span> 
     </span>
     <span class='ocr_line' id='line_1_31' title="bbox 94 3711 1165 3798; baseline 0.003 -22"><span class='ocrx_word' id='word_1_269' title='bbox 94 3715 192 3794; x_wconf 86' lang='lat' dir='ltr'>(ibid.</span> <span class='ocrx_word' id='word_1_270' title='bbox 202 3718 218 3794; x_wconf 83' lang='lat'>)</span> <span class='ocrx_word' id='word_1_271' title='bbox 229 3714 336 3797; x_wconf 78' lang='lat' dir='ltr'>ltaque</span> <span class='ocrx_word' id='word_1_272' title='bbox 354 3743 369 3770; x_wconf 75' lang='grc' dir='ltr'><strong>α</strong></span> <span class='ocrx_word' id='word_1_273' title='bbox 379 3714 472 3777; x_wconf 87' lang='lat' dir='ltr'>solius</span> <span class='ocrx_word' id='word_1_274' title='bbox 486 3711 605 3798; x_wconf 74' lang='lat' dir='ltr'>Logiee</span> <span class='ocrx_word' id='word_1_275' title='bbox 619 3713 714 3796; x_wconf 84' lang='lat' dir='ltr'>partis</span> <span class='ocrx_word' id='word_1_276' title='bbox 727 3713 884 3776; x_wconf 84' lang='lat' dir='ltr'>volumina</span> <span class='ocrx_word' id='word_1_277' title='bbox 895 3714 1017 3797; x_wconf 88' lang='lat' dir='ltr'>reliquit</span> <span class='ocrx_word' id='word_1_278' title='bbox 1032 3729 1165 3779; x_wconf 83' lang='lat' dir='ltr'>trecenta</span> 
     </span>
     <span class='ocr_line' id='line_1_32' title="bbox 94 3817 1166 3904; baseline 0.001 -21"><span class='ocrx_word' id='word_1_279' title='bbox 94 3821 242 3884; x_wconf 77' lang='lat' dir='ltr'>undecim.</span> <span class='ocrx_word' id='word_1_280' title='bbox 254 3849 270 3875; x_wconf 76' lang='lat' dir='ltr'>u</span> <span class='ocrx_word' id='word_1_281' title='bbox 283 3819 401 3899; x_wconf 88' lang='lat' dir='ltr'>(lbid.)</span> <span class='ocrx_word' id='word_1_282' title='bbox 410 3817 573 3896; x_wconf 83' lang='lat' dir='ltr'>Notabile,</span> <span class='ocrx_word' id='word_1_283' title='bbox 587 3839 627 3880; x_wconf 89' lang='lat' dir='ltr'>an</span> <span class='ocrx_word' id='word_1_284' title='bbox 641 3831 672 3881; x_wconf 91' lang='lat' dir='ltr'>et</span> <span class='ocrx_word' id='word_1_285' title='bbox 684 3818 855 3882; x_wconf 80' lang='lat' dir='ltr'>laudabile?</span> <span class='ocrx_word' id='word_1_286' title='bbox 871 3819 972 3904; x_wconf 84' lang='lat' dir='ltr'>Negat</span> <span class='ocrx_word' id='word_1_287' title='bbox 983 3818 1119 3900; x_wconf 80' lang='lat' dir='ltr'>Seneca,</span> <span class='ocrx_word' id='word_1_288' title='bbox 1136 3837 1166 3884; x_wconf 88' lang='lat' dir='ltr'>et</span> 
     </span>
     <span class='ocr_line' id='line_1_33' title="bbox 97 3923 1166 4013; baseline 0.005 -27"><span class='ocrx_word' id='word_1_289' title='bbox 97 3929 183 3988; x_wconf 88' lang='lat' dir='ltr'>audet</span> <span class='ocrx_word' id='word_1_290' title='bbox 196 3953 213 3982; x_wconf 77' lang='grc' dir='ltr'>ι</span> <span class='ocrx_word' id='word_1_291' title='bbox 221 3923 427 4013; x_wconf 73' lang='lat' dir='ltr'>Chrysippum</span> <span class='ocrx_word' id='word_1_292' title='bbox 438 3925 470 3988; x_wconf 88' lang='lat' dir='ltr'>in</span> <span class='ocrx_word' id='word_1_293' title='bbox 479 3924 616 3987; x_wconf 90' lang='lat' dir='ltr'>ordinem</span> <span class='ocrx_word' id='word_1_294' title='bbox 627 3945 737 4010; x_wconf 91' lang='lat' dir='ltr'>cogere</span> <span class='ocrx_word' id='word_1_295' title='bbox 746 3969 755 4002; x_wconf 95' lang='lat'>,</span> <span class='ocrx_word' id='word_1_296' title='bbox 764 3946 909 4010; x_wconf 84' lang='lat' dir='ltr'>magnum</span> <span class='ocrx_word' id='word_1_297' title='bbox 918 3927 1038 4005; x_wconf 78' lang='lat' dir='ltr'>virum,</span> <span class='ocrx_word' id='word_1_298' title='bbox 1054 3930 1107 3990; x_wconf 93' lang='lat' dir='ltr'>sed</span> <span class='ocrx_word' id='word_1_299' title='bbox 1119 3943 1166 3991; x_wconf 89' lang='lat' dir='ltr'>ta-</span> 
     </span>
     <span class='ocr_line' id='line_1_34' title="bbox 98 4031 1166 4115; baseline 0.005 -23"><span class='ocrx_word' id='word_1_300' title='bbox 98 4053 167 4092; x_wconf 84' lang='lat' dir='ltr'>men</span> <span class='ocrx_word' id='word_1_301' title='bbox 189 4031 332 4096; x_wconf 83' lang='lat' dir='ltr'>Graecum</span> <span class='ocrx_word' id='word_1_302' title='bbox 350 4054 358 4090; x_wconf 75' lang='grc' dir='ltr'><strong>ε</strong></span> <span class='ocrx_word' id='word_1_303' title='bbox 375 4032 459 4115; x_wconf 87' lang='lat' dir='ltr'>eujus</span> <span class='ocrx_word' id='word_1_304' title='bbox 475 4051 603 4094; x_wconf 85' lang='lat' dir='ltr'>acumen</span> <span class='ocrx_word' id='word_1_305' title='bbox 622 4031 713 4094; x_wconf 90' lang='lat' dir='ltr'>nimis</span> <span class='ocrx_word' id='word_1_306' title='bbox 732 4043 823 4094; x_wconf 91' lang='lat' dir='ltr'>tenue</span> <span class='ocrx_word' id='word_1_307' title='bbox 839 4035 1025 4110; x_wconf 88' lang='lat' dir='ltr'>retunditur,</span> <span class='ocrx_word' id='word_1_308' title='bbox 1043 4047 1073 4096; x_wconf 89' lang='lat' dir='ltr'>et</span> <span class='ocrx_word' id='word_1_309' title='bbox 1088 4035 1166 4098; x_wconf 89' lang='lat' dir='ltr'>inse</span> 
     </span>
     <span class='ocr_line' id='line_1_35' title="bbox 99 4138 1165 4225; baseline 0.006 -27"><span class='ocrx_word' id='word_1_310' title='bbox 99 4159 173 4221; x_wconf 63' lang='lat' dir='ltr'>ape</span> <span class='ocrx_word' id='word_1_311' title='bbox 183 4139 345 4222; x_wconf 88' lang='lat' dir='ltr'>replicatur</span> <span class='ocrx_word' id='word_1_312' title='bbox 359 4163 366 4198; x_wconf 73' lang='grc' dir='ltr'><strong>ι</strong></span> <span class='ocrx_word' id='word_1_313' title='bbox 378 4141 472 4201; x_wconf 88' lang='lat' dir='ltr'>etiam</span> <span class='ocrx_word' id='word_1_314' title='bbox 487 4159 580 4220; x_wconf 85' lang='lat' dir='ltr'>quum</span> <span class='ocrx_word' id='word_1_315' title='bbox 594 4159 685 4222; x_wconf 88' lang='lat' dir='ltr'>agere</span> <span class='ocrx_word' id='word_1_316' title='bbox 698 4138 811 4220; x_wconf 81' lang='lat' dir='ltr'>aliquid</span> <span class='ocrx_word' id='word_1_317' title='bbox 821 4139 955 4219; x_wconf 87' lang='lat' dir='ltr'>videtur,</span> <span class='ocrx_word' id='word_1_318' title='bbox 967 4143 1072 4225; x_wconf 87' lang='lat' dir='ltr'>pungit</span> <span class='ocrx_word' id='word_1_319' title='bbox 1083 4187 1092 4218; x_wconf 93' lang='lat'>,</span> <span class='ocrx_word' id='word_1_320' title='bbox 1104 4162 1165 4208; x_wconf 88' lang='lat' dir='ltr'>non</span> 
     </span>
     <span class='ocr_line' id='line_1_36' title="bbox 99 4244 1167 4329; baseline 0.006 -24"><span class='ocrx_word' id='word_1_321' title='bbox 99 4245 239 4324; x_wconf 75' lang='lat' dir='ltr'>perforat.</span> <span class='ocrx_word' id='word_1_322' title='bbox 257 4275 273 4300; x_wconf 77' lang='grc' dir='ltr'>ι»</span> <span class='ocrx_word' id='word_1_323' title='bbox 290 4245 330 4326; x_wconf 93' lang='lat' dir='ltr'>(l</span> <span class='ocrx_word' id='word_1_324' title='bbox 343 4245 394 4309; x_wconf 89' lang='lat' dir='ltr'>De</span> <span class='ocrx_word' id='word_1_325' title='bbox 409 4245 517 4310; x_wconf 81' lang='lat' dir='ltr'>lienes.</span> <span class='ocrx_word' id='word_1_326' title='bbox 531 4292 541 4322; x_wconf 92' lang='lat'>,</span> <span class='ocrx_word' id='word_1_327' title='bbox 556 4268 582 4310; x_wconf 87' lang='lat' dir='ltr'>c.</span> <span class='ocrx_word' id='word_1_328' title='bbox 603 4245 654 4322; x_wconf 69' lang='grc'>4.)</span> <span class='ocrx_word' id='word_1_329' title='bbox 667 4244 789 4309; x_wconf 91' lang='lat' dir='ltr'>Bonum</span> <span class='ocrx_word' id='word_1_330' title='bbox 803 4246 963 4329; x_wconf 84' lang='lat' dir='ltr'>judicimn,</span> <span class='ocrx_word' id='word_1_331' title='bbox 985 4262 1016 4311; x_wconf 89' lang='lat' dir='ltr'>et</span> <span class='ocrx_word' id='word_1_332' title='bbox 1028 4249 1167 4312; x_wconf 80' lang='lat' dir='ltr'>tmiverse</span> 
     </span>
     <span class='ocr_line' id='line_1_37' title="bbox 100 4349 1164 4438; baseline 0.006 -26"><span class='ocrx_word' id='word_1_333' title='bbox 100 4350 189 4412; x_wconf 80' lang='lat' dir='ltr'>etiam</span> <span class='ocrx_word' id='word_1_334' title='bbox 205 4353 453 4436; x_wconf 84' lang='lat' dir='ltr'>amplectendum.</span> <span class='ocrx_word' id='word_1_335' title='bbox 470 4349 551 4416; x_wconf 87' lang='lat' dir='ltr'>Sane</span> <span class='ocrx_word' id='word_1_336' title='bbox 571 4350 773 4438; x_wconf 84' lang='lat' dir='ltr'>Chrysippus,</span> <span class='ocrx_word' id='word_1_337' title='bbox 797 4375 814 4416; x_wconf 82' lang='lat' dir='ltr'>o</span> <span class='ocrx_word' id='word_1_338' title='bbox 833 4355 969 4420; x_wconf 85' lang='lat' dir='ltr'>moribus</span> <span class='ocrx_word' id='word_1_339' title='bbox 991 4368 1021 4419; x_wconf 90' lang='lat' dir='ltr'>et</span> <span class='ocrx_word' id='word_1_340' title='bbox 1045 4355 1103 4418; x_wconf 88' lang='lat' dir='ltr'>vita</span> <span class='ocrx_word' id='word_1_341' title='bbox 1125 4359 1164 4418; x_wconf 87' lang='lat' dir='ltr'>ad</span> 
     </span>
    </p>
   </div>
   <div class='ocr_carea' id='block_1_3' title="bbox 0 0 1470 4956">
    <p class='ocr_par' dir='ltr' id='par_1_6' title="bbox 0 0 1470 4956">
     <span class='ocr_line' id='line_1_38' title="bbox 0 0 1470 4956; baseline 0 1"><span class='ocrx_word' id='word_1_342' title='bbox 0 0 1470 4956; x_wconf 95' lang='lat' dir='ltr'> </span> 
     </span>
    </p>
   </div>
  </div>
 </body>
</html>
