2896 4958
278 423 407 506 coma·
461 418 495 486 t.
520 419 682 488 mesu
706 419 1163 493 uauuoucmonrs

276 583 349 624 vere
364 581 427 625 non
441 563 565 647 possim.
585 558 724 628 Honeste
735 551 750 640 ,Ἴ
759 576 871 648 negant
885 561 1038 630 Catonem
1052 569 1205 650 pondisse;
1221 567 1361 646 utiliter,

276 667 428 744 Atticum,
447 682 478 730 et
496 668 591 742 tales,
610 669 662 752 qui
682 669 714 731 in
729 681 866 734 extremo
889 672 994 750 senio,
1019 685 1071 736 aut
1086 673 1196 737 morho
1212 703 1220 747 ;
1237 696 1312 738 nam
1333 689 1363 736 ct

239 849 240 854 γ
280 772 475 847 Senectutem
485 774 564 840 inter
574 794 680 840 causas
692 775 817 840 habent.
828 759 945 842 Noster
961 802 970 842 a
984 806 1000 834 r
1015 778 1067 843 De
1081 781 1139 843 isto
1150 780 1285 844 feremus
1295 803 1363 845 sen-

278 882 419 959 tentiam,
435 899 475 944 an
490 894 630 966 oporteat
642 881 777 948 fastidire
789 880 959 949 Senectutis
973 899 1131 965 extrema,
1148 900 1179 951 et
1192 887 1287 951 finem
1299 907 1361 949 non

278 989 394 1074 operiri
405 1012 416 1063 ς
428 991 482 1052 sed
495 1008 589 1052 manu
601 987 824 1075 sacere0Propc
839 1006 886 1056 est
898 1013 917 1055 a
927 993 1052 1056 timente
1066 1037 1076 1072 ,
1088 993 1141 1076 qui
1150 993 1248 1057 satum
1263 997 1363 1078 segnis

277 1097 431 1180 exspectat
443 1117 452 1152 ε
468 1095 544 1160 sicut
557 1094 610 1158 ille
623 1095 703 1158 ultra
718 1098 846 1160 modum
858 1099 977 1162 deditus
992 1099 1085 1178 vino,
1107 1100 1159 1182 qui
1178 1099 1363 1185 amphoram

281 1202 425 1280 exsiccat,
445 1216 476 1264 et
489 1203 596 1266 saecem
608 1221 727 1286 quoque
746 1203 896 1268 exsorbet.
912 1231 929 1260 o
945 1204 1077 1289 (thia.)
1091 1203 1154 1270 Sed
1169 1227 1241 1269 mox
1256 1204 1299 1268 ita
1312 1209 1363 1268 de-

279 1308 371 1386 cidit,
390 1321 421 1371 et
434 1309 614 1372 senteutiam
627 1309 809 1394 pronunciat
824 1333 833 1370 ι
850 1337 866 1368 a
882 1309 957 1374 Non
971 1312 1142 1396 relinquam
1153 1325 1362 1389 senectutem,

280 1417 306 1478 si
320 1435 370 1479 me
385 1428 484 1478 totum
502 1408 578 1478 milii
594 1417 762 1480 reservabit
776 1443 784 1490 ;
804 1429 902 1480 totum
921 1429 1044 1496 antem,
1066 1417 1108 1480 ab
1122 1417 1174 1480 illa
1188 1431 1278 1502 parte
1295 1438 1365 1479 me-

279 1524 369 1586 liore.
381 1522 425 1585 At
435 1523 461 1586 si
475 1522 601 1606 coeperit
613 1537 775 1588 concutere
785 1538 932 1603 mentem,
947 1525 973 1586 si
986 1537 1089 1608 partes
1100 1525 1165 1607 ejus
1176 1525 1363 1596 convellere,

281 1630 307 1691 si
322 1629 398 1690 mihi
407 1649 469 1692 non
483 1629 577 1690 vitam
590 1628 758 1711 reliquerit,
776 1632 830 1692 sed
843 1630 978 1692 animam
994 1677 1002 1708 ,
1016 1631 1176 1714 prosiliam
1187 1650 1225 1692 cx
1236 1629 1366 1693 aedilicio

281 1736 403 1819 putrido
415 1736 524 1800 ruenti.
534 1760 549 1792 a
561 1734 709 1798 Animum
722 1735 892 1800 senecionis
903 1737 999 1800 nostri
1010 1736 1194 1816 vides(talis
1207 1739 1274 1820 jam
1289 1751 1364 1811 erat,

282 1864 377 1924 quum
389 1841 454 1906 haec
465 1842 612 1928 scripsit);
622 1846 692 1921 sed,
705 1863 726 1906 o
740 1840 839 1920 Dens,
850 1863 944 1926 quam
955 1844 1056 1927 vegeti
1072 1863 1108 1906 ea
1121 1858 1209 1928 parte
1220 1856 1251 1906 et
1263 1845 1367 1906 valen·

283 1949 340 2012 tis!
356 1947 517 2014 Musonius
529 1997 538 2029 ,
549 1964 602 2014 aut
614 1951 682 2033 quis
696 1951 792 2029 alius,
806 1952 889 2035 apud
902 1947 1056 2014 Stoboeum
1070 1950 1127 2028 ista
1141 1952 1206 2036 ipsa
1217 1951 1365 2036 pulchre:

286 2085 301 2111 ι
318 2053 430 2120 Sicutc
445 2059 537 2146 domo
552 2057 630 2141 exigi
644 2057 782 2121 videmur
794 2099 805 2134 ,
816 2079 910 2141 qrrum
924 2057 1062 2136 locator,
1076 2059 1223 2142 pensione
1237 2079 1304 2120 non
1316 2078 1368 2120 ae·
1418 2093 1419 2098 κ

285 2177 391 2248 cepta,
407 2163 490 2227 sores
505 2163 640 2242 revellit,
650 2163 766 2248 tegulas
779 2164 898 2242 auten,
912 2177 1038 2249 puteum
1053 2163 1182 2228 obstruit
1193 2187 1202 2222 r
1212 2163 1255 2226 ita
1267 2177 1298 2226 et
1311 2163 1368 2224 hoc

286 2269 468 2355 corpusculo
487 2270 563 2354 pelli
583 2271 711 2347 videor,
732 2291 827 2352 quum
848 2269 989 2346 Natura,
1016 2293 1082 2354 qua
1103 2270 1235 2348 locavit,
1264 2271 1368 2334 oculos

260 2459 264 2472 .
285 2379 411 2456 adimit,
430 2399 538 2453 aures,
550 2397 679 2448 manus,
702 2378 806 2461 pedes.
821 2375 894 2442 Non
910 2397 1017 2439 moror
1034 2377 1127 2461 igitur
1141 2377 1294 2460 amplius,
1318 2377 1368 2436 sed

285 2486 367 2546 velut
381 2507 398 2548 e
413 2483 553 2548 convivio
568 2483 711 2557 discedo,
733 2483 809 2544 nihil
821 2503 1000 2568 aegrescens.
1017 2509 1033 2540 a
1052 2480 1174 2561 (Scrm.
1192 2480 1280 2565 tlt.)
1297 2479 1369 2543 llaec

286 2591 365 2652 ratio
381 2591 411 2652 in
424 2587 587 2654 Senectute
600 2589 683 2652 valet
690 2633 703 2666 ,
717 2589 875 2652 autetiam
889 2609 1019 2673 corpore
1038 2609 1095 2673 per
1107 2587 1240 2652 morbos·
1248 2590 1315 2671 jam
1329 2586 1370 2650 al-

286 2697 386 2770 lecto,
403 2711 433 2759 ct
443 2696 514 2779 quid
524 2716 599 2782 opus
613 2697 824 2780 tergiversari,
842 2709 873 2758 et
885 2695 1011 2760 differre
1021 2740 1031 2771 ,
1043 2697 1125 2778 quod
1137 2695 1240 2760 statim
1258 2709 1306 2759 est
1321 2693 1370 2756 su·

288 2803 413 2868 turum?
431 2801 467 2865 ln
481 2823 609 2888 poenas,
626 2816 678 2865 aut
692 2801 789 2866 risum
801 2801 878 2866 vivis
895 2826 903 2863 a

423 2920 475 2974 Cur
488 2940 541 2976 non
551 2933 580 2972 ut
592 2920 682 2993 plenus
692 2918 751 2973 vitae
760 2918 870 2972 conviva
879 2917 993 2983 recedis,

421 3013 509 3085 AEquo
520 3014 657 3082 animoque
667 3011 734 3085 capis
744 3029 857 3064 securam
866 3047 875 3076 ,
885 3012 969 3079 stulte,
979 3008 1114 3083 quictem?
1125 3012 1233 3076 (Lucu.
1249 3013 1317 3078 ΙΙΙ.)

288 3115 381 3198 Quod
393 3114 490 3182 nostri
502 3115 594 3178 etiam
606 3115 746 3199 longius,
762 3127 793 3178 et
805 3115 845 3178 ad
857 3135 908 3178 res
921 3113 1023 3188 latas,
1039 3127 1070 3178 et
1084 3134 1194 3198 corpus
1211 3113 1368 3186 validum,

287 3225 468 3308 producunt.
479 3217 557 3285 Cato
568 3222 650 3305 apud
662 3220 799 3284 Tullium
812 3241 821 3281 ι
836 3245 853 3275 r
864 3217 927 3284 Sed
936 3241 1031 3302 quum
1045 3219 1085 3282 ab
1097 3219 1145 3282 his
1157 3222 1248 3302 (quae
1264 3241 1371 3282 secun-

288 3333 361 3418 dpm
370 3328 521 3392 Naturam
532 3330 620 3410 sunt)
634 3328 737 3392 omnia
746 3326 976 3413 proficiscantur
986 3326 1087 3390 olida
1103 3349 1111 3388 a
1126 3346 1189 3388 non
1204 3325 1274 3389 sine
1285 3347 1371 3390 causa

288 3437 412 3516 dicitur,
430 3439 470 3500 ad
484 3455 520 3500 ea
533 3435 646 3500 referri
657 3456 765 3500 omnes
777 3449 898 3500 nostras
917 3435 1132 3520 cogitationes,
1153 3434 1186 3496 iu
1205 3433 1258 3497 his
1273 3449 1305 3497 et
1320 3457 1372 3498 cx-

289 3567 409 3608 cessum
423 3567 441 3608 e
455 3546 537 3622 vita,
556 3557 587 3608 et
602 3543 707 3607 inrita
727 3543 929 3610 mansionem.
948 3541 987 3606 ln
1001 3563 1062 3626 qno
1082 3541 1166 3606 enim
1179 3543 1270 3626 plura
1284 3555 1370 3618 sunt,

290 3675 358 3734 quae
367 3652 532 3715 secundum
542 3664 682 3714 naturam
692 3664 777 3730 sunt,
787 3649 878 3733 hujus
887 3649 1023 3713 officium
1034 3663 1096 3728 est,
1109 3649 1141 3712 in
1152 3649 1214 3712 rita
1224 3669 1372 3712 manere:

292 3761 323 3820 in
336 3781 395 3840 quo
411 3772 513 3822 autem
527 3771 595 3822 sunt
606 3757 695 3844 plura
709 3758 878 3834 contraria,
895 3769 947 3820 aut
960 3755 1028 3819 lore
1044 3753 1204 3832 ridenurr,
1220 3755 1315 3840 hujus
1327 3753 1374 3816 ol·

293 3864 395 3926 licium
410 3878 475 3942 cst,
499 3865 591 3928 evita
610 3866 766 3930 excedere.
786 3861 836 3927 Ex
859 3884 919 3946 quo
933 3877 1077 3946 apparet,
1101 3875 1132 3926 et
1146 3859 1303 3946 Sapientis
1319 3862 1376 3925 ali-

293 3974 414 4054 quando
424 3992 490 4034 esse
501 3973 655 4052 officium,
669 3973 814 4038 excedere
828 3972 917 4035 evita
927 3991 1021 4054 quum
1031 3968 1144 4033 Beatus
1155 3969 1193 4032 sit
1206 3995 1213 4040 ;
1227 3983 1259 4032 et
1270 3967 1372 4043 Stulti,

294 4099 420 4140 manere
432 4079 463 4138 in
473 4079 546 4155 rita,
555 4100 648 4159 quum
660 4080 698 4142 sit
709 4080 812 4142 miser.
821 4105 836 4136 a
849 4077 911 4160 (ΙΙΙ
922 4081 959 4140 de
970 4076 1054 4158 Fin.)
1065 4074 1140 4140 Hace
1151 4097 1300 4159 germana
1311 4086 1375 4138 suut

294 4184 407 4264 Stoica,
418 4189 471 4249 sed
480 4185 636 4249 obscurius
647 4187 723 4250 dicta
736 4209 744 4248 a
756 4208 795 4249 an
805 4186 855 4250 lux
867 4185 997 4268 aliquaa
1010 4181 1142 4258 Stoboeo,
1158 4181 1189 4244 id
1205 4195 1263 4260 est,
1274 4179 1374 4266 Chry·

293 4296 400 4379 sippo,
422 4294 502 4357 erit?
526 4292 620 4356 Aiunt
635 4293 785 4375 (Stoici)
800 4293 951 4358 interdum
968 4303 998 4354 et
1020 4291 1131 4354 exitum
1149 4311 1165 4354 e
1184 4291 1243 4352 vita
1266 4287 1373 4350 Proliis
