2896 4958
309 441 352 506 32
747 433 815 502 DE
844 433 938 503 lllA

253 645 255 652 Α
308 567 432 636 facturi
453 563 572 658 pejora
592 585 669 655 quae
691 565 918 658 contingunt,
944 580 981 634 et
1001 589 1070 660 quo
1093 589 1163 636 uno
1185 565 1284 635 modo
1301 591 1374 662 pos-

270 701 284 734 2
309 697 405 764 suut,
426 679 583 750 desinant
600 679 679 748 mali
696 704 770 748 esse
788 707 797 746 ι
818 679 880 750 sed
895 681 961 750 hoc
977 683 1050 754 eine
1067 681 1157 752 odio.
1178 681 1276 775 Quid
1291 683 1374 751 enim

308 813 361 868 est
385 805 448 866 cu'r
468 792 622 865 ode'rim'
644 819 743 878 eum,
770 797 827 864 cui
845 811 917 864 tum
934 797 1077 866 maxime
1097 820 1254 890 prosum,
1276 821 1375 890 quum

308 913 406 982 illum
435 903 501 982 sibi
529 912 665 1006 eripio?
691 914 781 980 Num
808 913 885 1004 quis
912 913 1064 982 membra
1091 936 1152 981 sua
1177 910 1269 996 odit,
1302 928 1376 980 tunc

309 1053 415 1122 quum
441 1028 616 1099 abscidit?
641 1052 711 1096 non
737 1043 788 1098 est
815 1027 874 1095 illa
897 1028 970 1111 ira,
1000 1013 1061 1096 sed
1085 1029 1209 1096 misera
1234 1028 1369 1096 curado.

308 1144 460 1214 Rabidos
483 1143 667 1238 effligimus
688 1165 812 1226 canes,
837 1157 968 1212 trucem
995 1159 1098 1237 atque
1122 1144 1376 1214 immansuetum

308 1259 432 1330 bovem
445 1258 624 1341 oredimus,
646 1272 683 1326 et
694 1257 858 1328 morbidis
874 1260 1074 1352 pecoribus,
1092 1285 1136 1330 ne
1153 1285 1293 1356 gregem
1306 1261 1374 1356 pol·

310 1377 427 1462 luant,
449 1377 579 1446 serrum
595 1372 827 1461 demittimus3
845 1391 1058 1470 portentosos
1076 1377 1175 1448 foetus
1193 1369 1377 1473 exstingui·

311 1518 406 1580 mus3
423 1493 549 1564 liberos
562 1515 717 1584 quoque,
738 1492 767 1560 si
781 1490 912 1562 debiles
926 1495 1173 1588 monstrosique
1187 1494 1271 1564 editi
1285 1510 1377 1577 sunt,

271 1611 288 1664 ³
313 1609 497 1702 mergimus
508 1611 534 1674 ¹.
550 1609 626 1675 Nou
639 1609 710 1690 ira,
727 1605 788 1676 sed
802 1609 888 1676 ratio
900 1625 968 1693 est,
987 1612 1112 1680 asanis
1124 1611 1258 1680 inutilia
1273 1636 1378 1680 secer-

312 1747 409 1793 nere.
429 1722 486 1791 Nil
504 1723 635 1806 minus,
656 1746 759 1814 quam
775 1724 893 1806 irasci,
914 1726 1115 1818 punientem
1132 1724 1258 1796 decet:
1279 1753 1378 1821 quum

313 1863 354 1908 eo
381 1840 489 1933 magis
513 1836 556 1905 ad
583 1836 855 1908 emendationem
879 1865 980 1934 poena
1004 1843 1179 1937 proficiat,
1204 1843 1233 1912 ai
1254 1843 1381 1942 judicio

312 1959 380 2028 lata
393 1974 455 2026 est.
469 1956 554 2026 Inde
564 1973 633 2040 est,
650 1956 743 2050 quod
752 1959 906 2028 Socrates
916 1983 1013 2031 servo
1024 1962 1072 2030 ait
1089 1988 1098 2029 ε
1116 1960 1320 2032 «Caederem
1332 1979 1379 2044 te,

312 2073 379 2142 nisi
388 2072 567 2139 irascerer.
583 2097 599 2134 ιι
613 2069 888 2142 Admonitionem
900 2076 990 2144 servi
1001 2075 1036 2142 in
1047 2091 1181 2170 tempus
1189 2078 1306 2146 sanius
1319 2077 1383 2145 dis-

313 2187 409 2271 tulit,
437 2175 496 2254 illo
519 2178 671 2280 tempore
692 2210 729 2256 ee
750 2185 939 2259 admonuit.
963 2192 1069 2285 Cujus
1093 2194 1160 2262 erit
1179 2209 1382 2288 temperatus

313 2307 472 2389 affectus,
489 2329 595 2398 quum
607 2307 761 2374 Socrates
773 2329 843 2374 non
857 2309 900 2374 sit
914 2331 1016 2378 ausus
1030 2333 1066 2378 se
1081 2311 1140 2380 iro)
1152 2313 1384 2381 committere?

273 2409 290 2476 Ι
314 2423 405 2515 Ergo
425 2419 470 2490 ad
493 2421 733 2489 coercitionem
757 2423 946 2492 errantium
970 2425 1281 2520 sceleratorumque
1303 2430 1384 2496 irato

314 2537 516 2631 castigatore
532 2560 601 2604 non
618 2559 703 2631 opus
720 2552 772 2605 est
790 2564 798 2604 :
815 2562 893 2607 nam
912 2564 1016 2633 quum
1036 2543 1088 2610 ira
1104 2540 1266 2612 delictum
1284 2543 1383 2612 animi

314 2657 375 2740 ait,
397 2680 465 2724 non
482 2670 616 2750 oportet
632 2671 772 2748 peccata
788 2659 962 2754 corrigere
977 2677 1186 2753 peccantem.

342 2854 363 2888 1·
382 2835 457 2906 Quid
471 2836 540 2889 euim
557 2844 598 2888 est
612 2853 659 2888 eur
673 2835 826 2887 vden'rnm
875 2837 955 2910 magis
968 2857 1052 2892 mores
1065 2859 1142 2912 quam
1154 2861 1168 2894 e
1182 2844 1334 2914 portentosis
1344 2844 1387 2898 ite·

314 2911 408 2966 Fusius
423 2931 492 2966 nune
511 2913 603 2970 Noster
621 2911 649 2964 id
660 2910 721 2964 dicit
734 2923 764 2966 'et
781 2912 826 2965 de·
874 2915 942 2970 tibus
954 2915 1159 2972 horridissimas:
1173 2933 1327 2974 montrum,
1339 2921 1386 2974 Sal

314 2991 824 3066 monstrandumsggreditnrqnodsupra‚
874 2994 896 3048 is
908 3016 980 3064 usus,
994 2998 1202 3068 eaoonsuetndo‚
1217 2997 1386 3054 invalescebat

314 3093 368 3147 esp.
380 3073 544 3138 danblim,
558 3072 719 3136 notavimus,
733 3091 824 3147 nempe
874 3073 938 3128 elim
951 3075 1018 3150 apud
1027 3075 1130 3131 Graecos
1143 3091 1168 3131 et
1180 3077 1330 3144 Romanoa
1344 3098 1386 3130 ns·

314 3150 391 3204 etism
406 3150 534 3224 pereuntis
551 3151 670 3204 interesse
687 3161 717 3202 ut
732 3161 824 3224 pereat.
873 3172 923 3223 qne
937 3167 996 3206 ante
1006 3153 1084 3206 linem
1095 3153 1184 3209 babuit
1197 3175 1278 3226 qnam
1291 3175 1385 3228 purpu-

299 3273 300 3276 ,
315 3227 442 3283 Ceterum
451 3242 475 3282 et
482 3227 549 3281 bane
557 3241 582 3280 et
592 3228 727 3301 superioris
738 3227 825 3301 eapitis
865 3249 929 3296 ,ram
937 3243 962 3285 et
970 3231 1106 3306 imperium
1116 3231 1165 3286 sibi
1175 3231 1324 3286 Christiana
1331 3229 1388 3284 reli·

314 3307 823 3383 nltimampbrasimpntatbipsiusadsum
873 3309 917 3382 gio
930 3309 1116 3382 adsumpsisset.
1134 3309 1189 3364 Nee
1202 3310 1290 3365 statim
1304 3320 1387 3364 tamen

313 3388 499 3442 Demonactern
506 3387 639 3462 perfluere,
647 3405 824 3459 quemnemo·
873 3387 988 3442 recessit:
1000 3387 1147 3460 gravissime
1160 3387 1266 3442 undem
1280 3402 1306 3443 et
1316 3407 1386 3442 acer-

313 3469 359 3524 rise
375 3469 505 3543 proditum
518 3480 556 3520 est
570 3487 701 3539 uunquam
719 3467 825 3539 adspec-
873 3465 975 3519 bissime
983 3465 1145 3540 objurgatum
1153 3486 1253 3520 rnorem
1262 3467 1385 3520 sustulere

234 3585 239 3598 .
313 3559 367 3600 tum
377 3545 824 3612 fnisseautelamsntem‚antisnmo·
873 3543 1069 3598 Valentinianus
1087 3545 1116 3598 in
1129 3545 1251 3612 Oriente,
1267 3545 1297 3597 in
1309 3543 1388 3596 Occi·

314 3625 823 3698 dicecontentioniindulgentem‚autin·
873 3619 1387 3688 teutevstemtttnusnuffiaumm,

313 3703 475 3777 dignantem,
488 3721 521 3755 ne
537 3723 568 3756 eo
583 3702 688 3775 quidem
703 3703 822 3776 temporis
872 3702 894 3754 si
908 3703 964 3772 quis
977 3700 1129 3755 dubitaverit
1144 3701 1199 3774 lege
1216 3702 1346 3754 sancitum
1361 3701 1387 3752 id

313 3781 476 3854 aniculoqao
484 3780 656 3855 objurgandus
662 3779 753 3852 aliquis
760 3792 821 3847 esst,
873 3781 989 3847 sevitie,
1003 3799 1036 3832 en
1050 3800 1064 3832 e
1076 3779 1175 3846 Tullio,
1190 3779 1254 3851 Leg.
1272 3779 1320 3832 lib.
1333 3779 1387 3844 ΙΙΙ,

313 3858 358 3912 sed
367 3871 466 3934 peecata
475 3858 579 3930 quidem
589 3877 675 3912 serere
688 3855 826 3930 reprebea-
874 3877 928 3932 esp.
937 3859 966 3923 8,
978 3877 1007 3911 ea
1017 3858 1070 3931 ipsa
1079 3857 1281 3926 transcribimus,
1292 3877 1351 3931 que
1362 3857 1387 3908 iu

314 3937 392 4003 dere,
412 3935 574 4010 peccantibus
595 3955 656 3988 sero
678 3933 822 4008 ignoscerea
874 3933 1010 3988 duodecim
1024 3933 1246 3988 tabulissel'ater
1266 3935 1391 4008 insignem

314 4012 445 4067 dictitabat
464 4013 533 4066 enim
549 4013 599 4066 ille
619 4031 646 4066 se
666 4011 824 4064 medentium
874 4011 906 4066 ad
928 4011 1113 4066 deformitatem
1137 4031 1244 4084 pueram
1268 4013 1322 4066 cito
1344 4031 1390 4064 ne-

313 4093 428 4168 esemplo
441 4093 493 4162 nti,
515 4093 560 4163 qui
575 4090 753 4167 egrotantibus
771 4110 825 4144 non
874 4103 938 4144 cato.
947 4115 960 4140 ιι
971 4091 1151 4162 -mogtmos
1159 4126 1167 4155 ‚
1177 4111 1313 4164 perperam
1327 4090 1389 4142 banc

313 4169 493 4234 irascerentur,
510 4171 556 4224 sed
568 4191 642 4246 opem
653 4171 755 4225 ferrent.
874 4170 999 4224 vocemin
1008 4167 1106 4222 codices
1114 4187 1193 4222 manu
1205 4183 1321 4222 exaratos
1330 4168 1387 4221 irre·

339 4265 362 4301 s.
371 4247 510 4302 Laberos
521 4251 669 4320 mergimus.
682 4247 825 4302 Portentosi
875 4245 950 4319 psisse
972 4247 1143 4322 suspicabatur
1163 4246 1284 4320 Lipsius,
1306 4265 1385 4320 quaa-
