2894 4954
436 467 609 542 CAPUT
635 471 707 539 lll.
1036 475 1100 540 313

69 603 229 688 malorum,
245 602 337 670 unde
361 603 452 670 enim
472 604 601 672 misere
628 603 755 672 civitati
779 615 828 668 tot
853 599 1103 670 'Harmodiosi

68 717 222 786 Socrates¹
245 732 355 786 tamen
373 719 409 789 in
428 717 541 786 medio
559 734 654 800 eret,
676 732 712 786 et
725 717 880 810 lugentes
892 731 1006 808 patres
1023 739 1104 784 con-
1131 735 1160 800 rt

68 832 236 915 solabatur,
252 847 287 902 et
308 833 525 927 desperantes
539 832 583 902 de
593 833 781 926 Republica
800 832 1052 914 exhortabatur,
1070 847 1105 901 et

68 941 228 1029 divitibus,
249 969 331 1040 opes
363 965 439 1022 atras
461 946 711 1028 metuentibus,
741 943 971 1039 exprobrabat
995 967 1104 1012 seram

67 1061 244 1150 periculosae
262 1063 410 1132 avaritie
433 1063 685 1155 poenitentiam,
714 1076 749 1130 et
772 1062 896 1130 imitari
915 1060 1105 1130 volentibus

67 1198 204 1268 maguum
221 1175 481 1246 circumferebat
509 1178 700 1270 exemplar,
728 1201 833 1270 quum
858 1178 948 1244 inter
966 1176 1105 1268 triginta

67 1289 199 1362 dominos
215 1293 305 1362 liber
334 1292 520 1368 incederet.
548 1296 648 1364 Hunc
671 1309 782 1364 tamen
810 1291 952 1362 Athenae
969 1293 1050 1384 ipsse
1068 1292 1104 1360 in

66 1430 184 1477 currere
196 1408 416 1478 occiderunt:
436 1425 471 1478 et
488 1412 547 1502 qui
567 1425 638 1480 tuto
654 1400 894 1480 insultaverat³
909 1409 1035 1502 agmini
1050 1423 1105 1499 ty-

66 1547 229 1594 rannorum
242 1577 253 1609 ,
265 1527 339 1618 ejus
351 1525 541 1605 libertatern
556 1520 714 1596 libertas⁴
728 1550 797 1594 non
807 1524 885 1592 tulit
903 1551 912 1590 ι
927 1541 965 1592 ut
977 1525 1062 1592 scias
1072 1539 1107 1591 et

66 1639 94 1705 in
109 1641 225 1709 afflicta
241 1641 429 1735 Republica
448 1665 520 1712 esse
539 1643 746 1710 occasionem
765 1641 908 1734 sapienti
924 1641 997 1710 viro
1012 1639 1056 1708 ad
1070 1663 1106 1708 se

65 1755 311 1844 proferendum,
333 1771 368 1826 et
384 1758 421 1826 in
440 1756 576 1826 florenti
593 1781 633 1826 ae
648 1756 768 1839 beata,
787 1757 965 1849 pecuniam
978 1749 1004 1839 ⁵,
1019 1755 1107 1824 invi·

65 1867 163 1955 dam,
183 1873 274 1942 mille
288 1874 354 1942 alia
369 1875 451 1942 vitia
467 1875 608 1942 inermia
620 1868 633 1910 ⁶
644 1897 800 1968 regnare.
822 1876 1011 1964 Utcumque
1024 1897 1106 1966 ergo
1136 1899 1164 1948 15

66 2011 94 2054 se
105 1989 302 2082 Respublica
315 1989 430 2072 dabit,
448 2007 630 2082 utcumque
644 1990 777 2059 fortuna
791 1991 982 2084 permittet,
995 1991 1108 2058 itaaut

64 2103 310 2196 explicabimus⁷
324 2129 402 2188 nos,
418 2121 476 2174 aut
486 2106 740 2176 contrahemus:
758 2107 876 2199 utique
886 2105 1104 2190 movebimus,

65 2241 118 2286 nec
134 2221 261 2315 alligati
280 2237 371 2290 metu
391 2220 608 2315 torpebimus.
629 2223 734 2291 Immo
759 2222 816 2291 ille
833 2224 887 2291 vir
910 2223 1030 2304 liserit,
1048 2223 1108 2315 qui

64 2336 209 2424 periculis
227 2335 380 2429 undique
398 2337 667 2421 imminentibus,
689 2338 791 2407 armis
809 2339 900 2408 circa
926 2353 960 2406 et
982 2339 1109 2406 catenis

65 2438 294 2526 frementibus,
315 2467 384 2512 non
414 2443 555 2512 alliserit
576 2444 752 2525 virtutem,
790 2468 854 2512 nec
879 2442 1104 2514 absconderit.

93 2697 111 2730 ι.
125 2677 296 2746 diomedias.
309 2682 341 2750 ld
351 2694 401 2744 ert,
417 2681 555 2752 tyrannici·
604 2679 711 2734 audiens
726 2680 793 2732 dicto
810 2681 885 2732 luisse
899 2692 1013 2742 narratur
1023 2681 1110 2739 Socra·

65 2755 109 2809 das.
120 2758 271 2828 Harmodius
285 2759 353 2812 enim
366 2771 391 2810 st
399 2758 555 2830 Aristogiton
604 2770 647 2810 tea.
661 2757 738 2828 Dicg.
750 2759 828 2810 hert.
840 2758 875 2822 ll,
889 2757 928 2822 ²4·

64 2831 196 2888 interfecere
214 2835 407 2908 Hipparchum,
433 2833 556 2887 Pisistrati
637 2835 662 2901 4.
681 2833 837 2886 libertatem
857 2833 964 2886 libertus
983 2833 1108 2890 Omnium

63 2906 147 2976 lilium,
158 2913 260 2988 Hippin
268 2915 379 2966 fratrem
391 2911 466 2966 Cous.
476 2912 508 2964 de
517 2913 556 2964 lra
604 2912 685 2965 MSS.
705 2925 730 2964 et
744 2912 921 2984 impressorum
932 2911 1012 2964 lectio.
1034 2911 1108 2966 cont.

63 2983 101 3038 lib.
112 2988 145 3053 ll,
154 3011 207 3064 cap.
219 2991 268 3056 23,
280 3011 302 3042 a.
606 2988 735 3042 Gruter-at
742 2989 851 3062 praetulit
859 3001 923 3042 recte
930 2989 1110 3043 Groacvdlu-

89 3065 245 3122 adnerotes.
269 3065 458 3131 Confirmuntur
476 3065 556 3122 horca
604 3078 671 3118 retus
684 3066 787 3120 dederat
797 3085 804 3121 ι
814 3066 960 3122 libertatem
976 3068 1057 3122 libem
1067 3071 1110 3120 cr'-

63 3139 166 3217 Xruoph.
186 3145 329 3198 Memorab.
353 3146 449 3199 Socrat.
471 3145 557 3198 multia
606 3149 673 3198 or'trrs
685 3167 736 3198 uun
747 3145 868 3200 tulitllla
880 3146 982 3211 civitas,
1003 3164 1059 3216 quas
1070 3146 1109 3199 li-

63 3215 129 3284 larir,
141 3243 178 3274 cr.
189 3243 257 3276 caua.
270 3223 315 3276 lib.
331 3224 376 3287 11,
393 3242 445 3296 cap.
463 3241 492 3290 7³
514 3221 558 3277 lib.
607 3221 692 3276 beram
720 3243 747 3276 se
763 3223 877 3295 jactabat,
898 3222 1037 3278 libertatem
1057 3225 1110 3297 eiua

63 3297 110 3362 lll,
128 3321 195 3376 capp.
215 3323 285 3370 1-7·
299 3301 352 3358 Cic.
364 3303 426 3377 Epp.
441 3301 473 3354 ad
485 3301 558 3353 Attic.
607 3303 670 3354 l'crre
684 3320 736 3354 non
757 3315 860 3374 poterat.
877 3300 974 3355 Similia
985 3303 1053 3355 lusus
1066 3321 1110 3354 oc-

64 3373 191 3442 lhvttt,
210 3377 256 3433 l'rn.
272 3379 408 3436 «Sumtus
410 3417 459 3434 ......
480 3399 558 3450 quum
607 3377 683 3432 currit
709 3399 747 3451 ap.
766 3380 884 3432 Nootmm
902 3398 908 3431 ι
928 3379 959 3431 de
982 3381 1110 3432 Constant.

63 3452 127 3506 XXX
146 3458 249 3529 tyranni
268 3471 368 3523 ment,
388 3457 476 3531 pedem
489 3470 559 3531 porta
608 3458 665 3530 Sap.
675 3478 699 3532 a,
712 3458 781 3524 43de
791 3456 900 3512 Benehc.
909 3460 940 3512 V.
952 3458 977 3522 li,
990 3458 1014 3512 b.
1025 3479 1110 3528 exque

62 3549 107 3584 acu
115 3537 225 3590 attulit.»
235 3536 362 3590 Plutarch.
372 3557 405 3590 an
412 3537 467 3590 seni
475 3537 507 3588 ait
518 3556 559 3610 gc·
609 3533 665 3588 loco
672 3556 743 3588 suam
754 3536 837 3588 hausit
845 3537 958 3588 Muretus
969 3536 1111 3592 lectionem.

62 3610 130 3664 reuda
141 3633 203 3688 resp.
210 3614 271 3668 vot
281 3614 327 3666 tx.
333 3635 358 3687 p.
370 3615 424 3680 180,
433 3614 520 3668 eadem
530 3614 558 3666 iu
640 3614 664 3664 5.
676 3613 825 3666 Pecuniam.
833 3613 933 3665 Bracae
942 3611 1016 3666 babet
1025 3633 1030 3663 :
1039 3632 1112 3684 spec-

62 3687 202 3744 reducenda
212 3691 332 3744 adhibuit
349 3691 490 3765 exemplum
507 3692 557 3744 So·
608 3703 644 3742 tat
655 3691 722 3744 cuim
733 3689 764 3742 ad
777 3690 867 3742 divites
879 3691 918 3759 (S.
933 3692 970 3755 ¹4·
982 3693 1001 3756 ).
1012 3692 1112 3759 Impo-

61 3764 125 3816 cratia
139 3785 261 3838 perquam
273 3767 380 3840 egregie.
497 3794 500 3800 ·
608 3767 861 3822 tentr'amel’inciani
869 3769 934 3840 conj.
944 3769 1059 3822 Muretus
1067 3767 1113 3820 dc·

88 3839 308 3900 &Insultaremt
329 3846 362 3905 ,Ut
380 3865 419 3919 ap.
442 3846 558 3930 Xenoph.
608 3846 693 3910 derat,
704 3865 759 3916 quar
776 3845 850 3898 lectio
868 3865 940 3916 arque
949 3845 1026 3898 nihili
1036 3861 1073 3900 est
1083 3865 1112 3900 ac

61 3917 159 3978 lllcmor.
167 3925 220 3988 l,a.
229 3937 254 3978 et
265 3925 364 3978 Platon.
372 3925 558 3998 Apclug.Socr.
607 3921 686 3995 Llpsll
698 3922 763 3994 conj·
771 3925 955 3992 petulantiam·

60 3993 78 4056 ¹,
91 4017 112 4069 p·
123 4004 170 4067 75,
183 4000 244 4076 Bip.
251 4002 309 4056 Vol.
318 4005 339 4056 l.
345 4002 390 4056 ubi
398 4003 468 4056 XXX
477 4017 558 4076 tyran·
639 4001 664 4052 li.
673 4001 792 4054 latmia
803 4039 811 4066 ,
822 4001 950 4074 tyrannidi
961 4015 1062 4054 armata
1072 4023 1115 4074 cp

60 4074 95 4126 ula
106 4097 162 4130 curn
172 4099 225 4132 una
235 4101 295 4134 cum
303 4081 358 4151 aliia
367 4094 473 4151 quatuor
480 4083 560 4136 Iason·
608 4079 690 4151 ponit.

60 4163 104 4204 tsur
117 4155 559 4214 Salaminiumchalamineaddu-
609 4193 612 4202 ι
642 4177 664 4225 7.
689 4157 902 4226 Expttcatrtmur.
927 4156 1075 4231 bletapbcra
1100 4177 1115 4212 a

59 4249 108 4288 tete
117 4269 124 4298 ,
132 4247 160 4288 ut
172 4250 320 4306 necaretur,
332 4236 486 4308 iubentibus,
506 4256 559 4290 non
608 4236 670 4290 velis
682 4236 818 4308 desumpta.
