2910 4954
347 445 501 512 LIBER
526 445 588 524 11,
615 443 728 510 CAP.
755 443 863 508 XXI.
1094 443 1133 504 81

96 571 148 640 ties
174 573 404 667 superaverit,
436 587 471 638 et
507 569 648 662 dignum
683 567 814 659 aliquid
850 563 950 634 laude
985 565 1136 644 lecerit,
1190 577 1196 586 ’

96 689 202 772 attolli,
234 713 302 757 non
336 689 461 782 gestire
488 687 674 779 patiamur,
706 681 867 777 gaudium
905 684 995 750 enim
1028 680 1140 750 exsul-

97 808 181 887 tatio,
200 806 454 874 exsultationem
484 819 611 884 tumor,
634 817 669 868 et
687 801 792 868 nimia
816 801 991 866 aestimatio
1012 801 1064 868 sui
1087 823 1142 866 se-

96 921 225 1010 quitur¹.
242 921 406 991 Dabimus
418 919 557 1011 aliquod
566 918 812 999 laxamentum
827 915 863 980 in
883 912 1045 982 desidiam
1062 937 1144 982 vero
1170 923 1186 988 4

97 1035 249 1128 otiumque
269 1061 338 1104 nou
357 1034 583 1114 resolvemus,
605 1047 640 1098 et
658 1028 778 1123 procul
796 1053 816 1094 a
833 1044 989 1096 contactu
1008 1028 1147 1097 delicia-

97 1173 158 1216 rum
169 1151 399 1219 retinebimus.
412 1147 506 1216 Nihil
520 1148 612 1215 enim
623 1147 730 1239 magis
745 1145 824 1212 facit
837 1145 1030 1228 iracundos,
1046 1167 1146 1236 quarn

97 1261 233 1332 educatio
248 1263 357 1332 mollis
375 1277 410 1329 et
422 1260 547 1329 blanda
563 1288 573 1345 ς
592 1260 669 1328 ideo
687 1260 798 1328 unicis
810 1265 836 1342 ²,
859 1283 926 1351 quo
940 1259 1017 1352 plus
1036 1259 1150 1326 indul-

97 1393 198 1468 getur,
224 1378 455 1472 pupillisque,
484 1401 551 1468 quo
578 1376 654 1469 plus
673 1376 774 1458 licet,
801 1377 994 1469 corruptior
1016 1379 1149 1444 animus

94 1512 148 1562 est.
158 1499 231 1564 Non
245 1497 380 1564 resistet
393 1494 532 1562 offensis
547 1479 628 1577 ,cui
644 1493 731 1560 nihil
747 1517 896 1584 unquam
912 1511 1072 1587 negatum
1084 1509 1147 1576 est,

95 1609 140 1674 eui
157 1609 307 1678 lacrimas
324 1608 466 1676 sollicita
485 1632 619 1700 semper
630 1624 737 1674 mater
749 1607 929 1690 abstersit,
952 1610 1007 1675 cui
1023 1608 1065 1675 do
1081 1633 1151 1702 pa-

95 1719 226 1816 dagogo³
244 1723 452 1792 satisfactum
462 1738 525 1790 est.
540 1725 617 1788 Non
629 1721 743 1804 vides,
755 1736 794 1789 ut
807 1721 967 1812 majorem
982 1745 1151 1813 quomque
1179 1741 1192 1789 5

96 1837 248 1908 fortunam
267 1839 373 1930 major
386 1840 438 1906 ira
457 1839 637 1906 comitetur
649 1839 665 1904 l
677 1840 716 1905 Iu
732 1836 895 1905 divitibus
911 1837 1150 1930 nobilibusque

95 1968 124 2020 et
137 1954 383 2050 magistratibus
402 1954 574 2048 praecipue
591 1969 753 2047 apparet,
774 1979 879 2045 quum
893 1952 1062 2044 quidquid
1077 1954 1151 2022 leve

94 2083 124 2134 et
138 2069 234 2138 inane
255 2071 291 2138 in
310 2069 423 2136 animo
442 2082 516 2136 erat
535 2068 683 2136 secunda
704 2093 739 2136 se
759 2093 842 2137 aura
860 2069 996 2137 sustulit
1009 2063 1035 2136 ⁴.
1057 2071 1086 2136 F
1087 2069 1150 2136 eli·
1172 2059 1174 2063 ⁸

94 2185 166 2253 citas
187 2184 398 2256 iracundiam
419 2185 549 2264 nutrit,
582 2183 641 2252 ubi
667 2208 767 2253 aures
786 2184 949 2278 superbas
968 2201 1152 2253 assentato-

94 2316 191 2372 torum
217 2303 319 2372 turba
342 2301 576 2370 circumstetit.
599 2300 681 2368 Tibi
699 2303 791 2368 enim
809 2295 1050 2396 respondeat⁵3
1077 2306 1150 2371 Nou

93 2441 147 2508 pro
166 2419 299 2512 fastigio
324 2435 357 2485 tc
380 2433 438 2486 tuo
461 2417 616 2502 metiris3
645 2419 717 2510 ipse
739 2434 771 2485 te
792 2420 931 2512 projicis
951 2415 983 2505 ⁶5
1005 2437 1040 2488 et
1059 2420 1149 2503 alia,

93 2531 205 2620 quibus
221 2535 277 2602 vix
294 2555 384 2600 sante
405 2546 440 2598 et
455 2530 498 2596 ab
522 2529 619 2596 initio
640 2530 728 2598 bene
748 2530 897 2600 fundatae
911 2549 1040 2600 mentes
1053 2538 1152 2600 resti-

93 2650 196 2717 terint.
216 2653 336 2742 Longe
351 2648 465 2738 itaque
482 2644 525 2713 ab
541 2648 768 2714 assentatione
785 2649 931 2741 pueritia
948 2649 1151 2718 removenda
1176 2674 1193 2724 s

92 2779 135 2828 est
154 2791 162 2830 ε
181 2765 298 2834 audiat
316 2787 459 2844 rerum,
481 2777 514 2829 et
533 2762 649 2828 timeat
675 2762 833 2846 interim,
853 2771 1039 2832 vereatur²
1062 2791 1151 2834 sem-

92 2901 170 2966 per3
187 2878 374 2971 majoribus
387 2869 580 2969 assurgatl,
599 2875 685 2943 nihil
704 2899 766 2968 per
788 2877 998 2946 iracundiam
1021 2897 1147 2948 exoret.

92 2991 185 3082 Quod
209 2995 306 3062 flenti
331 3009 490 3086 negatum
516 2993 646 3073 fuerat,
668 2992 784 3082 quieto
803 2991 965 3080 offeratur
981 3022 990 3078 3
1009 3011 1044 3061 et
1064 2995 1151 3065 divi-

117 3205 594 3272 nEesultutionemtumor...sequs'tur.
643 3202 675 3254 ad
692 3203 869 3276 gymnasium
889 3217 912 3257 et
927 3205 989 3258 hine
1005 3207 1030 3258 ei
1050 3229 1152 3262 nomen.

92 3283 187 3354 Aliquid
199 3285 306 3338 Flaccus
313 3281 388 3334 babet
397 3302 450 3334 non
459 3281 593 3344 absonum,
669 3282 693 3344 4.
701 3278 878 3334 Se...sus!ulit.
884 3283 940 3334 Hoc
946 3297 990 3350 est,
1000 3298 1100 3337 auctum
1108 3299 1151 3338 est.

91 3380 162 3430 quum
170 3361 321 3424 libr.l,od.
332 3360 594 3430 xv111‚vss.13,sqq.
671 3359 693 3408 5.
722 3357 784 3409 Tibi
807 3363 876 3410 enlm
900 3364 1060 3427 respondent.
1091 3363 1152 3414 llaec

89 3462 101 3482 ι
116 3439 201 3504 Sava,
218 3445 275 3500 uit,
288 3452 414 3492 tenerum
426 3435 595 3510 Bureqntbio
644 3435 716 3488 turba
730 3435 776 3486 tibi
788 3435 871 3488 dicere
882 3437 960 3504 solet,
973 3451 996 3490 et
1010 3439 1074 3492 sicut
1089 3441 1151 3494 echo

92 3515 169 3572 semu
190 3534 334 3592 tympano,
360 3537 416 3590 quse
436 3517 594 3588 subsequitur
643 3513 715 3564 iterat
725 3525 751 3565 et
761 3513 951 3584 quodammodo
961 3520 1103 3586 respondet.

90 3615 161 3650 cecus
178 3619 251 3652 amer
270 3597 309 3650 sui
320 3637 327 3660 ,
340 3597 371 3648 Et
385 3595 474 3649 tollens
487 3613 593 3648 vacuum
676 3589 699 3640 ft·
712 3591 776 3658 lpse
786 3603 810 3643 te
817 3595 930 3659 projicis.
940 3593 996 3646 lloc
1007 3607 1059 3658 est,
1070 3616 1085 3646 a
1097 3616 1153 3666 gra-

90 3673 137 3746 plus
149 3679 230 3732 nimio
242 3677 327 3752 gloria
340 3677 489 3729 verticem.»
644 3667 679 3721 du
694 3682 738 3722 tuo
756 3685 844 3745 sponte
863 3671 1008 3741 descendis,
1025 3674 1152 3748 fastigium

119 3774 140 3804 π.
156 3755 255 3808 Uolcis.
268 3753 394 3824 Nimirum
407 3751 473 3804 liliis.
645 3763 715 3802 tunm
734 3751 838 3822 linquis.
860 3753 979 3821 Gallice,
1001 3775 1066 3806 vous
1090 3776 1153 3808 vous

118 3831 139 3882 3.
153 3833 203 3886 Coi
217 3837 251 3888 de
261 3835 414 3902 paedagogo.
428 3830 534 3883 Servum
547 3829 595 3882 lit-
643 3840 845 3897 compromettee.

90 3921 186 3964 tentum
198 3912 241 3966 bit
258 3911 386 3984 intelligas
399 3924 423 3963 et
433 3909 514 3983 ipsum
527 3908 595 3961 edu·
672 3928 694 3978 7.
707 3906 843 3962 Verentur.
854 3907 910 3960 Hoc
922 3923 969 3976 est,
982 3911 1069 3962 timeat
1079 3911 1154 3964 simul

89 3999 189 4040 tutorem
201 3986 461 4062 magistrumque‚de
473 4006 525 4056 quo
534 4006 597 4060 puer
646 3997 670 4037 et
685 3998 833 4052 veneretur,
847 3987 981 4041 comitante
998 3981 1093 4042 mettim
1110 4009 1157 4042 re-

90 4080 182 4133 questos
206 4081 261 4120 erat
285 4065 352 4140 apud
375 4077 496 4138 parentes.
520 4065 598 4118 Prin·
647 4063 766 4118 verentia.

90 4143 149 4216 cipio
159 4161 246 4200 tamen
258 4147 297 4200 nil
305 4145 376 4200 aliud
388 4145 501 4198 muueris
509 4143 599 4198 babuit
680 4143 704 4194 8.
718 4143 869 4206 Maioribus
885 4163 998 4214 assurgo
1005 4155 1018 4196 ¹.
1031 4144 1062 4196 ld
1081 4159 1130 4204 est.
1145 4167 1158 4197 e

91 4239 158 4289 qnam
179 4244 272 4298 pueros
292 4223 384 4278 ducere
402 4223 508 4288 (παῖδας
519 4221 598 4286 ἄγειν)
648 4218 706 4270 sede
727 4232 812 4291 surgat
831 4239 914 4272 eoram
936 4233 995 4273 natu
1016 4223 1161 4294 majoribus.

224 4304 252 4368 I.
1007 4305 1028 4366 b
