2928 4960
244 503 314 573 ΔΙ)
337 502 509 574 STOIC.
535 502 744 574 tultos,
769 505 865 575 LIB.
891 506 967 575 111.
1048 507 1139 577 clxix

69 669 198 730 rmnqne
212 648 354 711 universe
372 672 379 708 ε
394 675 410 703 α
420 643 512 730 Quod
525 661 645 712 rectum
654 661 716 722 est,
729 669 785 712 nec
796 649 1000 734 magnitudine
1015 651 1143 714 aestima-

69 771 135 833 tur,
157 777 218 820 nec
242 775 390 832 numero,
417 777 474 820 nec
495 769 634 838 tempore
654 779 662 816 z
685 776 748 818 non
768 758 864 840 magis
884 758 1033 840 produci,
1051 779 1143 841 quam

70 861 213 924 contrahi
228 874 337 946 potest.
351 859 521 924 Honestam
536 862 629 923 ritum
646 875 814 924 excentum
828 882 978 927 annorum
993 884 1141 940 numero,

71 969 103 1030 in
114 981 263 1050 quantum
279 968 379 1041 roles,
392 967 529 1051 corripe,
542 981 572 1032 et
586 968 617 1029 in
627 990 721 1033 unum
732 969 813 1032 diem
824 990 898 1053 coge
908 1015 918 1047 ,
928 991 1010 1053 reque
1019 970 1146 1032 honesta

72 1088 127 1138 est.
136 1103 154 1129 n
169 1071 252 1158 (Ep.
265 1073 393 1157 nutv.)
407 1073 518 1138 Cicero
533 1074 647 1159 pariter
663 1097 671 1134 ι
689 1103 704 1132 κ
713 1072 776 1157 Qui
785 1075 908 1139 Bonum
920 1097 1011 1140 omne
1024 1077 1056 1138 in
1067 1075 1146 1140 Vir·

72 1196 135 1244 tute
153 1181 258 1264 ponit,
281 1182 306 1242 is
324 1193 425 1265 potest
444 1181 566 1259 dicere,
588 1180 694 1266 perfici
709 1180 838 1245 Beatam
851 1183 947 1245 ritum
961 1182 1146 1266 perfectione

72 1285 225 1358 Virtutis;
237 1299 329 1370 negat
337 1287 419 1349 enim
430 1283 557 1350 Summo
571 1284 661 1349 Bono
672 1287 791 1351 adferre
803 1289 1024 1352 incrementum
1036 1288 1145 1350 diem.»

72 1393 122 1471 (ll
135 1391 190 1455 De
206 1389 331 1472 Fmib.)
350 1389 393 1454 Et
408 1393 544 1456 dillusius
558 1395 639 1477 apud
655 1416 726 1457 cum
741 1392 819 1459 Cato
837 1419 845 1454 z
867 1421 881 1450 u
891 1393 987 1459 Recta
1004 1395 1146 1473 allectio,

73 1502 151 1563 item
166 1497 386 1564 Convenientia
410 1498 481 1580 (De
495 1520 554 1581 qua
567 1500 622 1562 lib.
637 1498 686 1579 11,
703 1499 832 1564 Dissert.
847 1505 939 1582 xm),
957 1503 1085 1585 denique
1099 1503 1150 1586 ip-

75 1627 145 1670 sum
161 1603 302 1684 Bonum,
315 1608 396 1688 quod
410 1605 442 1668 in
454 1627 491 1670 eo
501 1607 634 1691 positum
645 1621 690 1671 est
700 1622 733 1672 ut
745 1622 857 1671 naturae
867 1611 1051 1689 consentiat,
1064 1611 1149 1674 cres-

76 1714 167 1777 cendi
181 1715 388 1777 accessionem
403 1713 519 1776 nullam
532 1713 633 1778 hahet.
648 1713 693 1777 Ut
716 1717 798 1778 enim
812 1718 1020 1800 opportunitas
1039 1739 1101 1779 non
1118 1717 1151 1778 ht

75 1821 181 1904 major
191 1820 389 1904 productione
399 1821 545 1904 temporis
557 1843 566 1894 3
581 1821 624 1884 sic
636 1822 700 1885 brec
713 1866 722 1900 ,
740 1825 777 1885 de
792 1823 900 1904 quibus
913 1823 992 1902 diri‘,
1005 1845 1067 1886 non
1078 1823 1151 1884 flumt

76 1927 229 2011 temporis
245 1927 444 2011 productione
467 1930 601 2012 majora;
622 1928 663 1990 oh
684 1950 811 2012 eamque
828 1951 949 1993 causam
966 1926 1076 1993 Stoicis
1090 1933 1152 1993 non

78 2036 199 2098 ridetur
212 2032 392 2117 optabilior,
404 2055 461 2098 nec
470 2035 568 2119 magis
580 2036 745 2119 expetenda
759 2034 855 2098 Beata
864 2036 939 2112 rita,
954 2036 980 2098 si
990 2035 1028 2098 sit
1042 2036 1149 2120 longa,

79 2163 173 2222 quam
194 2141 221 2203 si
244 2140 368 2204 brevis:
390 2155 570 2223 utunturque
585 2141 688 2204 simili.
711 2141 759 2203 ¹Ut
775 2142 800 2204 si
816 2142 953 2205 cothurni
975 2143 1040 2205 laus
1062 2143 1100 2206 sit
1115 2146 1153 2206 ad

79 2249 192 2330 pedem
205 2260 276 2331 apte
297 2247 476 2324 convenire,
492 2269 590 2328 neque
611 2248 698 2308 multi
726 2248 864 2311 cothurni
882 2249 1155 2332 paucisantepone·

80 2367 197 2429 rentur,
204 2373 303 2434 neque
312 2354 445 2435 majores
454 2352 639 2416 minoribus:
650 2354 693 2418 sic
703 2375 832 2436 qnorum
842 2376 932 2420 omne
941 2355 1063 2418 Bonum
1071 2353 1155 2420 Con-

81 2460 235 2522 venientia
249 2474 339 2542 atque
353 2461 575 2558 opportunitate
585 2461 696 2541 finitur,
708 2483 765 2525 uec
779 2463 867 2547 plura
878 2463 1080 2548 paucioribus,
1096 2484 1154 2526 nec

83 2567 300 2652 longinquiora
309 2565 499 2630 Brevioribus
508 2568 882 2655 anteponentursullIlDe
891 2567 1154 2653 Pin.)lterumquc

82 2687 189 2736 noster
206 2669 342 2750 Seneca,
364 2673 524 2737 adversum
540 2672 741 2738 Academicos
765 2697 773 2735 a
798 2674 935 2738 «Dicam
956 2674 1029 2758 quid
1046 2676 1100 2752 sit,
1119 2697 1156 2737 er

82 2801 145 2862 quo
165 2778 270 2842 variat
282 2778 333 2843 hic
351 2800 439 2843 error
460 2779 707 2860 (discriminandi
726 2779 999 2860 Beatitudinem):
1022 2782 1158 2844 nesciunt

83 2885 217 2950 Beatam
232 2887 326 2950 ritam
346 2905 438 2950 unam
453 2909 530 2951 esse.
547 2887 585 2952 In
600 2890 714 2974 optimo
736 2889 820 2951 illam
834 2902 911 2952 statu
929 2889 1014 2972 ponit
1030 2887 1158 2970 qualitas

84 3017 159 3066 sna,
175 3015 241 3056 non
253 2995 440 3078 magnitudo.
456 2993 560 3077 ltaque
580 2995 612 3058 in
631 3010 775 3079 asquoest
788 2997 900 3079 longa,
917 3009 948 3057 et
960 2995 1080 3059 brevis?
1098 2994 1159 3058 dil'-

83 3101 177 3178 tusa,
196 3113 228 3164 et
243 3100 420 3184 angustiora
441 3100 473 3163 in
489 3102 583 3164 multa
602 3102 670 3164 loca
690 3115 851 3185 partesque
875 3085 1049 3177 distributa,
1081 3101 1157 3164 etin

83 3229 184 3270 unum
206 3219 347 3270 coacta.»
362 3203 440 3291 (Ep.
453 3207 589 3291 txxxv.)
601 3206 694 3270 Plura
710 3208 810 3274 addit:
823 3208 900 3270 vide.
910 3205 1087 3272 Plutarchus
1101 3207 1159 3269 hoc

82 3316 190 3399 ipsum
201 3314 243 3374 ita
256 3359 266 3388 ,
285 3314 315 3375 in
330 3311 440 3378 Stoicis
454 3314 552 3392 scitis,
564 3337 631 3397 quae
643 3315 739 3398 carpit
753 3337 761 3374 ε
776 3342 790 3370 tt
803 3313 895 3396 Quod
908 3312 1029 3376 Bonmn
1042 3327 1159 3396 tempus

81 3443 149 3484 non
163 3434 290 3504 augeat,
306 3421 332 3483 si
348 3423 470 3484 accedat
488 3445 496 3482 a
514 3419 567 3484 sed
585 3421 611 3483 si
625 3421 691 3504 quis
705 3420 753 3482 vel
767 3421 981 3504 punctistitium
993 3420 1076 3482 horae
1089 3441 1160 3502 prn-

81 3533 163 3594 dens
174 3526 277 3604 luerit,
292 3526 367 3589 nulli
380 3547 593 3590 concessurum
608 3527 639 3588 in
654 3525 806 3604 felicitate,
824 3525 875 3608 qui
890 3526 939 3588 rel
952 3525 1161 3609 longissimum

81 3655 188 3698 aarum
201 3634 310 3697 virtute
323 3635 362 3696 sit
376 3633 482 3696 fruitus
497 3655 505 3694 a
520 3647 551 3697 et
564 3634 651 3697 beate
666 3635 698 3694 iu
712 3655 748 3696 ea
761 3632 903 3696 vixerit.»
917 3631 982 3712 (De
996 3630 1160 3696 Commun.

82 3741 186 3822 Not.)
204 3737 313 3824 Carpit
322 3739 383 3802 hoc
395 3739 509 3824 ipsum,
520 3739 661 3820 inquam,
673 3737 851 3802 Plutarchus
865 3761 872 3799 ε
884 3739 937 3800 sed
947 3737 1018 3818 quid
1030 3736 1160 3801 mirum?

83 3869 165 3912 nam
179 3847 233 3909 ille
250 3845 416 3924 intereos,
435 3845 486 3928 qui
500 3866 537 3909 ea
551 3843 690 3928 pmlesso
705 3856 809 3907 contra
828 3843 975 3920 sentiunt,
994 3855 1025 3906 et
1037 3843 1160 3912 docent;

83 3956 127 4016 de
142 3951 256 4035 qm'bus
275 3952 338 4033 jam
354 3951 473 4012 addam.
492 3947 575 4013 Nam
595 3951 632 4012 de
646 3948 802 4034 Tempore
820 3949 917 4026 istud,
938 3946 1003 4012 sere
1023 3949 1164 4012 convenit

84 4081 164 4124 cum
179 4055 248 4120 Usu
264 4080 272 4117 a
286 4057 352 4120 etsi
366 4055 497 4118 distinxi.
508 4054 558 4119 An
570 4055 659 4139 igitur
671 4076 728 4118 nec
741 4055 782 4117 ab
791 4053 858 4115 Usu
868 4068 993 4138 augetur
1003 4051 1162 4116 Felicitas?

84 4167 252 4229 Adscrnnt
266 4163 318 4225 alii
334 4187 342 4224 ε
358 4176 389 4226 et
403 4165 466 4246 jam
480 4163 555 4227 olim
569 4161 759 4250 Pythagorei.
775 4159 823 4223 Ex
837 4181 968 4244 quorum
982 4160 1084 4224 schola
1100 4158 1166 4221 Ar-

83 4274 200 4359 chytas
219 4271 324 4334 definit
343 4293 351 4330 ε
375 4267 602 4348 «Felicitatem,
617 4267 717 4331 Usum
730 4266 880 4347 Virtutis,
901 4270 990 4350 idque
1005 4287 1075 4332 curu
1085 4264 1165 4329 Suc-

86 4401 222 4444 cessu.»
243 4375 347 4455 Ecce,
365 4397 430 4440 nou
445 4373 545 4440 Usum
564 4375 680 4455 solum,
703 4375 756 4438 sed
772 4371 951 4440 Successum
969 4373 1118 4456 requirit:
1136 4385 1167 4433 et
