2926 4958
287 483 372 570 clxvj
487 483 520 550 J.
544 483 707 551 LIPSlI
731 477 1192 555 MANUDUCTIONIS

285 625 370 690 milia
383 625 502 703 dicere,
518 645 616 706 neque
628 645 684 707 pro
694 623 839 702 homine,
856 639 907 686 aut
916 625 1049 686 humana
1062 627 1116 687 ista
1127 639 1233 688 natura
1244 625 1327 707 loqui
1335 653 1358 686 ,s

287 731 402 816 (Apud
412 729 490 792 Plut.
506 732 543 794 de
558 729 701 794 Contrar.
718 729 809 793 Stoic.
819 730 831 813 )
841 769 843 774 ,
853 731 963 793 Audin'
979 745 1011 793 tu
1024 731 1267 794 confessionem?
1284 733 1360 813 Gry-

283 841 356 921 plsos
366 838 473 920 objicis
485 861 492 898 :
502 838 557 900 iste
569 839 624 900 scit
632 851 663 900 et
673 839 800 898 Fodulus
812 839 902 920 objici
914 861 921 899 s
934 838 987 912 sed
998 851 1029 901 'et
1037 842 1159 902 causam
1170 838 1360 901 verissimam

286 947 378 1008 addit.
394 945 571 1029 Magnitudo
586 959 616 1007 et
626 946 815 1028 pulchritudo
828 965 943 1022 rernm,
957 959 1044 1029 atque
1058 964 1118 1007 smu
1129 945 1295 1009 verborum
1306 959 1361 1020 est,

286 1071 351 1132 qssse
361 1051 453 1114 habet
465 1051 607 1116 attonitos
627 1075 635 1112 ε
652 1054 704 1114 sed
718 1054 816 1132 quos?
827 1053 903 1114 viles
914 1071 1024 1137 nempe
1036 1067 1066 1114 et
1078 1053 1221 1136 ignavos,
1236 1053 1326 1132 etqui
1344 1070 1361 1112 a

286 1169 368 1220 terra
388 1178 440 1220 sua
464 1177 527 1220 non
546 1171 680 1241 surgunt.
701 1155 778 1219 Sunt
797 1159 878 1221 enim
898 1185 912 1212 o
934 1157 1093 1242 Inopinats
1113 1205 1121 1236 ,
1140 1173 1174 1220 ut
1198 1156 1364 1222 Cleanthes

285 1263 404 1340 siebat,
417 1266 546 1326 sednon
561 1264 637 1326 l'a'lsa
648 1267 801 1348 (παράδοξα
813 1270 860 1347 μὲν
871 1309 880 1340 ,
893 1273 923 1328 οὐ
937 1269 982 1348 μὲν
994 1266 1153 1349 παράλογα).
1167 1261 1283 1345 »Quod
1291 1264 1320 1325 si
1332 1265 1363 1323 in

286 1371 388 1434 uerbis
404 1370 517 1452 aliquid
533 1369 662 1432 involuti.
679 1371 728 1432 vel
744 1365 896 1460 ambigui,
912 1365 1075 1454 explicari,
1091 1393 1156 1452 quse
1168 1370 1280 1432 invidia
1295 1370 1362 1432 est?

287 1472 358 1539 Hoc
369 1489 415 1538 est
428 1473 631 1558 quodSene'ca
642 1477 771 1540 latetur:
786 1473 840 1538 «Α
851 1479 1065 1541 consuetudine
1076 1479 1230 1560 quadam,
1244 1497 1312 1558 quae
1323 1477 1365 1538 di-

288 1584 394 1661 cimus,
407 1584 573 1646 abhorrent
585 1607 593 1644 s
606 1587 713 1646 deinde
725 1585 783 1647 alia
791 1585 841 1646 via
852 1587 890 1648 ad
901 1587 1147 1648 consuetudinem
1157 1587 1291 1647 redeunt.
1300 1583 1366 1646 Ne·

287 1709 394 1772 gamos
409 1689 551 1772 injuriam
567 1691 703 1774 accipere
719 1690 894 1776 Sapientem
911 1716 918 1752 ε
936 1705 1081 1756 ettamen
1098 1693 1150 1775 qui
1164 1690 1251 1753 illum
1261 1711 1365 1774 pugno

288 1797 480 1879 percusserit,
492 1798 607 1880 injuriae
617 1797 819 1861 damnabitur.
830 1798 965 1861 lnsanire
976 1820 1081 1861 omnes
1092 1797 1206 1861 Stultos
1217 1798 1365 1860 dicimus:

288 1921 346 1964 nec
356 1915 458 1965 tamen
470 1923 576 1966 omnes
586 1925 727 1967 curamus
740 1905 910 1967 elleboro.»
923 1903 987 1984 (De
997 1904 1105 1966 Renes.
1115 1901 1165 1982 ll',
1178 1927 1203 1967 c.
1216 1902 1367 1983 35.)lsem

289 2009 367 2070 inter
379 2008 437 2070 alia
445 2010 571 2072 dicimus
579 2033 588 2082 ς
596 2009 711 2072 Omnia
721 2031 786 2073 esse
796 2011 949 2094 sapientis.
958 2008 1040 2092 Quid
1049 2011 1140 2095 ergo?
1151 2023 1234 2071 tuum
1242 2023 1272 2071 et
1281 2022 1367 2070 tuum

289 2113 345 2176 sihi
355 2115 470 2198 eripio?
482 2117 641 2193 moderor,
653 2129 684 2176 et
693 2117 846 2177 communi
858 2116 950 2178 etiam
961 2137 1048 2178 sensu
1058 2137 1093 2178 ac
1103 2134 1367 2178 consensuverum

291 2221 322 2282 id
331 2222 468 2284 ostendo.
479 2219 568 2281 Talia
577 2221 608 2281 in
620 2220 687 2283 aliis
697 2266 706 2298 ,
718 2221 892 2305 singillatim
902 2245 973 2284 snos
983 2222 1136 2284 claranda.
1147 2215 1214 2284 Nee
1226 2221 1309 2283 enim
1322 2221 1368 2281 ln-

290 2325 342 2396 bet
356 2327 481 2401 diutius,
495 2339 527 2388 ut
537 2327 568 2387 in
578 2327 766 2410 prolusione,
781 2327 926 2389 ventilare
941 2351 947 2388 z
961 2347 1054 2388 unum
1066 2325 1223 2390 Ciceronis
1232 2327 1369 2388 testimo

291 2432 392 2508 ulum,
402 2431 453 2494 ubi
464 2437 502 2494 'ex
512 2432 606 2494 animi
620 2433 765 2494 sententia
778 2475 787 2509 ,
803 2453 865 2494 non
879 2449 936 2516 pro
951 2431 1134 2496 Academico
1145 2433 1299 2514 loquitur,
1318 2435 1369 2494 ad-

293 2540 373 2599 dam.
390 2535 519 2614 slllihi,
536 2538 650 2618 inquit,
670 2537 726 2600 ista
745 2534 902 2600 Paradoxa
919 2555 983 2619 quse
1004 2533 1211 2622 appellantur,
1233 2540 1369 2600 maxime

292 2645 431 2708 videntur
442 2665 508 2708 esse
518 2641 689 2719 Socratica,
701 2642 849 2726 longeque
858 2644 1025 2704 verissima.
1036 2667 1051 2696 ι·
1062 2639 1194 2723 (Praelat.
1202 2645 1233 2704 in
1241 2640 1369 2719 Parad.)

293 2751 352 2812 Vis
365 2750 478 2832 aliquid
487 2749 683 2814 luculentius?
698 2762 801 2814 vetera
814 2763 875 2812 eta
889 2747 1014 2812 Socrate
1024 2749 1110 2826 lacit,
1122 2750 1153 2810 id
1164 2763 1218 2822 est,
1230 2751 1297 2832 ipso
1309 2747 1370 2811 ss-

292 2856 411 2939 pientiae
426 2856 524 2938 capite
543 2877 551 2916 a
571 2869 686 2918 etcum
701 2855 828 2917 veritate
844 2875 880 2916 ex
895 2875 961 2916 asse
977 2855 1202 2918 consentientia.
1218 2853 1369 2936 Pleraque

294 2967 378 3042 (non
393 2963 512 3039 ausim,
528 2962 653 3040 omnia)
665 2961 707 3028 iu
719 2975 808 3023 sunt:
825 2961 997 3038 videamus,
1015 2974 1045 3022 et

461 3121 583 3137 ........
594 3121 617 3137 ..
630 3083 672 3136 Tu
683 3095 707 3135 to
718 3083 791 3136 dictis
802 3082 913 3157 prebere
923 3093 1060 3136 memento.

229 3229 232 3239 v
295 3198 379 3262 Aoo.
394 3195 444 3260 Ne
460 3217 570 3270 mone;
587 3217 649 3259 non
663 3197 759 3281 magis
769 3195 972 3260 Telemachus
984 3242 993 3274 ,
1007 3195 1087 3281 apud
1101 3195 1293 3273 Homerum,
1309 3197 1370 3259 illis

296 3305 452 3368 Minervae.
464 3301 580 3369 Contra
597 3305 623 3366 si
638 3303 710 3386 qnid
722 3303 781 3365 dixi
793 3349 802 3382 ,
815 3301 847 3365 id
858 3301 971 3367 lactum

459 3425 521 3478 Nou
531 3435 582 3476 tarn
592 3420 705 3476 certandi
715 3420 798 3474 studio
808 3460 816 3488 ,
829 3440 905 3492 quam
916 3432 1017 3496 propter
1028 3439 1155 3486 amorem,

296 3531 377 3611 quod
386 3529 503 3592 discere
517 3545 611 3604 aveo,
629 3539 659 3588 ot
674 3539 703 3590 te
720 3525 834 3589 audire.

607 3719 1052 3794 msstsu‘lsulofttt.

300 3865 318 3923 l
329 3863 516 3924 Pumdosum
524 3864 664 3946 posiwm,
685 3875 715 3924 et
722 3863 912 3947 explicatum
930 3867 1188 3946 Sups'entesomucr
1200 3885 1286 3946 pares
1298 3889 1370 3928 esse.

337 4017 482 4082 szsuns
490 4017 596 4102 igitur,
607 4019 726 4082 omissis
738 4016 870 4084 Passisis
881 4021 944 4083 slve
953 4017 1194 4097 communibus,
1207 4020 1372 4105 lnopiuasa

296 4128 358 4190 huc
378 4125 512 4188 Decreta
534 4125 714 4208 explicatum
732 4144 752 4187 a
769 4125 858 4188 nobis
879 4127 917 4186 iri
941 4144 948 4184 s
979 4126 1067 4208 idque
1088 4147 1125 4188 eo
1147 4126 1280 4203 ordine,
1307 4147 1370 4208 quo

297 4235 426 4318 quidque
440 4252 548 4295 eorum
560 4231 684 4295 Tnnrcu
701 4253 755 4296 suo
769 4233 874 4312 (lubet
890 4233 972 4295 enim
986 4253 1048 4294 non
1064 4234 1149 4295 abire
1158 4234 1199 4295 ab
1212 4233 1270 4296 hac
1287 4235 1370 4295 ima-

294 4341 389 4427 gine)
408 4339 546 4423 proxime
566 4339 705 4401 adheret.
726 4337 770 4401 Ut
787 4361 824 4401 ex
844 4340 910 4424 ipso
931 4341 1107 4423 grandiores
1126 4341 1226 4424 primo
1249 4337 1366 4415 lierni,
