2896 4954
278 465 341 578 154
722 471 788 538 DE
813 473 904 540 IRA

272 593 590 678 murmurationem,
616 594 759 690 flagellis
784 614 819 666 ct
844 599 1067 694 compedibus¹
1084 602 1243 694 expiem?
1261 601 1337 692 quis

232 739 246 772 ι
272 733 367 790 sum,
384 711 480 801 cujus
493 735 592 780 aures
607 711 684 780 laedi
702 715 797 783 nefas
815 717 886 784 sit?
902 718 1110 810 Ignoverunt
1121 717 1218 785 multi
1232 717 1337 803 bosti-

272 826 336 894 bus
351 852 359 891 :
376 848 440 919 ego
453 851 522 896 non
535 828 707 922 ignoscam
719 831 849 923 pigris,
871 831 1137 926 negligentibus,
1154 833 1337 926 'garrulisi'
1413 904 1415 910 ,

272 944 419 1008 Puerum
433 956 512 1010 astas
530 959 685 1024 excuset,
706 944 873 1014 loeminam
889 971 1009 1029 sexus,
1023 962 1220 1014 extraneum
1233 945 1337 1014 liber·

274 1067 324 1121 tas
335 1057 362 1136 ²,
386 1053 606 1123 domesticum
629 1057 850 1126 familiaritas.
876 1061 975 1126 Nunc
996 1059 1142 1151 primum
1169 1055 1338 1126 offendit?

273 1171 458 1265 cogitemus
476 1170 637 1263 quamdiu
651 1173 830 1266 placuerit.
847 1176 943 1269 saepe
957 1191 991 1243 et
1003 1176 1085 1244 alias
1103 1174 1245 1244 offendit
1257 1177 1272 1242 P
1286 1175 1337 1242 le·

274 1309 386 1354 ramus
405 1287 498 1379 quod
514 1286 575 1356 diu
593 1287 743 1358 tulimus.
765 1287 902 1358 Amicus
921 1291 995 1358 est?
1010 1290 1089 1359 fecit
1106 1288 1197 1381 quod
1214 1289 1334 1357 noluit.

232 1407 248 1462 3
273 1401 459 1468 Inimicus?
477 1401 558 1468 fecit
573 1399 665 1493 quod
682 1400 812 1470 debuit.
829 1401 1045 1472 Prudentiori
1059 1400 1216 1471 cedamus
1233 1428 1240 1468 :
1256 1403 1341 1470 stul-

275 1517 352 1583 tiori
381 1516 613 1602 remittamus3
642 1541 706 1610 pro
735 1542 939 1610 quocunque
967 1519 1053 1588 illud
1078 1518 1341 1613 respondeamus

273 1633 372 1700 nobis
396 1659 403 1699 :
425 1635 687 1728 sapientissimos
714 1658 850 1728 quoque
874 1637 965 1704 viros
988 1634 1093 1704 multa
1116 1633 1337 1728 delinquere,

273 1751 441 1818 nemiuem
465 1775 538 1820 esse
556 1762 623 1818 tam
641 1751 945 1846 circumspectum,
964 1752 1062 1845 cujus
1079 1775 1146 1820 non
1163 1750 1341 1846 diligentia

273 1866 457 1956 aliquando
484 1866 549 1935 sibi
581 1867 646 1958 ipsi
675 1863 831 1949 excidat,
859 1867 1028 1935 neminem
1054 1882 1120 1934 tam
1146 1883 1337 1946 maturum,

273 1980 370 2071 cujus
390 2001 459 2046 non
479 1979 676 2078 gravitatem
696 1981 734 2047 iu
753 1980 895 2072 aliquod
914 1980 1077 2052 fervidius
1096 1981 1218 2049 lactum
1243 2003 1340 2048 oesus

273 2097 460 2189 impingat,
476 2095 646 2162 neminem
660 2110 726 2162 tam
741 2095 895 2163 timidum
906 2090 1131 2165 offensarum³
1147 2097 1206 2187 qui
1223 2096 1341 2164 nonin

274 2212 369 2294 illas,
389 2210 468 2278 dum
487 2209 592 2290 vitat,
614 2207 754 2276 incidat.
1109 2207 1115 2218 “

237 2354 246 2386 ¹
323 2328 437 2396 XXV.
454 2321 633 2416 Quomodo
647 2323 775 2392 homini
790 2323 913 2416 pusillo
927 2322 1082 2392 solatium
1095 2325 1132 2392 in
1147 2323 1243 2391 malis
1257 2323 1339 2404 luit,

265 2433 374 2511 ¹etiam
394 2463 593 2534 magnorum
606 2439 756 2507 virorum
774 2436 921 2506 titubare
936 2438 1126 2521 fortunam,
1143 2453 1177 2506 ct
1192 2438 1343 2529 aequiore

275 2558 387 2626 animo
406 2556 513 2624 lilium
537 2555 572 2621 in
597 2549 744 2648 angulo⁴
763 2554 873 2636 flevit,
897 2556 956 2647 qui
976 2555 1063 2623 vidit
1081 2555 1204 2623 acerba
1223 2555 1345 2622 lunera

275 2674 376 2742 ctiam
396 2695 437 2739 ex
455 2671 552 2764 regia
568 2667 647 2738 duci
666 2697 673 2735 ι
693 2670 741 2738 sic
760 2663 872 2738 aniino
889 2671 1039 2762 aequiore
1059 2669 1145 2739 feret
1165 2667 1345 2759 abaliquo

276 2785 376 2869 laedi,
396 2787 439 2854 ab
459 2785 573 2877 aliquo
593 2785 784 2867 contemni,
802 2787 1003 2878 cuicumque
1016 2785 1110 2854 uenit
1126 2786 1163 2852 in
1177 2797 1343 2862 mentem,

276 2901 404 2970 nullam
422 2926 495 2970 esse
509 2917 635 2968 tantam
648 2901 854 2994 potentiam,
871 2901 907 2967 in
926 2924 1026 2992 quam
1040 2923 1108 2968 uon
1122 2899 1276 2966 incurrat
1290 2898 1347 2964 iu·

238 3054 251 3083 2
273 3018 378 3110 juria.
400 3017 503 3109 Quod
525 3019 553 3086 si
573 3017 673 3086 etiam
694 3014 949 3108 prudentissimi
968 3030 1131 3107 peccant,
1157 3013 1255 3104 cujus
1275 3035 1347 3079 non

278 3157 375 3204 error
393 3131 515 3200 bonam
534 3155 667 3201 causam
683 3131 812 3199 habet?
831 3131 1081 3220 Respiciamus,
1106 3129 1239 3221 quoties
1256 3125 1347 3194 ado·

278 3376 406 3441 hilarius,
422 3374 536 3426 liberius.
552 3372 657 3425 Clarius
670 3370 785 3423 Gronov.
836 3383 872 3423 est
883 3371 947 3423 lenis
956 3390 985 3422 ac
998 3382 1068 3444 grata
1079 3369 1107 3422 in
1116 3369 1225 3422 diceudo
1236 3367 1347 3432 ,amico-

278 3466 343 3506 recte
355 3451 462 3528 praetulit
478 3449 536 3504 coll.
549 3451 578 3515 l,
598 3449 635 3502 16.
650 3448 682 3500 de
698 3447 786 3501 Benel.
836 3467 893 3500 rum
903 3467 962 3520 erga
972 3447 1069 3500 amicos
1079 3458 1122 3510 est.

278 3536 345 3599 Vll,
361 3537 410 3597 283
423 3531 538 3607 inprimis
555 3531 621 3584 inira
634 3529 684 3594 35,
698 3549 729 3592 a,
740 3529 786 3602 Ep.
869 3525 893 3577 3.
911 3524 1047 3576 Timidum
1054 3522 1222 3595 qffemamm.
1232 3517 1347 3584 Pamin,

254 3611 438 3674 ·xcv11,inis
836 3625 889 3659 non
915 3603 1003 3657 active.
1028 3601 1109 3670 Quasi
1131 3599 1257 3652 diceretur
1271 3615 1278 3649 :
1292 3598 1350 3666 Qui

316 3711 336 3742 r.
346 3689 476 3742 Garmtts.
486 3687 542 3739 lloc
551 3698 600 3749 ost,
611 3683 642 3736 iis
652 3681 695 3754 qui
703 3679 786 3733 bostes
836 3683 908 3736 timet
922 3701 955 3735 ne
973 3680 1035 3733 alios
1053 3679 1104 3753 ipse
1115 3677 1202 3738 ledan
1212 3694 1266 3728 non
1276 3693 1283 3726 :
1293 3673 1351 3743 Qui

281 3775 328 3820 nec
345 3778 418 3830 suut,
436 3782 610 3834 necunquam
625 3763 713 3822 fuere,
731 3770 755 3808 et
766 3771 789 3810 te
838 3761 910 3814 timet
919 3780 952 3812 ne
965 3757 1080 3812 laedatur.

280 3865 324 3918 per
334 3843 534 3918 negligentiam,
546 3841 690 3917 pigritiam,
702 3839 789 3908 loqua-
871 3839 954 3890 XXV.
967 3839 1035 3889 Ana.
1051 3834 1139 3902 Quum
1151 3844 1176 3885 et
1185 3843 1298 3905 polenta
1308 3829 1353 3882 la·

280 3925 411 3978 citatemve
422 3935 445 3977 te
455 3923 580 3978 laeserunt.
837 3929 964 3970 cessantur
981 3928 1007 3966 et
1020 3909 1210 3988 prudentissimi
1226 3923 1353 3984 petent,

314 4023 337 4053 a.
348 4001 473 4054 Libertus.
490 4000 575 4068 Quam
588 3999 636 4052 sibi
648 3999 787 4051 libertatem
837 3994 1053 4068 injuriaelerendte
1061 3991 1203 4046 suntCerte
1208 3987 1355 4064 magniboc

282 4079 787 4149 extraneiassecredunt,quumextraneos
836 4075 939 4150 signum
950 4073 1085 4126 animiest

282 4156 450 4227 alloquuntur.
480 4155 557 4226 Quod
581 4175 595 4207 a
620 4153 787 4207 familiaritate
870 4154 893 4219 4,
911 4153 948 4204 In
960 4152 1066 4220 magalo.
1084 4149 1194 4202 Pro:in
1207 4149 1310 4212 casula,
1324 4149 1357 4200 in

283 4233 491 4308 distinguendum
502 4271 510 4299 ,
523 4251 578 4302 que
596 4251 673 4302 quum
687 4230 787 4284 libertas
837 4229 916 4304 spatio
928 4229 1019 4282 domus
1029 4241 1072 4282 aut
1084 4226 1139 4300 agri
1150 4225 1298 4300 perexiguo.
