2896 4954
187 637 254 758 L.
293 623 588 756 ANNAEI
626 635 996 761 SENECAE

118 943 269 1109 nn
347 941 1069 1111 cucumim

360 1309 545 1394 LIBER
572 1309 819 1396 PRIMUS.

448 1593 732 1622 —--40---

72 1841 141 1906 cn».
158 1841 186 1908 1.
211 1801 407 1906 sermm
428 1835 471 1905 dc
489 1838 695 1919 Clementia,
712 1840 803 1906 Nero
815 1839 949 1922 Caesar,
970 1841 1121 1926 institui,
1153 1868 1163 1901 ι

72 1973 106 2022 ut
120 1954 362 2048 quodammodo
376 1955 504 2049 speculi
517 1956 590 2024 vice
608 1957 615 1989 ¹
636 1955 822 2047 fungerer,
839 1972 874 2023 ct
887 1971 919 2024 te
934 1957 997 2024 tibi
1010 1975 1124 2027 osten·

74 2069 179 2141 dorem
191 2077 218 2156 ¹,
240 2087 483 2166 perventurum
495 2069 540 2138 ad
552 2070 757 2162 voluptatem
770 2072 945 2140 maximam
960 2076 1120 2142 omnium.

72 2184 226 2274 Quamvis
245 2187 336 2254 enim
355 2199 448 2252 recte
470 2183 632 2251 factorum
651 2207 753 2252 verus
770 2183 902 2254 fructus
919 2187 963 2253 sit
981 2187 1121 2268 fecisse,

73 2325 128 2370 nce
140 2303 245 2372 ullum
259 2303 423 2372 virtutum
434 2301 581 2395 pretium
597 2298 738 2394 dignum
752 2299 820 2372 illis
835 2317 928 2370 extra
941 2295 1049 2396 ipsas³
1066 2306 1122 2385 sit,

69 2417 156 2508 juvat
181 2415 375 2516 inspicerc⁴
396 2433 431 2488 ct
453 2418 599 2486 circuire
625 2415 748 2485 bonam
771 2420 1032 2504 conscientiam,
1054 2435 1125 2490 tum

101 2633 437 2688 I.Anu.1.an‹iatNeronem
447 2631 569 2686 Caesarern
618 2631 682 2683 serre
692 2632 821 2706 speculum
829 2631 905 2697 solet,
915 2633 982 2706 apud
992 2635 1126 2690 Horatium

72 2711 205 2766 abonitate
227 2727 251 2767 et
269 2712 402 2766 elementia
417 2711 525 2782 ideoque
547 2723 571 2762 et
618 2729 718 2781 quoque
739 2711 862 2782 reperias,
884 2709 928 2762 lib.
947 2713 972 2775 Ι,
994 2714 1074 2786 Epist.
1094 2718 1125 2780 5,

71 2789 219 2862 reipublicae,
230 2811 275 2844 seu
285 2804 424 2863 temporum
436 2788 569 2851 felicitate,
618 2807 666 2839 vss.
679 2807 707 2839 ar
717 2825 725 2852 ,
736 2807 789 2859 sqq.
802 2809 816 2835 «ι
828 2787 890 2840 Haec
902 2807 949 2859 ego
961 2805 1128 2861 procurasset

72 2886 123 2936 qua
130 2889 207 2940 quum
218 2867 300 2942 figura
309 2867 427 2921 muliebri
434 2865 572 2919 adumbra-
619 2865 726 2918 idoneus
738 2866 860 2940 imperor,
873 2879 898 2919 et
906 2887 959 2919 non
969 2868 1082 2934 Invitus,
1094 2892 1127 2923 ne

73 2948 147 2999 turin
161 2947 272 3000 nummis
283 2967 341 3000 cum
356 2945 476 3018 symbolis
490 2944 568 3016 pacis,
618 2957 689 3016 turpe
702 2942 781 3006 toral,
797 2965 829 2997 ne
843 2944 944 2998 sordida
961 2966 1050 3020 mappa
1062 2948 1128 3001 Cor-

74 3025 239 3092 abundantiae,
248 3027 384 3080 securitatis
393 3025 568 3097 (vid.He3me,
618 3037 692 3096 ruget
702 3043 790 3082 nares,
803 3043 835 3076 ne
851 3044 903 3076 non
920 3038 945 3077 et
959 3025 1090 3080 cantharus
1103 3041 1128 3082 et

74 3103 363 3177 opustencffotltl,
387 3103 569 3178 pag.328sq·)
619 3104 1056 3174 lanxOstendattibite....»Quam
1065 3129 1126 3160 vero

74 3197 114 3236 ete.
126 3206 179 3238 earn
190 3185 241 3238 hoc
253 3185 332 3258 eapite
342 3187 421 3236 ferme
433 3201 571 3256 expressam
620 3181 777 3234 elementiam
786 3201 829 3254 per
840 3182 954 3253 quinque
966 3203 1045 3236 annos
1057 3187 1126 3238 Nero

73 3264 191 3332 putareris
203 3263 253 3317 :ita
264 3261 312 3314 sibi
324 3273 348 3314 et
358 3260 425 3312 riam
439 3261 524 3314 munit
538 3259 570 3313 ad
621 3259 744 3322 exercuit,
755 3260 787 3312 de
805 3259 907 3324 eavide
922 3260 984 3331 quid
997 3281 1043 3313 uos
1056 3262 1127 3315 ‹lixe-

72 3340 197 3393 materiam
213 3377 221 3404 ,
248 3359 324 3410 quam
347 3338 395 3390 sibi
417 3339 571 3392 tractandam
619 3339 698 3390 rimus
708 3337 739 3389 ad
749 3337 794 3390 lib.
805 3339 847 3404 11,
858 3358 911 3410 cap.
922 3355 940 3390 1.

73 3431 217 3491 sumpserat,
237 3429 262 3470 et
277 3417 399 3471 invidiam
411 3417 487 3483 vitat,
501 3417 572 3489 qnasi
653 3416 677 3468 3.
694 3417 823 3488 Quamvis
825 3454 866 3470 .....
883 3421 957 3485 ipsas
970 3416 1126 3470 sitstoico-

71 3510 186 3570 precepta
198 3495 301 3549 daturus
311 3495 351 3548 sit.
619 3516 676 3548 rum
689 3495 782 3568 dogma
796 3507 842 3556 est,
858 3494 975 3546 viruitem
991 3506 1090 3567 propter
1100 3515 1125 3548 se

103 3593 122 3626 r.
135 3573 166 3623 V
163 3579 205 3627 icc.
216 3574 287 3626 Idem
300 3575 351 3626 iere
364 3585 399 3625 est
410 3592 438 3625 ac
449 3573 570 3640 partious
621 3572 714 3646 ipsam,
734 3571 805 3624 nulla
821 3570 893 3644 pretii
912 3569 996 3622 habita
1014 3571 1127 3637 ratione,

71 3649 311 3725 (gallic.sonction);
322 3650 370 3703 hac
378 3664 462 3703 tamen
469 3651 570 3723 vigente
618 3669 670 3702 esse
680 3647 851 3721 expetendam.
866 3648 906 3700 Cf.
916 3647 968 3720 ipse
981 3649 1082 3712 Noster,
1094 3648 1126 3702 de

71 3726 250 3803 discrepantia,
264 3729 398 3792 Deorum,
417 3727 569 3792 hominum,
618 3729 707 3780 Bcnef.
723 3728 768 3780 lib.
780 3729 826 3792 lv,
837 3727 940 3800 passim,
955 3739 979 3778 et
997 3725 1126 3780 Ciceronis

70 3807 264 3860 animantiumve
272 3807 353 3880 potius
361 3827 412 3859 esse
421 3819 526 3876 partes,
539 3807 571 3860 de
620 3805 767 3867 Paridon,
786 3802 900 3878 inprimis
915 3803 1070 3870 secuudum,
1086 3805 1126 3858 cui

70 3883 138 3936 rebus
150 3907 209 3938 vero
221 3884 341 3937 inanimis
352 3884 433 3937 solum
448 3889 573 3952 vices,ut
619 3884 706 3936 titulus
721 3873 783 3937 :tiu
810 3884 926 3951 αὗθαρκὴς
945 3884 961 3939 t
980 3883 1048 3952 &prii
1067 3886 1128 3952 πρὶς

71 3960 216 4030 plurimum,
229 3961 289 4016 dici.
620 3965 775 4032 autumnitas.

101 4055 123 4089 n.
133 4039 160 4090 T
157 4059 171 4092 e
177 4042 226 4094 tibi
231 4041 435 4093 ostenderrmUt
441 4041 503 4094 scias
510 4041 572 4114 ipse,
655 4042 679 4106 4.
694 4040 779 4094 Juvat
790 4041 918 4108 inspicere.
937 4039 979 4092 Sic
990 4061 1047 4092 cum
1060 4041 1129 4094 Gro-

73 4134 145 4182 quam
166 4117 276 4170 clemens
293 4117 334 4169 sis.
353 4119 421 4170 Istud
436 4131 519 4171 autem
537 4119 571 4170 lo·
625 4115 701 4171 novio
720 4140 734 4170 e
753 4117 827 4170 codd.
848 4117 916 4170 dedi.
940 4121 1041 4172 Antea:
1056 4127 1131 4184 iuvat

74 4195 165 4258 quendi
176 4215 253 4268 genus
261 4195 292 4248 de
303 4195 456 4267 imaginibus
466 4215 527 4265 quas
536 4215 576 4247 re·
626 4206 712 4249 tarnem
727 4199 856 4266 inspicere.
866 4195 934 4248 illud
953 4205 1051 4259 tamen,
1064 4215 1129 4269 prae-
