2896 4958
246 443 748 516 ansrotc.en1LOS.
775 444 873 516 ΜΒ.
899 445 980 516 111.
1067 452 1149 537 cerij

91 583 159 646 mihi
175 585 295 648 videtur.
309 583 394 668 Quid
413 585 521 650 deinde
545 585 576 648 in
601 585 703 649 alios?
724 587 881 670 quamius
905 608 992 650 suum
1011 589 1151 654 exercet?

92 689 201 754 «Sicut
218 693 401 776 gubernator
420 693 450 753 in
470 692 558 767 navi,
574 693 765 778 magistratus
784 693 815 754 in
832 695 970 772 civitate,
987 695 1154 780 imperator

91 797 117 856 in
130 799 256 860 exercitu
267 843 277 874 ,
290 799 390 860 anima
402 799 432 859 in
446 818 576 882 corpure
588 843 598 874 ,
611 821 697 862 mens
712 799 743 861 in
758 801 859 862 anima
875 823 884 861 e
897 801 940 866 sic
952 823 1060 864 revera
1069 803 1153 886 prin·

90 923 153 985 ceps
162 918 205 966 est
218 903 345 988 Sapiens
361 905 392 964 in
404 926 514 988 genere
533 904 677 966 humano.
693 933 709 960 a
726 903 836 986 (Philo
854 908 892 968 de
905 905 1045 989 Abrah.)
1060 906 1153 989 Quod

89 1009 140 1069 nisi
161 1023 278 1072 arceto
296 1025 326 1073 et
347 1032 421 1076 vero
441 1011 587 1090 abiisset,
607 1011 785 1096 opinionum
802 1013 918 1098 impetu
936 1013 1070 1076 ablatum
1086 1038 1095 1074 e
1111 1036 1151 1078 an

89 1117 170 1178 etiam
184 1140 263 1180 nunc
273 1119 351 1182 alius
364 1120 405 1181 ab
418 1121 472 1182 illo
485 1119 671 1204 imperaret?
689 1117 757 1183 Etsi
771 1121 820 1183 rel
838 1103 883 1184 sio
896 1123 944 1205 jus
960 1144 1047 1184 suum
1059 1135 1151 1185 tenet.

87 1219 208 1286 Prodest
219 1225 296 1285 mihi
304 1225 355 1288 ille
369 1223 517 1310 Sapiens,
534 1240 565 1288 et
577 1227 656 1309 apud
669 1225 751 1309 ipsos
764 1238 947 1311 purpuratos
956 1241 987 1289 et
998 1227 1150 1290 diadema·
1164 1267 1175 1284 .

86 1343 128 1390 tos
137 1351 168 1392 se
178 1334 332 1395 ostendat:
345 1332 482 1416 prolecto
494 1333 610 1410 vereri,
623 1347 674 1395 aut
684 1347 765 1397 certe
779 1333 913 1396 revereri
924 1335 1051 1412 videbis,
1063 1334 1150 1396 illum

85 1457 246 1518 pannosum
257 1452 287 1500 ct
297 1459 375 1523 saepe
386 1439 474 1501 nudis
484 1439 624 1522 scapulis.
640 1466 655 1492 u
670 1437 779 1520 Neque
792 1439 873 1504 enim
884 1461 1017 1522 unquam
1029 1439 1061 1499 in
1079 1451 1149 1500 tan-

83 1557 143 1604 tum
154 1545 340 1608 convalescet
348 1546 497 1628 nequitia,
519 1567 673 1628 nunquam
687 1545 730 1607 sic
741 1558 846 1608 contra
855 1544 993 1608 Virtutes
1007 1547 1150 1629 conjura-

84 1649 178 1726 bitur,
196 1665 303 1713 utnon
319 1649 480 1736 Sapientiae
494 1673 605 1714 nomen
622 1651 797 1714 venerabile
814 1664 845 1713 et
858 1673 977 1715 sacrum
988 1667 1118 1714 maneat.
1131 1680 1147 1708 n

82 1755 164 1836 (Seu.
174 1755 273 1843 Epist.
285 1759 366 1836 xlv.)
376 1757 434 1820 Vis
445 1759 475 1820 in
488 1758 627 1842 exemplo
637 1757 740 1820 videre
750 1757 762 1820 ,Ρ
773 1754 930 1842 Diogenes
941 1757 992 1820 ille
1004 1756 1146 1847 Cynicus,

81 1886 138 1926 non
148 1887 263 1950 pauper
274 1866 375 1928 solum
388 1865 427 1927 ah
438 1865 545 1949 opibus
556 1910 565 1942 ,
578 1867 632 1927 sed
646 1886 663 1926 a
676 1865 801 1928 fortunae
816 1863 926 1948 injuria
943 1886 1066 1940 servus,
1085 1889 1150 1929 vae·

81 1992 149 2034 num
164 1993 182 2034 a
198 1973 305 2057 pitatis
319 1974 489 2057 expositus,
505 1973 708 2058 interrogatur
725 1992 734 2031 ι
758 2000 773 2028 ιι
792 1970 911 2053 Ecquid
926 1972 1003 2040 scire
1021 1965 1151 2057 prolite-

81 2080 180 2143 retur?
194 2108 210 2134 κ
225 2077 357 2164 Egone?
370 2108 385 2135 α
399 2077 583 2142 Hominibus
594 2079 756 2163 imperare.
769 2106 786 2135 a
801 2075 924 2156 (Laert.
935 2078 967 2140 in
979 2075 1096 2164 Diog.)
1108 2077 1150 2142 Et

80 2207 166 2266 mox,
177 2210 272 2270 quum
287 2201 518 2272 pretereuntem
533 2185 705 2248 Xeniadem
720 2185 857 2261 uidisset,
878 2207 932 2248 ore
951 2207 987 2248 ac
1002 2185 1087 2248 vultu
1102 2187 1150 2248 in·

80 2314 173 2376 geum
185 2319 193 2356 ι
209 2323 225 2354 ι
238 2294 331 2374 Huic,
347 2297 454 2377 inquit,
465 2317 514 2358 me
526 2297 632 2372 vende,
644 2315 716 2356 nam
726 2293 776 2356 hic
785 2292 922 2356 Domino
934 2315 1007 2373 opus
1019 2293 1121 2358 habet.
1131 2321 1147 2350 ι·

79 2395 117 2462 Et
129 2402 219 2484 plane
234 2421 292 2486 pro
304 2401 407 2464 verbis
427 2416 456 2465 et
474 2401 663 2485 professione
682 2421 737 2463 sua
754 2422 786 2464 se
803 2401 914 2485 gessit,
935 2401 1047 2466 doeens
1057 2447 1066 2475 ,
1078 2422 1150 2464 rno-

77 2529 167 2585 neus,
179 2509 352 2592 imperans,
362 2509 439 2592 ipsi,
450 2507 571 2584 liberis,
582 2507 702 2570 familiae
713 2507 777 2570 toti.
799 2507 947 2589 Aequum
957 2509 1045 2571 amici
1056 2507 1148 2592 paulo

76 2628 142 2696 post
151 2617 361 2692 advenissent,
373 2637 442 2677 eum
453 2615 655 2698 redempturi:
671 2641 686 2669 «ι
700 2612 842 2692 Minime,
852 2615 965 2696 inquit:
977 2615 1058 2678 abite
1066 2614 1149 2678 latui.
1238 2595 1242 2604 ⁵

76 2716 145 2782 Non
154 2723 237 2783 enim
248 2721 353 2784 leones
362 2741 539 2784 servosesse
547 2720 753 2798 nutrientium,
762 2721 987 2785 sednutrites
994 2721 1148 2786 leonum..

76 2823 189 2906 (thid.)
202 2826 288 2890 Nam
304 2828 385 2890 servi
399 2827 514 2892 scilicet
529 2839 592 2902 est,
612 2827 730 2890 timere.
746 2825 847 2910 Quid,
865 2847 959 2909 quum
976 2827 1150 2896 Alexander

75 2955 200 3018 magnus
209 2935 262 2998 ille
271 2933 339 2998 Rex
350 2935 389 2996 aid
402 2957 473 3008 epm
484 2935 615 3012 viseret,
630 2949 719 3016 atque
732 2935 812 2998 inter
823 2935 883 3001 alia
895 2935 1026 2998 fficereta
1044 2963 1059 2990 α
1075 2933 1149 2999 Nou

75 3042 246 3106 metimus?
265 3040 348 3124 Quid
359 3043 442 3104 enim
457 3065 511 3119 es,
526 3043 640 3124 inquit,
654 3041 776 3106 Bonum
790 3063 830 3104 an
840 3040 959 3106 Malum
970 3039 1146 3122 RDieente,

73 3144 195 3208 Boram
208 3170 216 3208 r
229 3145 309 3230 Quis
320 3168 395 3232 ergo
407 3147 530 3212 Bonum
546 3148 650 3212 timet?
669 3148 775 3231 inquit.
788 3174 804 3202 a
819 3144 862 3210 Et
878 3147 1068 3213 mehercules
1084 3148 1149 3212 scio

72 3255 280 3318 Alexandrum
300 3256 400 3340 potius
422 3257 454 3318 in
475 3256 578 3320 animo
592 3257 745 3330 timuisse,
759 3268 811 3321 aut
824 3256 970 3339 stupuisse
985 3300 995 3333 ,
1012 3257 1051 3318 ad
1070 3255 1150 3318 hune

71 3365 301 3447 magnanimum
313 3377 344 3428 et
355 3383 373 3426 a
386 3362 517 3427 Ratione
535 3362 663 3448 Regem.
683 3362 798 3445 Quidni
810 3385 829 3427 2
840 3361 994 3427 Ratione?
1013 3363 1055 3424 ita
1067 3363 1149 3426 idem

71 3470 233 3532 scitissime
249 3497 264 3526 u
281 3467 433 3548 Xeniadi,
447 3470 501 3552 qui
513 3489 546 3534 se
564 3483 699 3545 emerat,
713 3469 787 3532 dixit
802 3465 976 3553 20portere
987 3467 1074 3530 illum
1092 3466 1151 3532 sibi

70 3599 181 3658 parere
193 3621 203 3651 ,
215 3577 354 3658 quamvis
361 3595 466 3650 serto,
476 3597 549 3638 nam
557 3589 588 3638 et
597 3576 751 3649 motem,
766 3590 796 3638 et
803 3575 987 3660 gubernator
997 3619 1007 3653 ,
1019 3575 1075 3638 etsi
1086 3595 1150 3638 ser-

69 3686 169 3762 viunt,
183 3697 288 3746 umen
298 3683 335 3746 iis
344 3697 478 3767 paretur.
490 3711 506 3740 ιι
517 3681 832 3764 (Ιδίὀ.)Μετίιίεεὶωο
843 3682 934 3766 igitur
945 3702 963 3744 a
973 3681 1070 3744 stultis
1083 3702 1151 3745 om·

69 3791 158 3854 nibeis
168 3788 321 3874 Sapienti.
335 3817 352 3846 e
367 3789 430 3872 Qui
441 3791 524 3854 enim
533 3791 565 3855 in
576 3791 751 3880 universum
760 3788 826 3853 vitre
840 3790 981 3872 degente
993 3787 1151 3854 scientiam

69 3913 113 3960 est
123 3898 274 3982 adeptus,
285 3900 357 3980 qnid
367 3899 447 3962 aliud
459 3899 545 3962 illum
560 3919 626 3964 esse
637 3911 758 3982 oportet
767 3898 826 3961 nisi
837 3911 989 3961 rectorem
1000 3910 1029 3960 et
1042 3895 1150 3960 Domi-

68 4006 163 4067 nmn?
181 4029 198 4058 ι
207 4001 351 4085 (Arriae.
364 4002 495 4068 Dissert.
506 4003 554 4068 lll
564 4027 609 4082 ,c.
621 4005 694 4083 ult.)
703 4002 791 4068 Felix
803 4003 992 4088 respublica,
1004 4002 1057 4066 ubi
1069 4004 1126 4065 erit
1138 4028 1146 4064 e

67 4126 97 4172 et
105 4133 220 4174 verum
230 4125 333 4174 tamen
346 4126 484 4176 nostrum
496 4111 622 4192 seitmn,
638 4113 756 4174 etiamsi
769 4133 832 4174 non
848 4112 914 4177 erit.
932 4110 983 4174 An
995 4097 1058 4173 non
1068 4111 1146 4188 tale,

66 4222 149 4302 quod
162 4219 259 4282 etiam
270 4217 364 4284 Sacra
377 4219 567 4304 approbanti
578 4217 674 4298 (Gen.
684 4218 820 4301 XXlll.)
832 4217 877 4281 lta
890 4220 974 4284 enim
982 4217 1146 4283 Clemens:

68 4351 84 4378 ι
99 4323 143 4386 Et
157 4323 341 4408 Sapientem
360 4323 447 4390 Deus
462 4327 575 4392 doeens
593 4347 658 4392 esse
672 4324 812 4410 Regem,
831 4326 902 4390 iacit
923 4325 1105 4408 alienigenas
1122 4325 1150 4385 ei
