2896 4958
239 423 306 490 at)
332 422 502 494 sTolc.
532 421 740 492 PHILOS.
769 421 868 488 LIB.
895 421 971 486 111.
1039 451 1040 456 ¹
1069 429 1140 512 cxcj

77 558 305 643 aPeripateticis
319 560 453 637 dissoni,
467 561 547 642 quod
557 581 615 624 nec
624 557 708 620 Vitia
721 577 844 641 semper
857 570 1002 634 censent,
1017 570 1047 620 et
1057 571 1140 621 tem·

76 665 163 748 perari
178 678 289 728 vetant.
302 693 317 720 ιι
331 664 416 728 Vitia
428 667 571 728 duntaxat
581 663 666 741 fieri,
684 665 710 727 si
724 663 805 726 male
819 676 938 725 utamur
949 645 1139 736 diiectibus3

77 773 208 849 Virtutes,
225 771 381 834 sibene.»
395 769 616 850 (LactantVl,
637 769 739 850 cuii.)
759 768 915 854 Amplius,
929 772 1094 836 concitatos
1111 786 1142 835 et

77 881 189 960 grandes
210 899 277 941 esse
291 899 382 962 posse
400 902 407 939 ι
428 880 554 962 quidni?
576 877 709 942 «Potest
724 877 820 958 etqni
837 878 990 962 graditur,
1015 875 1139 952 errare;

76 988 154 1069 etqui
165 987 280 1060 currit,
293 1002 410 1050 rectam
428 965 509 1050 riam
525 1001 639 1050 tenere.
654 1015 667 1040 υ
685 983 798 1066 (lhid.)
818 984 924 1068 ltaque
944 987 1062 1049 ostendi
1080 986 1142 1048 ali-

75 1094 134 1174 quid
142 1107 262 1179 potest,
278 1122 294 1149 «
303 1093 356 1156 ubi
370 1115 432 1157 non
446 1108 564 1157 tantum
578 1093 751 1166 modicum,
773 1094 826 1157 sed
840 1093 889 1156 vel
903 1107 1048 1177 punctum
1064 1113 1143 1178 gan-

74 1201 154 1276 dere,
176 1200 320 1262 vitiosum
343 1200 405 1262 sit:
428 1201 510 1264 aliud
525 1214 648 1278 contra,
670 1201 701 1262 in
722 1221 783 1281 quo
802 1200 851 1262 vel
872 1201 1022 1263 exsultare
1040 1201 1142 1263 latitia

73 1305 186 1369 minime
197 1305 432 1370 criminosum.»
447 1305 564 1370 Prioris
576 1307 695 1392 generis
704 1307 897 1390 exemplum,
912 1307 1015 1370 «mate
1030 1306 1141 1371 affecto

73 1412 184 1476 inimico
199 1415 332 1497 gaudere
346 1436 354 1473 2
369 1441 385 1468 a
394 1413 532 1491 alterius,
551 1441 567 1469 «ι
581 1433 729 1498 oppresso
740 1425 867 1499 tyranno
880 1414 1041 1478 exsultare.
1052 1441 1067 1469 n
1080 1413 1140 1495 (ld.

71 1517 120 1595 ih.)
129 1516 262 1582 Causam
276 1517 546 1604 iginudisectuurn
555 1521 718 1602 finemque,
726 1523 922 1584 nonmodum
932 1523 1139 1596 considerant,

72 1629 142 1704 quod
161 1627 203 1688 ita
222 1626 426 1710 Augustinus:
441 1627 502 1690 «ln
519 1629 678 1712 disciplina
694 1643 799 1691 nostra
821 1649 883 1690 non
899 1641 963 1692 tarn
979 1631 1121 1712 quaeritur
1130 1667 1147 1707 ,·

72 1728 171 1794 Utrum
181 1733 251 1816 pius
260 1732 380 1798 animus
390 1733 547 1810 irascatur,
559 1737 611 1797 sed
622 1733 728 1816 Quare
739 1734 888 1798 irascatur
899 1759 906 1795 :
916 1757 974 1800 nec
982 1735 1095 1799 Utrum
1105 1737 1142 1800 sit

74 1838 174 1915 tristis,
187 1841 242 1902 sed
255 1837 347 1902 Unde
357 1840 397 1902 sit
408 1841 500 1903 tristis
510 1867 518 1914 s
530 1863 590 1905 nec
596 1839 709 1904 Utrum
721 1841 827 1904 timeat
838 1887 847 1917 ,
860 1843 913 1904 sed
924 1842 996 1924 quid
1006 1843 1140 1906 timeat.»

71 1944 152 2009 Addit
166 1946 328 2030 exempla,
349 1945 467 2010 olrasci
481 1949 641 2032 peccanti,
663 1945 847 2012 Contristari
860 1969 919 2033 pro
933 1948 1066 2028 afflicto,
1083 1949 1143 2012 Ti-

71 2073 145 2115 mere
165 2053 350 2138 periclitanti
361 2081 376 2108 »ι
394 2073 481 2136 :quse
495 2053 599 2115 omnia
609 2051 747 2116 Virtutes
769 2053 858 2117 nohis
880 2070 1048 2119 censentur.
1068 2055 1143 2139 (Li-

70 2157 119 2220 bro
125 2150 233 2222 [X'De
240 2157 333 2224 Civit.
344 2181 370 2222 c.
381 2160 426 2239 5.)
432 2157 600 2243 Interloqui
610 2161 688 2224 velle
698 2161 811 2226 videris
822 2184 829 2220 ι
839 2164 985 2245 numquid
994 2165 1140 2246 requiris?

71 2263 144 2326 Ano.
160 2265 287 2344 Unum,
305 2266 337 2328 in
359 2288 467 2344 cursu,
483 2280 517 2328 ut
530 2267 583 2345 fit,
600 2269 770 2343 sermonis,
797 2271 834 2332 de
853 2268 1091 2354 Intemperantia
1111 2287 1141 2337 te

71 2370 252 2454 iugitdicere,
262 2393 354 2454 qtrarn
365 2373 450 2436 Zeno
457 2376 537 2457 apud
544 2372 727 2438 Ciceronem
735 2389 866 2440 matrem
873 2375 1141 2444 Perturbationorn

71 2479 212 2542 emebat.
221 2477 323 2561 Quale
333 2480 435 2544 idest?
453 2495 483 2543 et
498 2502 538 2542 an
553 2503 590 2545 ea
608 2483 699 2566 igitur
710 2483 802 2545 etiam
811 2483 842 2546 in
858 2483 1015 2554 Rationali
1030 2490 1140 2571 parte?

70 2580 244 2650 lursduste
256 2608 401 2652 revocas:
416 2589 627 2672 explicandum
644 2604 710 2664 est,
730 2591 798 2674 quis
809 2605 910 2654 antem
922 2593 1032 2658 melius
1046 2593 1141 2660 Cice-

70 2712 135 2754 rone
153 2697 263 2757 eodem
277 2693 405 2758 fecerit?
416 2697 499 2779 cnjus
509 2697 572 2761 haec
587 2697 660 2762 alibi
670 2697 783 2760 verba:
799 2697 970 2764 «Omnium
980 2699 1142 2766 Pertnrha·
1204 2705 1207 2716 ‘
1331 2691 1335 2700 ’

70 2799 178 2863 tonum
194 2801 312 2864 sontem
333 2823 399 2864 esse
418 2803 519 2866 dicunt
539 2793 963 2890 (Stoicissntemperantiam
974 2853 983 2885 ,
996 2830 1060 2889 qnae
1072 2824 1138 2889 est,

69 2919 152 2968 atota
164 2905 269 2971 Mente
283 2922 314 2971 ct
326 2931 345 2972 a
359 2907 455 2974 Recta
469 2909 601 2974 Ratione
612 2912 761 2991 desectio,
775 2914 819 2976 sic
830 2933 965 2976 aversaa
979 2917 1141 3002 prascrip-

69 3013 144 3076 tione
154 3013 314 3092 Rationis,
329 3031 363 3079 nt
376 3016 462 3078 nullo
474 3021 566 3080 rnodo
585 3017 798 3103 Appetitiones
814 3021 908 3082 animi
923 3043 981 3085 uec
998 3022 1065 3107 regi
1085 3045 1142 3088 nec

67 3123 215 3186 continere
224 3137 345 3205 queant.
357 3149 373 3178 n
384 3121 451 3203 (tv
459 3123 573 3204 Tuae.)
583 3123 735 3209 Opposita
746 3140 792 3190 est
802 3127 885 3189 enim
893 3126 1140 3213 Temperantia,

67 3250 126 3309 que
138 3231 245 3294 iisdem
261 3245 325 3308 est,
340 3258 356 3286 «ι
368 3230 501 3294 Affectio
520 3232 734 3316 insuperabilis
752 3253 859 3296 eorum
877 3256 943 3317 quae
958 3251 1026 3299 sunt
1036 3235 1141 3302 Recta

65 3333 211 3416 Rationis,
221 3352 283 3414 aut,
294 3335 485 3420 Habitusqui
494 3337 819 3430 vinciaVolnptatibns
827 3363 888 3404 non
898 3357 1026 3426 potest.»
1035 3341 1140 3427 (Laer-

66 3442 119 3506 tius
128 3443 162 3506 in
174 3445 315 3522 Zenon.)
334 3443 378 3506 Ut
387 3465 461 3529 ergo
472 3443 543 3509 huic
551 3445 781 3508 tundamentum
794 3461 824 3510 et
839 3447 957 3513 innixus
969 3465 1014 3513 est
1025 3449 1137 3528 Ratio,

65 3551 139 3612 etab
149 3571 187 3614 ea
197 3565 279 3614 recta
291 3550 415 3615 Jndicia
436 3573 444 3610 ε
471 3553 514 3616 sic
526 3566 652 3632 contra,
667 3551 783 3638 Opinio
795 3553 838 3618 ibi
852 3569 883 3617 et
892 3555 1027 3619 saisitasr
1044 3585 1058 3611 ιι
1073 3579 1138 3639 quae
1208 3625 1219 3643 ⁸

11 3707 16 3720 .
65 3673 185 3720 omnem
196 3659 291 3720 animi
298 3671 410 3721 statmo
420 3657 604 3738 inflammat,
617 3662 793 3740 conturbat,
811 3662 916 3726 incitat
926 3691 941 3719 n
950 3668 964 3744 (
974 3662 1039 3728 Cic.
1050 3663 1096 3726 lb.
1107 3666 1138 3743 ),

65 3765 186 3827 assiduis
199 3743 374 3834 aneeuum
384 3781 528 3850 tanquam
538 3768 645 3832 ventis.
