2896 4954
297 520 357 588 ¹7²
740 501 808 568 DE
833 500 923 568 IRA

292 639 456 715 quantum
471 640 604 718 poterat
622 642 765 696 attrecta
782 629 904 722 pingui
929 629 1053 711 salira,
1074 630 1256 721 inspuisset
1272 631 1362 696 Len·
1437 635 1438 646 ’

293 740 383 810 tulus
396 744 421 824 ¹,
444 742 502 810 iile
515 759 650 838 patrum
668 761 860 816 nostrorum
884 747 1047 816 memoria
1068 747 1225 816 factiosus
1247 761 1282 814 et
1298 746 1362 812 im·

292 875 432 954 potens,
454 859 614 930 abstersit
632 861 775 946 faeiem,
794 879 854 947 et,
872 891 889 928 ι
906 864 1122 948 Affirmabo,
1138 864 1273 956 inquit,
1290 887 1361 930 om-

295 1001 312 1038 »
330 976 452 1060 nibus,
468 977 635 1060 Lentule,
652 978 816 1062 saniem,
838 980 898 1072 qui
916 994 950 1048 te
964 997 1091 1074 negant
1104 1005 1141 1050 os
1153 980 1293 1048 habere.
1316 1005 1334 1040 ι

340 1094 513 1164 XXXIX.
537 1097 690 1190 Contigit
708 1097 782 1190 jam
804 1097 922 1182 nobis,
944 1101 1093 1180 Novate,
1118 1098 1206 1168 bene
1227 1121 1362 1190 compo·

291 1234 375 1280 nere
389 1213 562 1295 animum,
577 1214 606 1283 si
618 1229 758 1284 autnon
772 1216 878 1284 sentit
888 1214 1122 1298 iracundiam,
1138 1231 1198 1284 aut
1207 1214 1363 1308 superior

292 1341 355 1394 est.
390 1326 573 1398 Videamus
597 1329 766 1422 quomodo
796 1331 945 1400 alienam
972 1332 1057 1400 irum
1083 1331 1246 1402 leniamus
1268 1355 1277 1395 ι
1297 1351 1363 1396 neo

293 1440 383 1508 enim
404 1443 477 1510 sani
504 1466 578 1512 esse
605 1459 736 1514 tantum
764 1445 941 1528 volumus,
968 1443 1030 1514 sed
1055 1467 1187 1516 sanare.
1215 1444 1362 1513 Primam

293 1553 378 1624 iram
407 1579 477 1624 non
505 1555 708 1629 audebimus
732 1559 886 1628 oratione
918 1559 1092 1640 mulcere,
1122 1556 1226 1628 surda
1250 1572 1301 1626 est
1332 1571 1365 1624 et

292 1695 409 1742 amens
428 1700 435 1740 :
452 1673 608 1744 dabimus
622 1675 672 1746 illi
687 1677 834 1769 spatium
847 1705 857 1762 ς
877 1676 1028 1746 remedia
1042 1677 1079 1746 in
1096 1673 1364 1746 'remimionibus

295 1809 437 1883 prosunt
457 1821 467 1876 3
488 1817 552 1863 neo
572 1795 688 1864 oeulos
706 1809 875 1864 tumentes
893 1788 1136 1876 monuimus&
1157 1793 1225 1862 vim
1248 1793 1366 1884 rigen-

295 1919 361 1972 tem
373 1897 386 1948 ⁴
399 1905 565 1976 movendo
578 1908 773 1990 incitaturi,
789 1930 854 1978 nec
867 1925 991 1978 oaetera
1003 1908 1107 1991 vitia,
1124 1906 1206 1976 dum
1217 1905 1362 1974 fervent.

295 2019 396 2088 Initia
404 2019 604 2108 ‚morborum
617 2022 716 2114 quies
728 2039 838 2092 curat.
859 2051 876 2088 ι
891 2023 1126 2116 Quantulum,
1141 2021 1272 2114 inquis,
1285 2043 1367 2112 pro·

299 2161 316 2198 ι
335 2133 410 2204 dest
429 2133 616 2208 remedium
636 2151 754 2218 tuum,
775 2139 804 2206 si
828 2162 889 2207 sua
911 2153 1031 2231 sponte
1051 2136 1260 2206 desinentem
1280 2134 1367 2202 imm

301 2274 317 2310 u
336 2247 507 2342 placatis
530 2249 701 2335 Primum,
728 2266 768 2319 ut
784 2252 886 2322 eitius
910 2250 1061 2333 desinat,
1087 2250 1193 2318 efficit
1211 2275 1220 2314 ι
1241 2245 1368 2316 deinde

296 2365 483 2445 custodiet,
509 2391 553 2434 ne
573 2367 704 2436 recidat
730 2395 738 2436 ι
765 2369 876 2462 ipsum
899 2392 1035 2463 quoque
1056 2368 1239 2461 impetum,
1265 2389 1370 2456 quem

297 2505 365 2549 non
392 2479 497 2550 audet
516 2481 650 2566 lenire,
673 2483 778 2553 saliet.
806 2485 1006 2555 Removebit
1023 2484 1137 2554 omnia
1150 2480 1290 2552 ultiouis
1314 2482 1370 2548 in-

296 2608 484 2663 strumenta
496 2589 528 2662 ⁵:
545 2596 718 2664 simulabit
732 2597 837 2679 iram,
854 2611 892 2664 ut
908 2613 1078 2688 tamquam
1090 2594 1244 2687 adjutor,
1261 2609 1297 2662 et
1311 2592 1373 2663 do-

297 2712 379 2782 loris
396 2717 508 2782 c'omes
527 2713 605 2806 pius
623 2713 834 2784 auctoritatis
854 2713 891 2782 in
909 2713 1059 2782 consiliis
1083 2711 1206 2781 habeat
1229 2737 1237 2780 ι
1260 2733 1375 2778 moras

299 2901 313 2926 a
326 2883 376 2936 stre
387 2885 484 2948 mure,
496 2901 528 2936 eu
538 2881 632 2952 qualite
644 2882 676 2935 de
688 2881 810 2952 Sto'ique,
861 2881 1031 2947 contendunt,
1042 2895 1066 2936 te
1078 2899 1129 2936 esse
1137 2881 1193 2934 sine
1203 2897 1246 2932 ore
1256 2878 1375 2932 etfronte

299 2957 389 3028 »qu’il
405 2978 437 3012 ne
454 2957 537 3012 devsit
551 2958 622 3033 point
633 2979 660 3011 se
673 2971 762 3012 mettre
779 2978 811 3013 su
864 2960 899 3028 (i.
924 2979 946 3014 e.
968 2958 1257 3032 impudentissimum:
1275 2967 1305 3008 at
1327 2975 1376 3027 ego

301 3057 315 3084 ι
328 3035 417 3090 coldra.
430 3059 444 3083 »
465 3037 567 3092 Fabrie.
581 3037 705 3091 Biblioth.
729 3037 811 3092 Graec.
859 3036 1004 3111 pervincum
1016 3049 1040 3092 te
1051 3049 1117 3090 certe
1125 3055 1178 3091 non
1187 3036 1242 3092 sine
1251 3053 1295 3087 ore
1310 3053 1376 3096 esse,

299 3116 373 3168 Tom.
385 3117 440 3182 ΙΙΙ,
453 3136 511 3190 pag.
523 3115 579 3168 560.
591 3116 631 3168 ed.
645 3115 717 3170 Uari.
861 3137 875 3170 e
887 3135 938 3186 qno
950 3115 1014 3168 mihi
1027 3114 1152 3188 inspuisti.

336 3214 357 3245 ι.
367 3193 502 3248 lentatur.
514 3193 620 3247 NonM.
631 3193 735 3246 Comei.
747 3195 814 3246 Len·
894 3194 1015 3248 XXXIX.
1040 3197 1110 3246 Atto.
1131 3194 1170 3246 De
1193 3189 1318 3244 lenienda
1341 3191 1379 3244 ira

301 3271 382 3330 tulum
393 3271 545 3330 Clodianum
553 3271 813 3345 hicintelligsmemn
862 3272 953 3326 aliena.
968 3269 1033 3326 Cir
1020 3271 1117 3346 r...rpV

302 3349 388 3424 Lipsio
402 3349 644 3416 (suitiseonsuls.
658 3351 688 3404 U.
705 3350 735 3402 C
748 3349 810 3404 681:
895 3347 1177 3404 2.1nmmr'rsionibur
1189 3347 1223 3400 lis
1232 3359 1381 3419 temporum

302 3431 335 3482 ei.
345 3427 502 3484 Freinshem.
513 3427 600 3501 Suppl
610 3429 665 3481 Liv.
674 3427 775 3492 xcvi,
789 3447 813 3492 ι,
862 3429 973 3483 articulis
986 3428 1096 3500 quibos·
1090 3425 1218 3498 incipiunt
1231 3424 1300 3478 mala
1309 3423 1382 3498 paul-

303 3506 404 3562 Sallues.
424 3507 513 3580 fragm.
507 3526 567 3580 ..ap
561 3506 642 3560 ‚Aut
658 3506 725 3560 Geil.
741 3507 814 3560 Nost.
863 3507 936 3562 latim
947 3503 1219 3560 mollirietiumslius
1232 3521 1293 3556 mox
1303 3503 1385 3557 resol-

304 3587 355 3639 Aa
367 3586 474 3652 xvtss,
486 3589 531 3654 θ’
525 3626 531 3638 .
543 3587 587 3642 sed
599 3590 627 3640 P.
640 3587 723 3646 Corne
725 3588 741 3639 l.
751 3589 816 3640 Len·
864 3580 1385 3654 vendssuaeserimonitesliquidperdere.

302 3663 385 3720 tutum
394 3665 666 3732 Suram,cousulema.
674 3668 706 3722 U
716 3667 744 3724 C
754 3667 814 3732 582,
898 3661 1126 3716 ³..Tauatimm
1142 3660 1173 3714 ld
1189 3673 1241 3724 eu·
1255 3657 1388 3712 Μώῖ·

249 3793 250 3798 ,
303 3742 476 3798 securoribns
490 3743 523 3796 ob
539 3745 671 3800 infamiam
683 3746 741 3800 vite
753 3765 815 3798 mo-
864 3762 921 3800 ums
939 3741 973 3794 ad
992 3741 1133 3794 videndum
1154 3740 1264 3811 ideoque
1278 3759 1388 3792 euran-

304 3831 499 3874 tnmesenatu·
493 3835 672 3895 pretorem.
680 3823 712 3877 U.
720 3823 815 3896 0590,
862 3823 927 3896 dum
938 3819 1044 3874 malum.

304 3895 343 3948 M.
359 3897 428 3950 Tull.
441 3899 567 3958 ,Cicerone
580 3902 702 3970 contule,
718 3914 743 3955 et
758 3923 817 3956 mor
900 3899 923 3964 4.
936 3897 1147 3966 Vimrigentem.
1160 3896 1191 3950 id
1206 3907 1256 3958 est.
1268 3915 1389 3961 nenos,

305 3975 452 4040 mearcsre,
460 3991 490 4030 nt
501 3980 646 4053 participem
659 3979 818 4052 conspiratio·
867 3977 1029 4030 morbositate
1052 3975 1184 4048 signatas,
1208 3993 1256 4028 nee
1276 3987 1390 4028 entem

306 4055 346 4108 nis
365 4055 518 4112 Catilinarin
524 4058 752 4132 sna-angulatum.
750 4059 818 4112 Hine
868 4055 969 4108 morbos
978 4047 1375 4126 ,quimoriaaeeeuioaibus

295 4135 430 4206 factiosus
454 4149 478 4188 et
498 4140 625 4205 impotem
647 4136 817 4210 (improbus)
903 4137 925 4186 5.
942 4135 1252 4186 ttuomsimomnmta
1260 4128 1390 4184 Uacaei-

306 4211 385 4266 audit.
400 4213 460 4266 Vid.
474 4213 573 4266 Ernesti
587 4213 642 4267 lad.
654 4214 710 4265 hist.
705 4159 752 4266 pad
764 4213 818 4266 Cic
869 4211 1237 4282 licetquibusiurtrditmsnus
1244 4207 1313 4260 uitio
1323 4205 1391 4260 etad

309 4289 348 4346 Os
359 4291 497 4346 hahere
490 4311 582 4361 lerose.
601 4295 700 4344 Omnes
711 4291 816 4361 quidem
869 4291 1035 4365 reposcendas
1056 4310 1142 4362 peenas
1157 4307 1210 4345 sese
1231 4287 1360 4358 accingit.
