2896 4958
287 463 331 530 38
722 465 790 530 DE
822 463 915 531 IRA

287 612 355 682 quo
370 603 520 656 mutetur
536 613 544 654 ε
560 588 638 658 ideo
654 603 721 660 stat
737 590 841 658 semel
858 591 1060 660 constitutis.
1083 591 1172 660 Iram
1188 613 1279 684 eaepe
1292 591 1356 657 mi-

287 703 472 774 sericordia
485 721 577 774 retro
590 707 674 800 egit.
691 705 802 775 Habet
814 708 905 776 enim
917 731 986 776 non
1000 705 1143 776 solidum
1160 708 1279 789 robur,
1296 705 1356 774 sed

286 843 411 890 venum
424 837 613 890 tumorem:
629 821 854 916 violentisque
867 825 1046 917 principiis
1067 825 1192 908 utitur,
1213 847 1282 894 non
1300 823 1357 891 ali·

287 955 341 1008 ter
355 963 457 1033 qoam
471 941 565 1034 quia
582 956 674 1008 terra
690 941 784 1008 venti
800 955 946 1033 surgunt
955 944 980 1022 ¹,
992 955 1034 1012 ,et
1050 939 1247 1009 fluminibus
1260 939 1358 1032 pdo-

287 1057 458 1150 dibusque
472 1058 648 1150 concepti,
668 1057 742 1124 siue
758 1057 945 1150 pertinacia
961 1057 1179 1126 vehementes
1193 1071 1285 1125 sunt.
1301 1059 1357 1124 In·

288 1176 371 1268 cipit
384 1198 507 1268 magno
520 1175 667 1266 impetu,
687 1171 812 1242 deinde
825 1171 941 1242 deficit
954 1190 1033 1242 ante
1043 1191 1179 1269 tempus
1195 1175 1355 1268 fatigato:

288 1305 323 1358 et
343 1313 419 1382 quae
441 1288 529 1357 nibil
553 1287 647 1356 aliud
668 1311 770 1382 quam
793 1287 1030 1360 crudelitatem
1052 1313 1093 1366 ac
1118 1315 1205 1360 nova
1232 1313 1360 1384 &nera

287 1431 466 1501 poenarum
489 1421 704 1488 versaverat,
732 1427 838 1499 quum
854 1405 1192 1478 animadvertendum
1208 1422 1280 1489 est,
1309 1409 1360 1474 ira

283 1524 356 1617 jam
373 1524 503 1592 fraota²
518 1523 673 1615 lenisque
684 1539 747 1591 est.
764 1522 916 1592 Affectus
932 1524 999 1592 cito
1012 1521 1104 1592 cadit
1125 1549 1133 1591 ε
1156 1523 1297 1615 equalis
1310 1537 1362 1590 est

236 1680 262 1714 n
289 1639 1361 1734 ratio.Caetemrm,etiamubipersevcraveritira,nonnunquam

289 1757 317 1824 si
328 1748 444 1849 plures
453 1771 533 1824 sunt
542 1757 602 1848 qui
611 1757 726 1848 perire
737 1770 955 1839 meruerunt,
968 1772 1045 1849 post
1057 1755 1202 1826 duorum
1215 1757 1362 1823 triumve

289 1875 506 1968 sauguinem,
524 1873 680 1942 occidere
693 1871 829 1942 desinit.
843 1873 950 1942 Primi
964 1875 1041 1966 ejus
1056 1875 1144 1942 ictus
1155 1897 1252 1941 acres
1265 1886 1360 1966 eunt,

289 1992 378 2060 sicut
394 1993 603 2084 serpentium
619 2015 752 2060 venena
767 2015 788 2060 a
801 1990 907 2060 cubili
925 1992 1118 2085 repentium
1136 2004 1260 2060 nocent
1276 2016 1285 2056 :
1306 1990 1362 2058 in-

290 2109 381 2176 noxii
395 2105 515 2175 dentes
528 2121 607 2175 sunt
619 2099 646 2189 ³,
665 2131 771 2200 quum
783 2107 860 2176 illos
874 2107 1035 2199 frequens
1047 2131 1178 2176 morsus
1191 2107 1361 2176 exhausit.

291 2229 381 2320 Ergo
392 2249 462 2293 non
473 2225 571 2317 paria
581 2225 770 2318 patiuntur,
784 2227 844 2316 qui
854 2227 951 2318 paria
961 2227 1210 2307 commiserant,
1225 2239 1261 2292 et
1272 2247 1365 2318 saepe

292 2341 352 2432 qui
376 2343 488 2410 minus
505 2325 692 2423 commisit,
718 2341 795 2433 plus
815 2343 963 2434 patitur,
990 2335 1082 2433 quia
1095 2341 1277 2410 recentiori
1304 2342 1366 2407 iree

294 2455 447 2549 objectus
460 2471 522 2526 est.
539 2460 581 2526 Et
594 2458 630 2525 in
644 2471 750 2525 totum
765 2457 941 2549 inaequalis
953 2472 1005 2525 est
1020 2484 1028 2524 ι
1046 2455 1145 2525 modo
1156 2457 1246 2524 ultra
1260 2479 1368 2548 quam

295 2585 445 2663 oportet,
461 2571 632 2652 excurrit,
648 2568 747 2638 modo
758 2571 898 2639 citerius
908 2569 1023 2638 debito
1033 2571 1171 2639 resistit.
1186 2570 1259 2640 Sibi
1272 2572 1370 2637 enim

295 2685 470 2780 indulget,
496 2709 538 2754 ex
563 2681 729 2754 lihidine⁴
747 2685 900 2779 judicat,
931 2703 965 2756 et
984 2685 1105 2756 audire
1125 2711 1194 2754 non
1214 2685 1311 2770 vult,
1336 2702 1374 2754 ct

295 2803 484 2893 patrocinio
498 2826 569 2870 non
583 2801 748 2893 relinquit
761 2799 888 2884 locum,
909 2817 944 2868 et
960 2825 1000 2869 ea
1016 2817 1110 2870 tenet
1126 2823 1201 2892 quae
1218 2801 1370 2882 invasit,

297 2931 332 2984 et
347 2917 435 3010 eripi
454 2917 519 2985 sibi
536 2915 706 3010 judicium
724 2941 845 2999 suum,
869 2918 970 2986 etiam
990 2919 1018 2986 si
1038 2941 1182 3012 pravum
1198 2931 1270 3001 est,
1298 2941 1374 2984 non

298 3033 390 3102 sinit.
420 3034 519 3102 Ratio
544 3035 683 3128 utrique
706 3035 795 3126 parti
821 3032 931 3102 locum
958 3031 1035 3112 dat,
1064 3049 1099 3102 et
1124 3049 1257 3126 tempus
1284 3031 1375 3118 dat3

297 3259 445 3322 perpetuum
454 3261 510 3317 qnoe
518 3245 567 3297 sibi
576 3241 749 3317 proposuitld
758 3261 810 3293 ma·
858 3242 933 3296 tibus.
944 3243 1047 3317 Lipsius
1059 3256 1084 3294 et
1094 3241 1175 3295 Gron.
1184 3250 1243 3309 jum
1255 3245 1379 3316 irffmetn

276 3325 392 3398 'gnilice
415 3323 552 3387 Horatius,
572 3321 617 3373 lib.
635 3321 690 3384 lll,
712 3319 763 3370 oo.
779 3318 808 3372 3:
859 3321 999 3386 dederant,
1013 3322 1110 3374 retione
1129 3321 1279 3375 mutationis
1302 3325 1381 3376 nulla

299 3427 312 3452 ιι
321 3404 422 3456 lustum
432 3413 456 3453 et
467 3413 581 3454 tenacem
592 3396 714 3473 propositi
724 3433 731 3460 ,
740 3409 786 3448 ete.
794 3415 808 3442 ι·
859 3399 959 3452 additae
969 3400 1082 3472 irffmeto
1094 3411 1175 3464 esset,
1189 3399 1262 3453 valde
1274 3402 1380 3467 faeta,

323 3482 380 3537 t.A
388 3493 458 3535 terro
468 3483 663 3548 uentismgunt.
674 3478 715 3529 De
729 3478 810 3530 ventis
860 3477 891 3528 es.
907 3477 989 3550 lntpp.
1004 3476 1119 3549 inprimis
1136 3476 1245 3529 Cerdam
1254 3477 1288 3530 ad
1298 3479 1383 3552 virg.

300 3583 314 3615 a
334 3573 399 3613 terra
412 3557 589 3632 surgentibus,
607 3557 688 3627 iisque
706 3575 736 3608 ea
747 3575 812 3628 aqua
860 3551 922 3604 AEn.
939 3553 1040 3618 x11‚1.

300 3638 523 3716 provenientibus,
536 3637 591 3689 vid.
603 3637 689 3706 Nostr.
707 3635 736 3688 in
752 3637 812 3687 Nat.
878 3634 901 3684 3.
914 3630 1028 3683 Innoxr'a'
1036 3633 1124 3685 dentes
1133 3641 1201 3685 sunt.
1217 3633 1278 3684 Jam
1289 3629 1321 3685 iu
1335 3653 1387 3686 an·

301 3719 397 3787 Quart.
408 3715 452 3772 lib.
463 3717 501 3782 V,
515 3733 567 3788 cap.
579 3715 594 3766 8
611 3725 635 3767 et
649 3714 687 3780 al.
699 3725 725 3764 et
738 3712 815 3766 Aris-
862 3708 975 3779 tiquitate
984 3729 1085 3763 causam
1093 3711 1185 3762 veneni
1195 3711 1261 3784 apud
1272 3732 1387 3785 sepeu-

301 3795 370 3848 totel.
398 3793 463 3868 apud
487 3792 623 3867 Apuleium
649 3791 680 3843 tle
696 3789 813 3853 Mundo,
865 3799 900 3838 tes
917 3799 942 3839 ct
958 3789 1056 3860 aspitlas
1074 3789 1226 3862 exploratam
1243 3791 1329 3843 fnisse
1342 3793 1387 3843 vel

301 3895 325 3948 p.
338 3875 402 3938 258,
421 3873 451 3925 T.
465 3874 506 3938 ll,
526 3873 585 3947 Rip.
605 3871 650 3925 ubi
670 3871 700 3922 tle
717 3870 817 3941 origine
867 3865 1380 3940 Plin.}1.N.lib„X1,coemptiones.

302 3952 372 4004 venti
391 3951 517 4022 aquatici,
535 3969 554 4004 a.
569 3949 749 4024 Encolpiamm
764 3949 817 3999 fuse
883 3946 906 4010 4.
914 3943 1043 3996 libidine.
1050 3943 1143 3996 Libido
1151 3941 1251 4016 proprie
1259 3957 1300 3996 est
1311 3949 1390 4017 quod

303 4041 327 4080 et
340 4029 371 4082 ad
381 4031 520 4083 recentiora
529 4029 643 4104 physices
652 4027 749 4080 decreta
759 4025 818 4078 satis
866 4024 939 4077 alicui
953 4025 1023 4090 libet,
1035 4025 1103 4096 qnod
1112 4025 1200 4098 placet,
1211 4023 1265 4076 veri
1278 4038 1307 4078 et
1315 4029 1390 4100 eqni

304 4120 358 4180 epte
374 4107 520 4180 disputatur.
864 4103 1003 4179 posthabita
1020 4105 1126 4156 ratione.
1139 4103 1216 4172 Quod
1228 4103 1329 4176 gallice
1343 4127 1392 4180 pu

324 4205 347 4238 a.
359 4187 411 4240 Iro
422 4187 584 4260 iamsi-aeto.
598 4186 695 4240 lleduai
705 4225 713 4253 ,
723 4185 816 4259 scriptt.
865 4185 919 4236 brec
936 4183 1030 4256 optime
1041 4183 1130 4234 efferas
1140 4184 1304 4250 ,1ecapn'ce,
1318 4187 1392 4236 Par·-

306 4277 330 4318 et
348 4265 405 4318 edd.
422 4265 519 4336 antiqq.
544 4265 640 4318 Ernsmi
663 4264 816 4335 adstipulari·
866 4261 1079 4324 bitroire,lebon
1089 4263 1195 4327 plaisir.
