2926 4958
338 434 428 522 clviij
521 433 553 500 J.
578 433 741 503 LlPSll
766 434 1228 508 MANUDUCTIONIS

332 581 454 664 (lbid.)
469 579 644 662 Rerumque
661 604 669 640 ε
687 609 703 636 α
714 580 931 645 Valetudinem
945 583 1060 646 bonam
1074 587 1272 668 expetendam
1295 602 1395 669 negant

321 711 407 767 esse,
424 690 596 781 eligendam
609 690 720 754 dictmt.
732 716 746 744 ι
781 692 901 771 (lbid)
913 689 1030 755 Seneca
1044 714 1081 756 ex
1097 693 1155 755 lrac
1169 693 1299 755 formula
1313 694 1392 756 locu-

318 811 387 860 tus:
405 825 420 851 e
439 795 638 881 Sumpturum
654 817 725 871 me,
742 798 768 860 si
783 799 871 860 detur
890 795 1028 874 Electio‚
1045 797 1212 861 Sanitatem
1226 813 1257 862 et
1268 799 1365 862 Vires.
1380 830 1393 854 n

317 899 437 987 (Epist.
449 904 546 980 κου.)
567 901 641 964 Non
663 901 780 964 locutus
796 903 870 964 alibi
889 925 897 961 ε
915 901 1113 967 «Commoda
1126 918 1228 967 tamen
1242 906 1294 966 illa
1309 928 1389 982 esse,

316 1021 347 1072 et
368 1011 547 1092 expetenda,
578 1029 641 1070 non
671 1030 827 1092 negamus.
855 1037 871 1063 n
895 1007 1026 1072 Minime
1048 1033 1122 1072 veru
1150 1013 1314 1094 expetenda
1337 1034 1343 1070 :
1369 1025 1395 1072 et

316 1114 412 1179 Stoici
424 1116 469 1178 tui
484 1115 617 1198 culpent.
631 1113 744 1180 Cicero
758 1116 936 1200 planissime
955 1141 962 1176 ε
981 1115 1111 1199 «ltaque
1125 1117 1178 1179 illa
1190 1115 1394 1195 (Commoda)

315 1243 376 1284 non
402 1224 471 1286 dieo
493 1244 544 1284 me
557 1235 720 1306 expetere,
737 1226 791 1285 sed
804 1223 907 1308 legere
930 1247 938 1283 :
964 1245 1022 1287 nec
1037 1237 1163 1308 optare,
1190 1225 1244 1286 'sed
1259 1245 1395 1286 sumeres

316 1329 469 1392 contraria
483 1341 601 1405 autem,
621 1348 684 1389 non
695 1328 820 1412 lugere,
841 1331 895 1392 sed
908 1329 994 1412 quasi
1006 1351 1175 1392 secernere.
1187 1358 1202 1383 a
1213 1327 1279 1408 (ΠΙ
1289 1329 1339 1391 De
1350 1327 1397 1390 Fi·

316 1435 380 1496 nib.
395 1436 427 1496 in
440 1437 609 1511 extremo.)
620 1432 651 1495 A
664 1432 787 1496 Stobaeo
804 1436 898 1498 etiam
912 1436 963 1500 laic
982 1436 1083 1518 aliqua
1097 1437 1169 1512 lux,
1186 1437 1237 1518 qui
1255 1437 1392 1498 miverse

318 1541 458 1625 profert:
485 1565 500 1594 α
511 1537 626 1602 Omnia
650 1539 895 1624 (Indill'erentia)
917 1563 981 1624 que
996 1543 1160 1606 secusdum
1175 1555 1398 1619 naturam,su-

316 1650 427 1710 menda
443 1669 509 1710 esse
526 1672 533 1708 :
556 1670 621 1730 qm
635 1662 741 1712 contra
754 1670 817 1710 non
833 1652 995 1726 sumenda,
1013 1651 1096 1733 (sire
1113 1663 1145 1712 ut
1164 1647 1298 1725 Cicero,
1326 1649 1398 1730 reji-

316 1756 432 1819 cienda.
441 1755 471 1838 a)
486 1755 532 1818 lta
542 1756 625 1818 enim
639 1758 676 1818 de
685 1756 793 1818 mdem
803 1753 915 1818 Stoici:
931 1784 947 1810 «
959 1751 1110 1818 Exsilium
1122 1770 1152 1818 et
1161 1756 1398 1840 publicationem

316 1862 490 1939 bonorum,
513 1862 677 1944 rejicienda
700 1883 789 1939 esse,
816 1881 879 1922 non
899 1861 1049 1946 fugienda.
1069 1891 1085 1917 »ι
1109 1860 1208 1946 Supra
1226 1860 1302 1924 dixit
1320 1887 1328 1922 ε
1345 1864 1398 1924 Se·

315 1968 472 2028 cernendo.
485 1967 570 2028 Zeno
594 1968 680 2050 ipse,
706 1970 787 2050 apud
798 1965 1005 2030 Athenaeum:
1025 1965 1138 2042 (Libro
1153 1967 1234 2045 Vl.)
1254 1995 1270 2021 «
1297 1966 1399 2050 Opta-

317 2073 433 2136 tionem
446 2071 608 2156 autfugam
624 2072 752 2134 istorum
767 2073 897 2135 abdicat.
907 2101 923 2127 ι»
939 2071 1023 2154 Quid
1037 2094 1110 2158 ergo
1129 2097 1137 2132 ε
1157 2072 1234 2134 «Uti
1253 2073 1317 2134 illis
1331 2095 1398 2136 cum

312 2181 424 2263 jndicio
443 2193 474 2243 et
492 2182 686 2244 antecedente
700 2181 805 2242 notitia
819 2181 923 2263 jubet,
950 2195 981 2244 et
999 2194 1098 2244 metus
1121 2194 1172 2243 aut
1187 2181 1399 2244 admirationis

314 2301 469 2369 expertem
483 2288 620 2349 animum
632 2308 705 2371 erga
725 2287 796 2348 talia
815 2287 939 2350 habere.
955 2317 970 2342 ι»
991 2285 1085 2350 Plura
1101 2287 1164 2350 haec
1184 2289 1329 2372 possim:
1346 2289 1398 2350 sed

314 2395 363 2458 dic
391 2417 445 2457 ore
471 2394 590 2471 libero,
616 2415 656 2456 au
680 2397 743 2476 jam
767 2415 847 2457 nunc
869 2415 933 2456 non
959 2394 1098 2484 fastidis?
1130 2415 1212 2472 unu,
1246 2396 1397 2477 inquam,

309 2503 411 2565 lenuia
432 2502 518 2568 laaec.
544 2515 596 2562 aut
618 2514 648 2564 et
666 2511 787 2586 mpiepyu
809 2502 949 2574 (Cun‘esu
968 2514 996 2562 el
1012 2501 1200 2583 supervacua)
1223 2502 1284 2565 tibi
1309 2500 1398 2564 visa?

308 2608 392 2671 Auo.
407 2607 441 2671 si
450 2629 558 2671 rerum
570 2629 655 2670 amas
667 2653 676 2684 ,
692 2609 766 2670 visa.
778 2606 839 2686 Et,
851 2628 870 2669 ο
885 2629 993 2692 graves
1003 2607 1074 2670 illos
1083 2609 1224 2670 Zenonas
1236 2623 1269 2671 et
1280 2607 1399 2673 Clean-

308 2714 400 2792 thas,
425 2737 481 2798 per
502 2714 567 2776 haee
584 2715 704 2776 dumeta
727 2709 888 2787 incedere,
915 2728 945 2776 et
964 2715 995 2775 in
1011 2713 1059 2780 lais
1079 2714 1265 2790 verborum,
1297 2729 1333 2776 ut
1358 2715 1401 2778 sic

308 2822 429 2899 dicem,
451 2821 610 2905 prestigiis
630 2820 767 2883 haerere?
786 2819 870 2902 Quid
891 2821 973 2882 enim
994 2820 1098 2898 aliud,
1120 2841 1211 2902 quam
1231 2823 1399 2883 nominum

306 2930 442 3009 quaedam
455 2927 581 3010 praelia,
600 2947 638 2988 ne
655 2926 756 2989 dicam
776 2925 900 3004 illudia‚
923 2925 1087 2990 istasunt?
1106 2925 1179 2988 Non
1201 2925 1323 3002 Bona,
1348 2929 1401 2991 sed

304 3031 455 3096 Producta
468 3058 476 3095 ι
491 3053 553 3094 non
568 3031 679 3110 Mala,
701 3035 755 3094 sed
774 3015 970 3116 Rejectanea.
990 3032 1028 3093 ln
1047 3053 1082 3095 re
1104 3032 1194 3116 igitur
1213 3033 1397 3114 consentis?

305 3144 414 3204 eodem
428 3140 497 3202 loco
509 3153 540 3200 et
552 3140 672 3222 pretio,
689 3161 749 3219 quo
764 3139 835 3215 alii,
858 3138 976 3202 habes?
999 3137 1105 3201 Verba
1121 3161 1226 3203 versas
1247 3156 1284 3204 et
1306 3141 1401 3204 dissi-

306 3246 426 3323 mulas,
450 3246 504 3307 sed
524 3264 605 3328 aegre
631 3244 771 3328 expedis,
797 3258 828 3306 et
848 3241 927 3306 flexu
948 3245 987 3306 ad
1005 3247 1145 3307 eamdem
1159 3260 1283 3308 metam
1299 3247 1399 3310 venis·

305 3350 417 3415 Cicero
430 3371 506 3434 saepe
520 3349 579 3412 hoc
589 3349 626 3412 iis
637 3349 741 3431 objicit
756 3395 765 3427 ‚
781 3363 811 3412 et
819 3363 924 3413 noster
935 3349 1027 3412 etiam
1036 3349 1221 3435 Augustinus
1237 3376 1246 3415 ε
1261 3355 1320 3436 qui
1331 3353 1400 3414 hnc

303 3461 408 3521 omnia
426 3486 441 3512 α
452 3457 616 3520 verborum
626 3456 783 3520 certamini
795 3503 803 3533 ‚
817 3478 880 3519 non
892 3458 1153 3537 rerumlexemini,
1166 3475 1278 3524 censet
1291 3463 1397 3546 depu-

303 3567 402 3628 tanda.
415 3593 429 3620 n
454 3563 523 3644 (lX
537 3563 588 3628 De
608 3561 698 3628 civit.
714 3585 740 3625 c.
758 3564 813 3642 4.)
833 3562 909 3626 Meo
924 3565 1045 3642 animo,
1064 3564 1121 3628 ista
1138 3567 1163 3628 si
1180 3589 1246 3632 non
1268 3569 1393 3643 fidem,

302 3671 482 3754 gravitatem
490 3684 578 3736 sectae
588 3669 765 3745 detrahunt;
781 3683 811 3733 et
821 3670 935 3734 vellem
951 3669 1140 3734 abstinuisse.
