2886 4958
439 507 611 578 CAPUT
642 510 708 576 lV.
1042 513 1109 604 4¹19

62 663 77 702 s
97 635 227 729 quaudo
244 637 376 705 animus
392 637 601 732 intrepidus,
621 637 704 730 quid
719 638 780 705 tibi
794 638 830 704 in
845 653 911 706 tam
926 637 1026 734 longo
1037 643 1112 708 'aevo

64 753 170 821 »lacti
189 755 301 846 operis
320 755 385 838 sit,
406 778 506 846 pram
528 753 625 822 multi
642 755 745 822 vitam
766 770 854 821 tuam
877 752 1106 848 diripuerint,

64 895 78 931 ιι
99 884 129 935 te
143 893 210 936 non
225 871 390 938 sentiente
404 868 489 961 quid
500 851 680 963 perderes,
697 885 858 962 quantum
872 895 977 939 vanus
993 871 1109 956 dolor,

64 1013 78 1048 a
98 985 195 1054 stulta
209 984 344 1069 laetitia,
359 983 457 1054 avida
471 983 659 1080 cupiditas,
674 983 799 1054 blanda
813 989 1039 1055 conversatio¹
1052 987 1113 1056 ab·

64 1100 250 1186 sstulerit,
270 1126 370 1193 quam
390 1101 548 1195 exiguum
571 1099 632 1167 tibi
652 1098 694 1166 de
714 1116 772 1167 tuo
791 1098 945 1169 relictum
964 1105 1008 1170 sit
1028 1130 1036 1169 ε
1057 1104 1112 1172 in-

64 1213 249 1307 stelliges,
269 1229 303 1282 te
321 1215 534 1283 immaturum
552 1210 660 1282 mori!
682 1241 698 1278 s

105 1339 161 1404 lv.
185 1335 281 1428 Quid
299 1361 381 1430 ergo
397 1353 447 1405 est
468 1339 503 1404 in
522 1337 650 1405 causa?
667 1352 824 1430 tanquam
843 1361 976 1431 semper
992 1339 1114 1408 victuri

61 1451 188 1518 vivitis²
208 1479 215 1516 :
233 1474 406 1542 nunquam
422 1449 518 1517 vobis
536 1448 699 1544 fragilitas
717 1466 829 1518 vestra
846 1451 1024 1519 succurrit.
1041 1453 1117 1518 Nou

62 1565 242 1634 observatis
267 1581 430 1657 quantum
447 1566 518 1658 jam
546 1565 707 1657 temporis
732 1566 933 1633 transierit:
956 1567 1048 1635 velut
1076 1589 1117 1634 ex

61 1678 158 1770 pleno
178 1695 212 1747 et
227 1676 413 1746 abundanti
430 1675 594 1772 perditis,
616 1703 720 1770 quum
743 1681 877 1747 interim
897 1678 1037 1746 fortasse
1060 1679 1118 1746 ille

63 1795 153 1887 ipse,
178 1795 280 1864 alicui
296 1795 350 1862 vel
367 1795 496 1862 homini
512 1795 565 1862 rel
580 1796 628 1862 rei
645 1794 787 1864 donatus
807 1846 815 1878 ,
832 1795 970 1864 ultimus
987 1794 1116 1864 diessit.

62 1911 203 1995 Omnia,
224 1893 382 2004 tanquam
403 1911 583 1993 mortales,
605 1907 751 1980 timetis³
775 1939 782 1978 :
803 1912 914 1981 omnis
931 1962 940 1994 ,
959 1927 1120 2005 tanquam

63 2029 291 2111 immortales,
313 2029 562 2122 concupiscitis.
594 2026 721 2097 Audies
742 2029 922 2122 plerosque
945 2028 1120 2098 dicentes:

66 2143 127 2210 «A
151 2137 463 2244 quinquagesimo‘
489 2143 524 2211 in
552 2143 657 2210 otium
678 2143 832 2212 secedam
862 2171 870 2210 ι
896 2145 1122 2239 sexagesimus
1236 2199 1243 2216 ,

69 2253 241 2329 »annus⁵
267 2259 310 2329 ab
330 2259 451 2328 officiis
472 2283 526 2326 me
547 2257 700 2327 demittet
714 2255 740 2328 ⁶.
764 2288 779 2324 a
799 2263 841 2328 Et
860 2284 961 2352 quem
988 2259 1123 2342 tandem

66 2377 226 2471 longioris
247 2379 324 2445 vitae
341 2375 508 2470 praedem’
526 2376 651 2469 accipis
667 2377 772 2468 iquis
788 2377 874 2459 ists,
891 2379 989 2446 sicuti
1014 2377 1127 2472 dispo-

66 2495 135 2580 nis,
159 2496 211 2563 ire
230 2493 404 2588 patietur?
424 2495 500 2560 Non
516 2491 622 2584 pudet
640 2508 673 2560 te
698 2492 859 2585 reliquias
882 2495 959 2563 vitae
984 2494 1047 2562 tibi
1070 2519 1127 2562 re-
1152 2527 1166 2556 ι

66 2633 217 2691 servare,
235 2627 269 2677 et
283 2609 319 2676 id
333 2609 439 2678 solum
455 2623 587 2700 tempus
599 2607 695 2675 bonae
708 2610 813 2676 menti
828 2607 997 2676 destinare
1011 2660 1020 2691 ,
1036 2610 1128 2702 quod

66 2727 100 2793 in
117 2725 246 2796 nullam
267 2748 339 2793 rem
357 2722 504 2792 conferri
528 2724 660 2816 possit?
676 2724 788 2815 Quam
814 2747 927 2794 serum
944 2743 1021 2809 est,
1047 2744 1128 2800 tunc

101 2953 121 2984 r.
145 2929 257 2984 nanda
278 2930 445 2984 mmsis.
476 2925 573 2999 Nempe
622 2929 1130 3000 quibasailrilstsltilcsst,usvobismox

67 3031 122 3064 cuns
134 3009 225 3062 mica.
624 3004 746 3072 affluant,
758 3011 876 3082 temporis
889 3024 972 3064 autom
986 3015 1062 3068 vestri
1074 3017 1130 3069 n'ul·

100 3091 144 3146 Ν.
160 3091 231 3142 Aac·
247 3088 329 3142 Gaas·
345 3099 382 3140 cst
395 3085 529 3149 socordis,
552 3098 576 3138 st
623 3085 675 3137 lam
682 3103 768 3142 ,euram
776 3085 1130 3165 agitissitmetispraelcras,

68 3167 165 3222 oblivio
176 3165 342 3220 motationis
625 3181 712 3216 sensus
730 3165 778 3217 erit
795 3185 825 3217 ex
846 3166 973 3222 Gronorii
990 3170 1133 3224 scatentis:

102 3269 125 3300 2.
136 3245 278 3314 Tanquam
280 3281 321 3296 .....
326 3246 420 3296 vivitis·
429 3240 577 3294 Similells·
626 3239 751 3312 quidquid
766 3243 916 3317 possidetis,
934 3246 962 3299 id
979 3246 1050 3300 vobis
1064 3249 1134 3302 adast

70 3325 220 3377 nocritsurn
241 3321 305 3376 illud
331 3341 370 3394 ap.
394 3321 465 3374 stols
488 3319 577 3373 Flos-il.
626 3329 746 3390 tanquam
758 3321 922 3388 moriamini,
938 3325 1047 3394 qussiin
1060 3327 1132 3391 diss,

71 3405 147 3468 xvi,
157 3425 182 3476 p·
198 3403 270 3469 ¹⁵l·(
282 3399 340 3463 3³8,
352 3399 455 3452 Sciron.
466 3401 509 3464 loi
520 3421 578 3466 ou-
628 3396 680 3448 imo
698 3397 725 3448 in
741 3396 834 3468 horas,
853 3401 986 3473 perdituris
1002 3417 1045 3455 sat
1058 3403 1135 3456 'ders-

70 3484 142 3535 dolol
157 3486 202 3534 «ὃν
213 3489 254 3542 τῆς
266 3479 374 3549 μελίσσης
389 3476 451 3530 siros
461 3479 576 3546 ἴχουσιν,
627 3475 730 3530 littaris.

69 3558 216 3627 Ιῃιζόμνοι
231 3559 308 3618 sets}
321 3547 465 3624 βσυσὸμινόι.
564 3561 567 3572 ’
661 3555 686 3620 4
708 3555 937 3630 Quinquagesimo.
950 3558 1072 3632 Exemplo
1086 3559 1135 3612 mi-

104 3636 129 3690 3·
142 3634 260 3689 Timett's.
270 3632 396 3686 Omnium
406 3631 481 3686 oodd.
490 3630 580 3684 stsdd.
629 3631 716 3686 litias
734 3653 784 3704 qus
796 3647 858 3687 tunc
870 3637 967 3690 vacatio
982 3637 1135 3690 concedeba-

70 3708 582 3786 lsetio,prutrrunumPalatin.sp.Gru-
630 3710 848 3782 tur,sit1.ipsins.

71 3807 132 3859 ten,
141 3791 188 3863 qui
198 3791 412 3858 lamicensis,
423 3789 581 3864 quodmgis
663 3787 686 3837 5·
702 3787 889 3860 Sexagtsimus
903 3809 998 3844 mmet.
1015 3792 1136 3866 Exemplo

71 3891 117 3946 pro
136 3869 235 3922 librarii
252 3869 424 3932 sbsmtionc,
443 3887 519 3940 qaam
535 3887 581 3940 pro
634 3863 797 3917 Senatorum.
810 3865 883 3920 cte.
895 3867 977 3932 so,3.

70 3969 132 4003 vers
159 3961 183 4000 st
205 3948 308 4020 antiqua
328 3947 436 4000 lectione
457 3945 581 3999 helsum:
663 3939 745 3994 &Ab
761 3943 853 4015 ‹ffict'r's
854 3981 894 3996 .....
911 3947 1062 4001 finium.
1075 3948 1137 4000 ain
1206 3961 1213 3974 ·

72 4026 208 4080 &onorio
223 4039 308 4079 tamsn
325 4045 375 4100 pru
393 4023 492 4098 vulgata
508 4024 582 4077 valde
632 4019 711 4070 otium
721 4021 845 4074 secedam.
974 4039 976 4046 ·

73 4105 179 4179 placuit.
191 4102 529 4160 Inconstantiamhominum
541 4122 582 4154 re·
667 4115 689 4159 7.
700 4097 831 4152 Prodem.
841 4101 938 4156 Gallico
946 4111 1051 4174 prun!-
1058 4107 1079 4156 Α
1087 4123 1137 4178 pre

72 4183 208 4257 prehendit
218 4183 314 4236 Senes·
323 4200 329 4233 :
338 4193 418 4235 cetera
431 4180 517 4234 omnia
525 4199 582 4233 eum
634 4187 657 4228 et
669 4174 727 4230 dare
738 4213 745 4240 ,
757 4176 828 4247 qussi
840 4177 884 4248 qui
900 4192 1009 4253 prestet,
1021 4183 1066 4236 det
1080 4198 1138 4251 pm

71 4261 166 4315 timore
185 4260 281 4316 ltsbstis
303 4271 422 4331 tanquam
445 4257 581 4322 homines,
632 4255 688 4309 aliis
701 4254 867 4311 fidemsuam·
1023 4271 1025 4278 ’
