2926 4958
296 415 345 524 ὀι
507 458 538 524 J.
564 403 726 527 trusit
749 455 1196 528 msunnuemoms

314 601 419 660 minem
435 601 554 676 mutem,
570 614 622 662 aut
637 601 766 663 Amicus.
776 627 792 655 n
812 597 873 662 Sed
893 614 964 662 nota
986 601 1077 684 igitur
1090 615 1120 664 et
1133 602 1288 666 character
1300 600 1374 664 Boni

314 707 499 791 praecipuus,
513 705 672 769 Prodesse.
685 705 732 769 Ita
745 704 890 770 Clemens
899 703 1146 791 germanissimus
1156 729 1236 792 saepe
1247 706 1374 771 Stoicus:

316 813 465 876 «Bonum
478 812 585 898 igitur,
595 835 653 895 qna
667 813 806 886 Ronmn,
819 813 895 876 nihil
908 814 989 876 aliud
1000 835 1091 896 quam
1102 818 1235 898 prodest.
1246 841 1260 870 ιι
1270 813 1346 892 (Lib.
1359 814 1381 876 l.

315 919 435 1005 Paedag.
453 942 519 1004 cap.
536 919 585 1004 8.)
600 920 692 1002 Quod
706 921 737 982 in
752 919 824 983 Deo
841 920 944 984 videre
959 935 1025 997 est,
1041 943 1159 984 summe
1173 921 1281 995 Bono;
1298 936 1326 984 et
1337 925 1382 1005 ju·

316 1041 406 1090 vante
420 1050 542 1112 semper
558 1027 659 1091 Patre.
674 1025 716 1088 Et
729 1029 799 1108 qnia
814 1027 903 1112 igitur
917 1027 1021 1105 Utile,
1037 1027 1107 1090 binc
1122 1029 1182 1090 illae
1201 1029 1267 1091 aliae
1280 1029 1383 1091 delini-

315 1137 414 1199 tiones
425 1137 465 1198 ab
474 1137 604 1200 ellectu:
620 1164 634 1191 u
648 1134 740 1219 Quod
754 1139 792 1198 ad
804 1157 836 1198 se
848 1136 972 1200 invitat:
987 1135 1078 1218 Quod
1093 1137 1131 1200 sit
1144 1139 1356 1221 expetendum
1370 1163 1384 1190 a

317 1256 347 1306 et
357 1244 443 1306 tales.
451 1242 522 1305 Alia
538 1244 629 1305 etiam
640 1265 711 1306 mox
724 1241 889 1306 inLaertio
904 1268 912 1304 t
926 1273 941 1298 ιι
952 1243 1052 1306 Aliter
1062 1265 1136 1306 vero
1149 1259 1179 1306 et
1191 1245 1234 1308 sic
1248 1244 1386 1306 deliniunt

318 1350 443 1433 proprie
462 1348 602 1425 Bonum,
613 1347 704 1430 Quod
720 1349 892 1412 absolutum
906 1351 944 1412 sit
958 1353 1123 1413 secundum
1136 1348 1287 1413 Naturam
1298 1348 1388 1432 partis

318 1456 521 1520 Rationalis.»
537 1455 596 1519 Est
608 1457 747 1540 superior
767 1458 832 1541 ipsa
845 1455 1006 1541 Diogenis,
1023 1458 1082 1520 nisi
1095 1457 1177 1540 quod
1190 1461 1227 1520 de
1239 1456 1387 1520 Rationali

231 1569 233 1572 ’
320 1565 518 1642 additum,rei
532 1563 715 1648 explicandae
725 1577 777 1626 aut
787 1565 993 1626 tenninandae.
1003 1562 1274 1648 Namsimpliciter
1283 1563 1391 1628 Secun-

320 1674 392 1734 dum
406 1671 558 1734 Naturam
573 1674 599 1734 si
615 1672 697 1735 dicas
710 1716 719 1748 ,
734 1672 872 1732 rideatur
887 1671 996 1734 cavillo
1006 1672 1117 1762 locus,
1136 1673 1210 1735 etin
1227 1671 1390 1734 Infantibus

320 1779 412 1840 etiam
431 1779 554 1841 Bonum
569 1801 645 1842 εεεε.
662 1777 733 1842 Hoc
747 1793 868 1863 negant.
883 1775 1000 1842 Seneca
1014 1780 1074 1842 buc
1088 1781 1240 1842 ducendus
1260 1802 1268 1838 e
1293 1776 1394 1859 «Quid

321 1901 368 1948 est
384 1888 548 1948 secumdum
561 1884 735 1948 Naturam?
753 1889 834 1968 quod
848 1886 996 1969 contingit
1015 1900 1045 1947 et
1065 1886 1202 1968 protinus
1218 1900 1315 1961 nato,
1336 1904 1395 1946 non

322 1994 390 2055 dico
401 1990 525 2054 Bonum
537 2038 546 2068 ,
558 1994 612 2054 sed
623 1993 741 2054 initium
748 1991 828 2054 Boni
841 2019 856 2046 n
870 1992 937 2072 (illa
949 1992 1083 2067 semiue,
1095 1991 1251 2074 dequibus
1262 1992 1396 2068 dotum).

322 2097 427 2182 Pergit
442 2127 458 2154 u
475 2098 588 2180 :Atqui
602 2120 664 2161 non
680 2100 777 2182 magis
795 2099 894 2161 insans
908 2099 1006 2162 adhuc
1020 2098 1101 2160 Boni
1116 2119 1210 2183 capax
1225 2113 1293 2176 est,
1310 2120 1399 2180 quarn

324 2206 429 2282 arbor,
446 2219 498 2266 aut
513 2217 631 2267 mutum
646 2205 769 2286 aliquod
784 2204 906 2266 animal.
921 2202 1025 2287 Quare
1040 2219 1142 2266 autem
1154 2202 1280 2266 Bonum
1296 2207 1328 2266 in
1339 2204 1399 2264 istis

324 2327 386 2368 non
401 2307 464 2368 est?
480 2307 550 2387 quia
566 2328 623 2370 nee
633 2303 736 2368 Ratio.
750 2304 804 2369 Oh
816 2306 876 2370 hoe
888 2307 920 2368 in
931 2306 1043 2369 infante
1053 2327 1173 2388 quoque
1184 2325 1247 2367 non
1259 2321 1320 2380 est,
1332 2327 1401 2368 nam

326 2427 356 2474 et
371 2413 441 2475 huic
454 2415 548 2474 deest.
562 2409 619 2474 Est
634 2412 758 2493 aliquod
769 2410 948 2474 Inrationale
963 2411 1076 2474 animal
1088 2437 1096 2483 ;
1113 2426 1159 2477 est
1171 2412 1316 2494 aliquod,
1329 2433 1402 2474 non-

327 2522 399 2580 dum
417 2516 579 2580 Rationale
591 2543 599 2588 ;
622 2530 667 2580 est
680 2517 862 2592 Rationale,
887 2520 940 2580 sed
955 2517 1177 2601 imperfectum.
1191 2517 1227 2580 ln
1240 2520 1332 2582 nullo
1345 2518 1404 2578 bo-

329 2648 418 2703 rum,
432 2625 554 2687 Bonum
573 2624 687 2694 :Ratio
704 2625 784 2686 istud
801 2645 903 2688 secum
918 2624 1025 2687 adsert.
1041 2623 1124 2706 Quid
1139 2645 1212 2708 ergo
1229 2625 1313 2687 inter
1327 2625 1382 2684 ista
1395 2667 1403 2698 ,

328 2755 394 2815 «με
410 2733 520 2808 retuli,
537 2732 648 2794 distat?
663 2731 840 2812 Numquam
855 2731 912 2793 erit
927 2729 1050 2792 Bonum
1063 2731 1094 2792 in
1109 2750 1168 2807 eo,
1185 2733 1268 2812 qnod
1283 2731 1409 2792 irratio-

330 2840 400 2901 nale
413 2851 479 2900 est:
495 2839 527 2900 in
541 2859 600 2914 eo,
616 2839 698 2920 quod
709 2840 845 2899 nondum
860 2835 1024 2899 Rationale
1038 2852 1102 2914 est,
1117 2851 1189 2900 tunc
1202 2859 1269 2900 esse
1285 2835 1409 2898 Bonum

329 2967 393 3008 non
409 2959 508 3029 potest
531 2971 538 3006 ι
558 2947 591 3007 in
612 2943 813 3028 imperfecto,
834 2945 898 3026 jam
913 2957 1091 3026 potestesse
1105 2943 1249 3019 Bonum,
1280 2945 1409 3005 sednon

331 3065 409 3114 est.»
425 3050 541 3134 (Epist.
558 3049 633 3132 ult.)
656 3049 715 3112 Vis
731 3051 864 3112 breviter
878 3049 940 3112 hacc
952 3071 1003 3112 me
1017 3049 1201 3133 complecti?
1222 3047 1260 3111 ln
1279 3048 1413 3111 Irratio-

330 3158 413 3234 nali,
429 3171 461 3218 nt
475 3157 588 3232 bruto,
604 3177 768 3238 numquam
784 3154 907 3218 Bonum
919 3169 965 3216 est
982 3156 1032 3216 :in
1043 3158 1178 3217 nondum
1189 3153 1371 3229 Rationali,
1385 3166 1414 3212 ut

332 3287 451 3349 puero,
471 3265 535 3346 jam
553 3277 700 3326 nonest:
717 3265 749 3325 in
768 3262 976 3346 Imperfecto,
997 3277 1031 3324 ut
1050 3263 1172 3339 adulto,
1196 3265 1248 3324 sed
1267 3263 1413 3336 indocto,

332 3377 395 3458 jam
405 3385 580 3456 potestesse
593 3415 602 3442 ,
616 3373 744 3432 sednon
759 3383 804 3432 εει
815 3395 822 3441 ;
834 3391 927 3452 quare
939 3370 951 3431 i
966 3370 1037 3451 quia
1049 3369 1175 3446 (iterum
1184 3367 1324 3448 Seneca)
1337 3397 1353 3422 α
1362 3369 1416 3428 bo-

333 3476 423 3536 minis
437 3472 629 3535 Bonumnon
641 3484 687 3532 εει
699 3470 730 3532 in
740 3470 875 3546 bomine,
886 3471 944 3532 nisi
959 3492 1052 3552 quum
1061 3471 1094 3534 in
1106 3471 1160 3533 illo
1172 3468 1267 3532 Ratio
1277 3471 1419 3556 perfecta

334 3594 387 3644 cst.
399 3609 415 3636 n
441 3578 560 3661 (lbid)
575 3577 674 3640 Antea
693 3577 765 3640 satis
782 3577 910 3639 diximus
927 3581 964 3640 de
980 3576 1199 3641 Consummata
1216 3590 1247 3639 et
1260 3577 1418 3639 Absoluta

335 3687 483 3757 Ratione;
500 3709 564 3768 quae
578 3686 644 3749 sola
658 3688 716 3748 dux
733 3688 772 3747 ad
785 3684 926 3758 Bonum,
943 3687 973 3746 id
990 3700 1051 3762 est,
1064 3685 1226 3747 Virtutem.
1239 3681 1288 3746 Et
1301 3687 1371 3768 jam
1385 3706 1420 3746 ex

333 3796 398 3856 istis
408 3795 512 3868 vides,
531 3815 585 3856 cur
599 3794 631 3854 in
644 3791 832 3854 Desmitione
845 3793 996 3869 additum,
1010 3795 1103 3875 partas
1119 3793 1303 3854 Rautnatts.
1318 3793 1421 3874 Atque

334 3902 384 3964 ltic
398 3901 526 3964 subsisto
541 3927 549 3963 ι
566 3921 661 3984 pergo
675 3913 797 3974 autem,
814 3921 852 3960 an
867 3898 994 3960 resraeno
1009 3919 1167 3982 gressum,
1184 3911 1214 3960 et
1227 3900 1422 3983 regredior?

334 4007 505 4071 Ostendent
518 4009 601 4069 enim
613 4028 645 4068 se
655 4015 687 4068 ἐι
695 4005 827 4068 offerunt
835 4004 1022 4083 Divisiones,
1034 4019 1085 4067 aut
1094 4002 1325 4070 Distinctiones
1338 4031 1348 4068 t
1360 4029 1425 4090 quae

334 4139 391 4202 pro
404 4115 506 4178 Stoico
517 4117 639 4197 quidem
651 4135 755 4189 sensu,
771 4113 873 4176 nescio
886 4135 923 4174 an
936 4133 994 4196 pro
1007 4126 1059 4174 tuo
1071 4114 1147 4174 sint:
1160 4114 1264 4174 tenuia
1276 4117 1426 4194 quaedam

335 4239 388 4286 aut
402 4222 541 4297 subtilia,
557 4235 590 4282 ut
603 4243 710 4283 verum
725 4221 822 4282 fatear
836 4243 842 4280 :
857 4239 921 4281 non
934 4235 1038 4281 tamen
1051 4219 1150 4280 iutilia
1163 4234 1215 4280 aut
1231 4220 1382 4296 inutilia,
1403 4219 1429 4281 si

336 4333 402 4414 quis
416 4343 532 4396 rectum
547 4332 660 4414 pedem
673 4342 724 4390 ant
738 4343 873 4390 mentem
888 4331 926 4391 ad
939 4327 992 4390 illa
1005 4327 1130 4412 profert.
1149 4325 1236 4410 Age,
1261 4348 1431 4410 ponamus
