2886 4958
313 423 379 514 tlt
546 421 613 488 nn
637 419 955 498 nnnvrrn'rn
980 421 1118 491 vrrre

312 569 528 646 praetexmtue
546 564 577 636 ¹,
601 551 779 644 jndicibus
797 576 873 629 reor
893 550 1153 634 commendere,
1182 567 1219 620 et
1235 553 1375 644 gretiom

310 694 404 738 suem
429 670 502 744 loto
521 669 739 762 interponere
758 683 825 738 tum
847 669 1054 752 effimeiter,
1075 682 1114 739 ut
1139 665 1292 760 quoedum
1320 673 1376 762 jn-

271 841 284 871 ,
311 792 400 864 dicia
416 807 545 864 constet
563 791 606 866 ub
621 791 680 860 illo
693 796 826 884 reptu².
838 791 919 884 Quo
932 805 1002 860 non
1013 792 1222 884 irrumperet
1234 807 1302 860 tnm
1315 793 1376 860 irn-

310 927 441 990 motura
459 908 626 983 ambitio?
641 900 770 978 eoires³
789 909 826 976 in
842 909 966 978 mulum
985 909 1133 1002 ingene,
1154 923 1189 976 et
1207 909 1374 1001 privatum

309 1045 343 1096 et
365 1027 560 1121 publicum,
583 1037 759 1098 evasuram
777 1024 871 1094 illem
889 1041 956 1094 tom
976 1047 1161 1117 prreooeem
1180 1021 1374 1094 undeciens!

308 1150 392 1218 Sero
406 1146 520 1236 itaque
533 1143 761 1235 querebatur,
783 1169 800 1210 e
816 1141 927 1212 nullus
941 1141 1007 1210 sibi
1018 1141 1120 1210 femus
1133 1142 1321 1234 ooutiqieso
1334 1169 1349 1204 n
1363 1191 1371 1218 ,

307 1279 328 1322 a
350 1277 457 1346 puero
482 1251 682 1333 seditiosus,
705 1265 740 1316 et
759 1250 831 1328 loru
851 1250 975 1344 muris.
997 1250 1220 1342 Disputatur,
1242 1251 1376 1343 unipes

308 1369 373 1458 sibi
386 1392 506 1440 manns
518 1366 682 1441 attulerit.
701 1366 820 1439 Subito
833 1367 924 1434 enirn
937 1365 1078 1438 vnlnere
1092 1389 1157 1460 per.
1172 1367 1310 1459 inguen-
1320 1389 1375 1438 ee-

308 1497 406 1574 cepto
426 1481 594 1574 collapsus
611 1495 689 1548 est:
708 1475 824 1570 aliquo
841 1477 1019 1550 dubitante
1038 1528 1046 1561 ,
1075 1503 1119 1546 an
1143 1503 1237 1550 mors
1255 1479 1375 1548 voluis·

267 1627 282 1676 3
308 1599 393 1666 tsrin
411 1590 521 1680 esset⁴
547 1623 555 1664 ι
577 1595 693 1679 nullo,
715 1619 760 1664 un
787 1596 984 1687 tempestivo
1000 1587 1025 1662 ⁵.
1047 1597 1304 1690 Supervacuum
1326 1612 1375 1664 eet

307 1735 568 1780 commemorare
583 1710 722 1804 plures,
738 1710 800 1802 qui
812 1733 917 1801 quum
931 1709 1007 1794 eliis
1020 1709 1203 1781 felicissimi
1220 1709 1374 1780 videren-

306 1847 381 1910 tur,
404 1831 468 1922 ipsi
488 1830 524 1896 in
547 1852 583 1896 se
600 1849 720 1898 rerum
740 1827 968 1902 testimonium
992 1824 1171 1908 diremerit,
1192 1827 1376 1920 prodentes

306 1968 439 2017 omnem
459 1961 570 2012 actum
588 1965 755 2012 annornm
773 1957 911 2013 suorum
926 1937 953 2008 ⁵.
976 1941 1043 2012 Sed
1065 1943 1120 2012 bis
1138 1941 1294 2033 querelis
1315 1965 1375 2012 nee

305 2061 388 2128 alios
401 2074 638 2140 mutaverunt,
656 2081 723 2137 neo
737 2081 774 2126 se
788 2059 894 2151 ipsos.
909 2059 995 2130 Nem
1007 2081 1112 2150 quum
1126 2057 1243 2128 verbu,
1252 2083 1374 2153 erupe-

305 2193 411 2258 runt,
444 2152 587 2244 affectui
617 2171 662 2242 ud
688 2173 968 2244 consuetudinem
992 2173 1224 2242 rslsbnntnriz
1258 2177 1374 2243 Vestro

306 2293 501 2362 mehercule
527 2293 618 2375 vita,
644 2290 725 2360 lieet
742 2315 846 2384 supra
866 2291 958 2360 mille
976 2315 1083 2360 annos
1101 2307 1225 2374 exeat,
1247 2294 1285 2362 in
1301 2316 1375 2360 are-

308 2412 472 2480 tissimnm
492 2409 714 2479 connehemr
734 2435 743 2476 :
762 2409 827 2478 istu
843 2409 926 2478 vitio
946 2403 1101 2478 'nullum
1127 2433 1202 2478 uon
1225 2410 1374 2479 seculum

345 2652 466 2706 uAusnr
469 2687 510 2702 .....
517 2649 816 2719 euasurus-lano·
897 2650 1375 2708 emmeramme-n-

309 2742 331 2781 te
343 2748 439 2781 annum
455 2727 533 2782 eutis
547 2746 598 2781 run
610 2727 738 2781 decimum
754 2747 816 2782 ser·
864 2749 924 2780 rum
941 2747 1054 2782 suonam·
1066 2730 1128 2784 llaee
1146 2751 1161 2783 e
1174 2731 1252 2786 oodd.
1272 2730 1375 2784 restitnit

307 2821 377 2876 tum,
390 2827 441 2879 qno
454 2817 514 2878 tege
525 2805 625 2870 virilis,
638 2821 694 2876 qun
706 2815 730 2856 et
739 2823 815 2880 pura,
865 2805 929 2859 bone
943 2805 1091 2859 Gronovius
1104 2824 1112 2859 ε
1125 2807 1157 2860 ti.
1169 2807 1194 2859 J.
1211 2807 1243 2860 Γ.
1263 2807 1375 2860 Gronov.

309 2907 327 2936 s.
338 2885 416 2938 libere
428 2884 561 2950 endiebst,
572 2895 687 2958 pretenta
697 2881 817 2954 bullaque
865 2881 940 2936 Obu.
948 2883 999 2948 111,
1009 2903 1048 2936 no·
1060 2883 1142 2939 Ante·
1153 2903 1193 2957 op.
1204 2883 1373 2938 Piueinnntn:

309 2963 406 3037 posite,
422 2963 488 3015 sumi
500 2961 603 3016 solebet.
863 2962 1064 3028 petooiomnem,
1073 2973 1119 3014 ete·
1127 2959 1375 3036 liudolpbAgrioeln

342 3061 365 3094 e.
376 3039 477 3109 Rupta.
489 3039 629 3092 Sententiae
640 3038 758 3092 extorsit:
771 3057 819 3090 un·
867 3055 925 3088 curn
943 3037 1048 3089 Eresnm
1060 3050 1140 3091 tutum
1154 3038 1204 3091 boe
1218 3037 1319 3104 delent,
1334 3038 1375 3110 qui

310 3120 342 3172 de
356 3139 414 3172 mox
427 3118 519 3172 dicitur
531 3136 538 3170 ι
551 3139 565 3166 s
576 3120 632 3170 loru
644 3116 737 3191 gervio.
747 3137 761 3164 ι
866 3127 978 3171 noento
990 3133 1060 3170 nnnc
1077 3130 1204 3189 reetptnrn
1224 3118 1378 3180 leetionern,

341 3195 365 3248 3,
379 3195 473 3250 Scires.
487 3196 550 3248 lude
564 3195 651 3272 colligi
664 3206 769 3270 poteret.
866 3213 942 3264 qnam
954 3193 1014 3247 etin
1025 3195 1076 3248 euie
1085 3195 1161 3249 codd.
1170 3196 1373 3270 mmmm

341 3273 817 3344 4Disputatur-...uoluntariorum
865 3290 980 3324 sennone
993 3271 1134 3346 interpretis
1151 3272 1266 3327 habuere
1279 3289 1304 3328 et
1321 3275 1374 3328 sul-

308 3355 367 3407 lam
382 3373 455 3428 supro
467 3355 515 3406 loc.
530 3353 596 3406 lend-
608 3373 622 3404 e
637 3352 771 3416 Cicerone,
784 3351 816 3404 de
865 3353 1222 3406 moverunt-Prodemus...
1231 3355 1375 3408 Gronovius

309 3435 368 3483 Not.
380 3433 457 3483 Deor.
465 3433 520 3496 lll,
537 3433 581 3495 33,
596 3431 703 3496 monui,
722 3429 755 3498 Q.
767 3429 816 3484 Vo·
864 3427 1374 3499 interpretetuqdeeerentee,indefensum

308 3509 373 3560 rinm
386 3528 431 3582 pro
442 3511 599 3562 interfectore
611 3509 638 3560 L.
651 3507 730 3560 Drusi
740 3505 815 3561 bebi·
865 3507 1376 3586 relinqneutm.la,qmn3rinterpret.ortt

307 3600 361 3639 tum
372 3609 431 3640 esse.
443 3589 558 3642 Fortasse
572 3609 601 3643 eo
614 3587 720 3662 respexit
729 3599 815 3640 noster
865 3583 964 3640 rmlu're
973 3599 1051 3640 secret
1060 3589 1092 3642 de
1100 3593 1216 3642 lenrvr'e.

307 3665 405 3719 verbio:
418 3669 508 3734 aliquo
520 3667 697 3718 dubitante.....
708 3675 783 3717 esset.
898 3685 920 3732 7.
930 3663 1004 3717 Nam
1015 3686 1097 3738 quum
1098 3702 1140 3718 .....
1149 3668 1315 3722 relaberentur.
1325 3667 1375 3720 Eoi

340 3747 363 3798 5.
377 3748 474 3809 Nullo,
491 3765 528 3796 an
539 3749 697 3815 tempestiva.
711 3742 812 3818 lipsio,
863 3763 889 3798 re
911 3741 1096 3796 infelicissimos
1120 3764 1171 3798 esee
1190 3761 1373 3817 quererentur,

306 3822 351 3892 qni
363 3823 390 3874 eb
401 3825 493 3874 nnlloe
505 3822 601 3896 scriptio
619 3821 716 3894 aliquot
725 3821 752 3874 in
764 3833 815 3873 ter·
863 3833 947 3874 temen
958 3819 1024 3874 nibil
1039 3833 1200 3875 mutnverunt
1212 3823 1240 3877 iu
1252 3825 1314 3880 vita
1327 3843 1375 3877 snae

304 3913 357 3952 turn
379 3901 494 3965 redurit,
516 3901 616 3954 acredo.
640 3901 735 3955 Seuere
745 3937 752 3965 ,
770 3917 814 3974 per
863 3898 1052 3954 retiouseolite.

305 3978 458 4031 anthitheses
481 3980 605 4032 efferendi
630 3998 675 4034 ene
699 3978 811 4051 cupido,
895 3977 919 4029 8.
929 3977 990 4029 Ista
1000 3981 1073 4032 uiuis.
1084 3979 1115 4032 lu
1127 3998 1184 4050 quse
1193 3981 1374 4054 projeetiestis,

303 4075 423 4127 perquem
432 4056 509 4128 digne
520 4055 610 4110 lectio!
623 4059 703 4112 Antei
713 4057 768 4109 rino
779 4053 813 4126 τᾷ
862 4053 934 4108 nullo
954 4057 1070 4127 quemvis
1089 4057 1244 4130 longissimo
1266 4073 1375 4132 temporo

302 4135 382 4184 nullo.
862 4132 1035 4206 explebuntur.
