2896 4954
335 490 491 558 stass
516 493 604 574 111,
633 493 745 559 car.
771 491 915 558 xxvi.
1099 489 1158 554 155

89 612 253 682 descensis
267 632 381 684 nostra
400 618 436 684 in
452 618 565 686 officio
583 641 701 712 parum
720 616 868 711 diligens
887 616 1010 696 fuerit,
1032 617 1067 684 in
1086 638 1159 682 ser-

89 753 190 798 mone
203 753 322 824 parum
337 731 486 802 modesta
497 743 523 817 ¹,
537 735 574 801 in
584 735 664 802 vino
677 758 798 827 parum
812 750 1016 827 temperans.
1033 733 1069 800 si
1089 731 1159 798 ira·

90 861 232 929 tuaest,
252 845 370 916 demus
383 848 434 916 illi
452 851 617 942 spatium,
632 874 701 942 quo
716 847 908 943 dispicere,
925 847 1009 941 quid
1024 847 1155 928 fecerit,

91 963 199 1054 possit
220 987 282 1032 :se
304 965 378 1057 ipse
396 965 586 1059 castigabit.
615 967 773 1058 Denique
797 965 913 1035 dabit²
933 988 1069 1058 poenas,
1090 987 1158 1031 non

91 1094 147 1146 est
159 1079 250 1171 quod
266 1101 341 1150 cunt
355 1081 414 1150 illo
427 1083 523 1175 paria
541 1083 711 1152 iaciamus.
734 1079 823 1152 Illud
844 1104 914 1150 non
930 1082 1024 1151 venit
1042 1082 1079 1147 in
1093 1077 1159 1148 dn·
1185 1091 1201 1141 ³

91 1194 209 1278 bium,
231 1197 315 1288 quin
332 1220 367 1264 se
378 1187 545 1268 'exemerit
558 1197 688 1282 turbas,
710 1215 745 1267 et
761 1199 862 1268 altius
877 1190 1047 1279 steterit³,
1064 1197 1160 1289 quis-

89 1315 172 1403 quis
202 1310 355 1406 despexit
380 1313 582 1384 lacessentes
607 1342 614 1382 :
642 1317 818 1409 proprium
843 1330 894 1384 est
918 1310 1161 1408 magnitudinis

88 1451 204 1509 verae,
228 1451 296 1496 non
318 1451 355 1496 se
380 1431 506 1498 sentire
528 1453 739 1522 percussum.
766 1432 823 1499 Sic
843 1431 998 1499 immanis
1023 1429 1095 1498 iera
1117 1427 1162 1496 ad

88 1544 250 1612 latratum
268 1567 389 1613 canum
410 1544 500 1613 lenta
527 1548 701 1638 respexit:
724 1547 774 1615 sie
793 1548 912 1616 irritus
933 1547 1065 1640 ingenti
1089 1569 1163 1614 sco-

87 1661 175 1756 pulo
193 1661 315 1730 fluctus
328 1661 480 1730 assultat.
497 1661 569 1756 Qui
585 1687 655 1732 uon
674 1665 853 1747 irascitur,
870 1665 1091 1734 inconcussus
1108 1665 1163 1732 in-

84 1778 184 1870 juria
204 1779 376 1871 perstitit,
402 1780 461 1870 qui
475 1779 665 1862 irascitur,
689 1795 799 1848 motus
821 1795 883 1849 est.
914 1780 960 1849 At
981 1781 1041 1850 ille
1060 1803 1162 1873 quem
1188 1792 1203 1855 i

90 1893 195 1961 modo
219 1893 374 1962 altiorem
399 1895 490 1963 omni
513 1895 724 1964 incommodo
747 1896 868 1988 posui,
899 1911 992 1964 tenet
1011 1895 1162 1988 quodam

89 2009 252 2104 amplexu
269 2034 434 2080 summum
448 2010 574 2080 bouum
585 2005 614 2098 ⁴3
629 2035 692 2080 nec
713 2011 842 2080 homiui
853 2027 982 2080 tantum
995 2061 1005 2096 ,
1020 2011 1080 2080 sed
1097 2013 1163 2105 ipsi

91 2127 241 2196 fortunae
258 2125 465 2222 respondet:
483 2127 607 2197 Omnia
624 2127 706 2196 licet
723 2129 844 2212 facias,
862 2129 1044 2212 minores,
1062 2152 1163 2220 quam

89 2261 132 2312 ut
152 2243 368 2312 serenitatem
388 2267 496 2312 meam
514 2241 663 2313 obducas
675 2237 701 2310 ⁵.
719 2246 820 2312 Vetat
837 2245 902 2313 hoc
917 2245 1023 2326 ratio,
1040 2245 1096 2312 cui
1109 2245 1162 2312 vi·

89 2375 163 2426 tam
187 2357 370 2452 regendam
396 2356 496 2444 dedi3
517 2358 594 2452 plus
616 2357 699 2427 mihi
717 2359 871 2427 nocitura
893 2375 944 2428 est
965 2360 1039 2440 ira,
1062 2382 1163 2450 quatu

89 2473 236 2565 injuria.
249 2471 381 2566 Quidni
392 2471 468 2565 pius
481 2473 597 2542 tillim
610 2470 729 2542 modus
742 2489 855 2542 certus
869 2489 920 2542 est
936 2500 944 2541 ε
960 2476 1024 2542 ista
1038 2497 1164 2566 quous-
1259 2496 1263 2508 ⁴

89 2613 162 2682 que
181 2613 237 2657 me
256 2589 365 2656 latura
378 2589 439 2672 sit,
456 2590 622 2659 incertum
642 2605 704 2658 est.

140 2706 274 2774 XXVI.
303 2707 410 2773 «Non
429 2729 587 2798 possum,
609 2706 746 2798 inquis,
769 2708 865 2800 pati:
887 2729 989 2800 grave
1008 2721 1081 2790 est,
1105 2707 1162 2774 in·
1190 2747 1199 2779 t

80 2822 216 2914 jur-iam
243 2823 461 2889 sustinere.»
491 2821 670 2906 Mentiris,
696 2823 773 2914 quis
795 2824 886 2891 enim
912 2823 1072 2915 injuriam
1093 2846 1162 2890 non

86 2936 306 3032 potestisne
318 2987 328 3019 ,
340 2937 401 3028 qui
414 2951 524 3031 potest
536 2937 621 3005 iram
634 2937 777 3031 tAdjiee
790 2962 902 3022 nunc,
918 2937 1011 3030 quod
1024 2937 1060 3008 id
1072 2939 1159 3033 agis,

86 3073 131 3123 ut
149 3070 186 3122 et
204 3055 291 3122 iram
310 3052 418 3136 feras,
442 3069 476 3121 et
492 3054 664 3146 injuriam.
685 3032 802 3145 Quare
821 3055 890 3124 fers
909 3056 993 3149 aegri
1008 3055 1159 3138 rabiem,

85 3186 126 3240 et
138 3169 334 3263 phrenetici
347 3170 451 3238 verba
464 3171 480 3238 P
495 3193 677 3263 puerorum
693 3186 868 3263 protervas
882 3173 1025 3240 manus?
1037 3195 1162 3263 uempe

86 3289 176 3380 quia
193 3285 354 3357 videntur
371 3287 528 3368 nescire,
545 3285 630 3377 quid
649 3286 784 3355 faciant.
805 3286 902 3380 Quid
914 3288 1074 3370 interest,
1095 3309 1162 3379 quo

127 3490 151 3521 r.
170 3467 275 3521 Parum
287 3471 412 3522 modesta.
424 3471 501 3533 Nou,
515 3488 603 3542 parum
652 3470 775 3541 quiliitsts
783 3472 887 3535 fruitur,
897 3471 1008 3540 ideoque
1014 3471 1162 3545 sapientiam

84 3547 240 3601 sumunda
252 3561 277 3600 et
287 3561 353 3601 easta
362 3569 369 3611 ;
379 3549 532 3622 ssd,parutn
544 3562 604 3602 tsm·
652 3546 722 3600 iiiam
735 3549 839 3602 stoicam
850 3563 995 3604 consecutus
1009 3561 1052 3601 cst

84 3625 571 3702 pentemimiumliberncpstuiaus.
686 3631 709 3682 5.
730 3627 900 3682 Serenitatem
924 3649 1013 3681 meam
1039 3627 1161 3680 obducas.

122 3726 149 3758 2.
161 3703 283 3772 Deuc'qrse
291 3703 380 3764 dabit,
392 3701 451 3754 dedi
460 3723 488 3755 ss
499 3702 603 3756 edition.
653 3703 860 3758 serenitatim
872 3705 951 3759 nubes
962 3705 1090 3759 obtendes.
1101 3705 1161 3758 For·

84 3784 194 3836 Erasm.
215 3779 319 3834 unbem
333 3779 365 3831 al.
385 3779 500 3844 debeat,
525 3779 605 3833 debet.
652 3781 847 3854 ssnrespexitad
856 3782 1013 3834 celeberrimi
1022 3781 1113 3856 Cynici
1120 3803 1163 3836 vo·

84 3861 131 3914 Cf.
147 3858 234 3920 inii-a,
246 3875 300 3928 rap.
313 3854 366 3920 do,
383 3876 403 3910 1.
651 3877 706 3911 cem
716 3859 760 3930 qui
773 3857 916 3912 Alexandro
928 3859 1062 3912 sciscitanti
1073 3861 1161 3930 quida

120 3936 151 3989 3.
164 3935 257 3988 Altius
265 3937 368 3987 steret-it.
381 3932 477 3986 Altiors
487 3933 515 3986 iu
523 3945 603 3986 tractu
651 3957 677 3991 ss
693 3949 802 4010 peteret,
817 3937 1017 4002 «Remoresris,
1034 3938 1162 4010 inquit,a

83 4011 251 4067 habitaverit
275 4027 351 4082 quam
368 4009 461 4084 vulgus
482 4025 506 4064 st
523 4011 604 4064 insul·
652 4011 806 4065 mensola».
884 4035 886 4040 ·

81 4091 204 4144 tantiam
216 4088 297 4140 turbs.
474 4098 477 4104 '
687 4090 781 4142 XXVI.
792 4091 860 4142 dats.
869 4092 922 4144 Nes
931 4091 1104 4163 objiciendum
1115 4106 1160 4158 cst,

122 4173 151 4234 ⁴.
171 4169 377 4238 Tenetqucdam
387 4172 515 4237 arnpleaeu
527 4187 605 4221 sum-
654 4168 773 4239 injurism
783 4168 843 4222 ferri
860 4187 912 4222 non
925 4188 1003 4242 posse.
1014 4170 1162 4242 lmpnrdeu-

82 4265 170 4298 m
181 4245 286 4298 dum
295 4245 325 4299 ld
338 4258 388 4310 cst,
401 4257 524 4318 quatenus
534 4257 605 4298 nan-
653 4257 690 4296 tss
703 4249 771 4300 snitu
787 4245 892 4318 injurias
912 4247 1039 4312 iniemnt;
1054 4261 1078 4300 et
1088 4267 1162 4322 poens
