2894 4954
190 743 256 864 L.
296 742 602 871 ANNAEI
645 745 1016 873 SENECAE

99 1065 262 1232 on
323 997 1100 1238 ononnnrtt

294 1413 493 1512 LIBER
534 1425 900 1515 SECUNDUS.

454 1707 743 1740 *-

63 1907 263 2014 co.1.Ue
281 1933 514 2006 declementin
526 1937 733 2020 scriberem,
753 1939 845 2006 Nero
859 1939 985 2020 Caesar,
1001 1961 1070 2006 nne
1085 1961 1139 2006 me
1169 1977 1177 2010 t

64 2085 127 2126 rox
134 2073 195 2126 tua
203 2055 345 2123 maxime
355 2055 519 2150 compulit
529 2085 539 2142 3
550 2079 724 2150 qnomego
732 2080 801 2123 non
811 2055 884 2123 eine
898 2052 1135 2139 admiratione,

64 2191 115 2257 ct,
129 2199 237 2267 quum
248 2171 440 2254 diceretur,
456 2169 592 2242 audisse
603 2173 774 2256 memini¹‚
791 2187 826 2240 et
836 2170 964 2240 deinde
975 2172 1141 2241 aliiennr-

64 2315 169 2360 mose.
191 2293 318 2359 Vocem
337 2313 560 2384 generosam,
581 2290 696 2384 magni
715 2289 841 2372 enimi,
862 2311 994 2384 magnoe
1018 2289 1141 2358 lenitu-

64 2408 128 2491 tis,
153 2431 230 2500 qum
257 2430 328 2474 non
353 2407 583 2500 composita²,
614 2430 679 2475 nec
702 2405 824 2474 alienis
849 2405 992 2474 auribus
1014 2400 1136 2488 'datm

61 2525 175 2594 subito
190 2525 325 2618 erupit,
348 2539 383 2591 et
401 2518 615 2593 bonitatem⁴
637 2539 728 2592 tuam
748 2548 826 2592 cum
843 2523 979 2591 fortuna
1000 2539 1059 2592 tna
1076 2522 1141 2591 liti·

94 2727 394 2783 tenementum
403 2725 534 2782 Neronem
543 2726 577 2780 ob
627 2727 753 2782 elaborate
765 2747 772 2791 ς
782 2739 812 2780 nt
822 2727 1003 2800 imperantium
1020 2727 1088 2782 dicte
1105 2749 1141 2782 re·

59 2807 159 2860 dictum
176 2806 308 2880 egregium
321 2823 328 2858 τ
341 2804 467 2858 «Vellem
480 2803 577 2858 nescire
625 2825 767 2880 sponssque
780 2807 867 2858 omnis
877 2824 936 2878 qne
948 2805 1081 2860 enbiteneo
1103 2808 1142 2859 in·

60 2883 161 2938 literas!
170 2905 185 2932 s
198 2897 223 2937 et
232 2883 394 2959 optstjurere
405 2903 496 2936 omnes
507 2883 577 2956 prin·
626 2881 692 2937 dolis
711 2885 807 2958 impetn
822 2897 846 2937 et
860 2886 1041 2954 αὗτοσχιδιαπὶ
1062 2888 1141 2940 effuse

59 2963 129 3037 cipes
144 2963 173 3018 in
186 2963 268 3022 illud,
286 2983 442 3035 aureumque
456 2963 577 3018 seculum
626 2963 719 3036 vulgus
739 2962 836 3031 credit,
855 2962 984 3016 immerito
999 2976 1101 3033 temen,
1112 2977 1144 3018 ut

59 3041 206 3097 intentari.
218 3041 578 3114 (demensigitut'Nernexi-
625 3041 773 3116 plurimum.
842 3045 846 3054 '

58 3122 204 3176 stimendus
213 3133 264 3189 est,
276 3119 388 3174 clemens
397 3120 442 3172 ille
451 3119 576 3195 princeps,
660 3119 684 3170 ³.
694 3119 798 3173 Alr'ent's
807 3118 917 3172 auribus
928 3120 1003 3173 duta.
1016 3121 1074 3174 Hoc
1085 3132 1140 3182 est,

58 3199 577 3272 eujnsnomen,utsliquisdisit,saernm
626 3198 772 3260 mandata,
791 3196 916 3250 utstatim
936 3197 963 3249 in
974 3197 1076 3271 plausus
1093 3198 1143 3250 ire·

59 3277 241 3352 imperatorem
247 3299 300 3331 non
307 3291 360 3332 tam
366 3278 492 3352 designet,
500 3298 577 3350 quem
626 3289 686 3340 tur,
703 3287 728 3327 et
738 3289 788 3329 tun
803 3274 1006 3329 mensuetudinis
1021 3275 1108 3331 lendes
1127 3296 1141 3329 e

57 3354 141 3426 ipsum
154 3355 292 3410 sevitium!
305 3355 379 3410 Certe
390 3357 577 3411 clementeriiie
627 3353 889 3428 circumstrepentibus
912 3354 1002 3408 culicis
1028 3355 1142 3409 inchoe-

56 3453 85 3484 se
96 3435 179 3506 gessit
190 3455 236 3508 per
246 3434 362 3507 quinque
373 3455 455 3490 enuos
466 3435 577 3489 ineuntis
626 3448 713 3486 rentur
724 3433 769 3486 din
780 3433 932 3506 repetendte.

55 3510 178 3586 imperii,
188 3533 243 3566 non
254 3513 360 3585 quidem
371 3515 440 3586 qnod
451 3513 514 3566 honi
528 3514 579 3566 cle·
660 3512 683 3578 4.
695 3513 734 3564 Et
749 3513 900 3565 bomtaoem.
916 3511 994 3564 Recte
1011 3509 1048 3562 sic
1068 3508 1140 3563 dedit

56 3589 206 3662 mentisque
224 3590 326 3663 ingenii
343 3593 427 3655 foret,
446 3592 490 3646 sed
508 3591 577 3665 quod
627 3592 744 3646 Gronov.
765 3591 866 3644 ecodd.
887 3590 1139 3664 peteterMuretum,

53 3661 389 3743 eliquentisper'cicuretsm
402 3671 506 3726 Seneca
517 3689 578 3745 prte-
627 3672 672 3744 qui
691 3671 811 3734 dederet,
836 3672 885 3723 sed
904 3670 1045 3722 damiatem
1059 3687 1071 3718 e
1086 3667 1141 3720 sols

54 3747 136 3819 ceptis
157 3761 182 3800 et
196 3748 286 3801 menis
297 3762 367 3802 metu
380 3750 494 3804 indolem
510 3770 577 3804 non-
626 3748 771 3820 conjecture
803 3765 878 3818 quem
908 3746 979 3819 prior
1002 3745 1141 3798 Pincisnos

53 3824 120 3877 dum
131 3845 241 3900 persons
254 3826 380 3880 essuisset.
626 3839 797 3903 proposuerat.
830 3826 961 3879 Sententia
994 3825 1074 3899 poscit
1107 3836 1140 3878 et.

92 3922 114 3955 ι.
133 3905 256 3958 Audisse
266 3909 383 3960 memini.
395 3906 483 3960 Unum
496 3928 579 3962 exem-
627 3906 683 3959 Vos
701 3905 746 3959 ille
768 3923 854 3975 neque
878 3901 938 3956 ficte
964 3915 1034 3971 eret,
1057 3902 1141 3956 subito

52 3978 113 4052 pier
125 3985 290 4036 andr'sseme
300 3991 415 4038 memini.
428 3985 507 4054 Quod
524 4006 577 4040 non
623 3984 695 4036 enim
715 3982 815 4057 erupit,
832 4001 914 4054 neque
932 3981 1023 4035 eiienis
1039 3982 1142 4035 nuribus

50 4057 92 4110 ite
102 4061 250 4133 rejieulnm.
627 4061 738 4124 dets,sed
759 4073 856 4114 neturte
874 4059 982 4113 dicentis
1010 4079 1142 4132 congrue-

89 4157 113 4188 ι.
128 4139 201 4210 Qnoe
214 4159 267 4192 non
276 4145 429 4209 wmpost'us.
443 4141 473 4195 ld
485 4152 538 4208 est,
549 4161 578 4194 en
626 4139 677 4194 int.
690 4141 735 4194 Sic
745 4141 810 4193 bene
824 4141 940 4193 Gronov.
952 4141 1083 4194 Muretum
1094 4161 1142 4193 re-

50 4217 233 4272 conventione
260 4218 346 4290 eiique
369 4231 394 4270 et
419 4219 578 4292 premedits·
627 4219 737 4294 dergnit.
747 4219 1096 4292 -Fortunumeumlsipsio
1108 4217 1141 4270 de

50 4293 145 4361 tione,
158 4297 270 4369 ideoque
279 4294 415 4351 artificiose
427 4299 577 4351 coniectent
627 4297 750 4372 dignitate
762 4299 919 4372 impereturis
939 4296 1060 4370 explices,
1083 4315 1141 4366 quse
