2896 4954
334 379 394 452 ιρι
656 349 725 420 ou
750 347 1071 420 unumunurn

327 485 508 556 immittere
531 478 666 550 oculos'
696 482 732 548 iu
756 480 846 548 bauo
869 481 1066 549 immensam
1091 479 1362 562 'multitudinem

327 599 538 682 diaoordem,
555 595 770 680 aeditioeam,
791 588 1045 690 impotentem³,
1060 598 1098 666 in
1111 599 1290 692 perniciem
1301 600 1367 668 alie

327 741 404 786 nam
424 737 586 806 suamque
604 711 734 806 pariter
751 707 1028 795 exaiultaturaml,
1048 715 1076 782 ei
1090 714 1155 782 hoc
1163 709 1368 808 jugum⁵ire·

287 865 303 899 ι
329 833 438 926 gerit,
454 847 488 900 et
501 831 549 900 ita
560 829 656 920 loqui
668 849 781 896 aecum
801 855 809 894 ε
830 831 933 922 «Ego
945 823 1012 897 ex⁶
1026 829 1183 898 omnibus
1193 829 1369 897 mortalibus

331 975 349 1014 ιι
370 949 484 1042 placui
497 951 523 1031 ⁷,
552 945 747 1037 eleomaque
768 969 863 1028 enm,
889 947 949 1038 qui
968 947 1005 1014 in
1027 947 1128 1014 terrie
1149 947 1289 1016 Deomrm
1309 947 1370 1015 vioe

331 1093 348 1130 ι
371 1066 557 1159 fimgerer3
573 1085 638 1157 ego
651 1063 729 1132 vitm
743 1063 904 1154 necisque
918 1062 1077 1155 gentibue
1088 1063 1229 1132 arbiter.
1246 1062 1372 1154 Qualem

332 1205 348 1244 ι
370 1180 515 1270 quiaque
532 1190 656 1246 sortem
674 1190 865 1266 statumque
882 1174 1029 1258 habeat,
1052 1176 1089 1244 iu
1103 1199 1205 1244 manu
1216 1199 1287 1244 mea
1300 1177 1374 1269 poni

332 1321 348 1360 ι
371 1309 442 1362 tum
461 1308 537 1379 αις
558 1290 643 1384 quid
656 1292 781 1383 cuique
795 1289 987 1360 mortalium
1007 1291 1143 1360 fortuna
1154 1289 1266 1360 datum
1282 1293 1373 1372 velit,

332 1439 349 1475 ιι
371 1434 445 1479 meo
462 1433 521 1477 ore
536 1408 734 1502 pronuntiat
747 1435 756 1492 3
775 1429 816 1474 ex
830 1422 946 1476 nostro
965 1430 1126 1501 responso
1140 1409 1261 1476 letitia
1274 1433 1376 1478 oaueas

332 1559 349 1595 ι
370 1528 487 1624 populi
501 1528 671 1620 urbesque
684 1527 892 1619 concipiunt.
908 1525 1011 1594 Nulla
1022 1521 1125 1621 pars⁸
1142 1552 1301 1620 nequam,
1320 1529 1375 1596 nisi
1436 1575 1437 1578 ,

333 1673 349 1712 ι
370 1645 504 1715 volente
524 1643 740 1738 propitioque
761 1646 861 1726 mel,
884 1641 994 1711 floret.
1020 1646 1100 1712 Haeo
1119 1659 1168 1711 tot
1191 1644 1294 1712 millia
1313 1645 1376 1738 gla-

333 1789 348 1827 ι
371 1761 525 1842 diorum,
548 1781 624 1852 quae
641 1781 707 1852 pax
720 1781 795 1825 mea
808 1759 835 1792 ¹⁰
848 1759 1057 1852 oomprimit,
1079 1757 1123 1827 ad
1142 1775 1261 1828 nutum
1278 1785 1376 1829 meum
1436 1753 1437 1758 ¹

328 1945 431 2002 cedente
438 1948 571 2015 quamvis,
583 1946 657 2009 lieet,
669 1953 697 1994 nt
706 1941 833 2017 eleganter
883 1955 929 1996 tur.
943 1943 1041 1997 laudat
1053 1945 1132 1999 effare
1144 1947 1248 2000 Noatraa
1261 1946 1377 2012 Ditem,

327 2025 461 2090 aubtiteri,
477 2023 552 2076 docet
567 2023 680 2076 Gronov.
697 2020 768 2074 Idem
786 2021 834 2074 ad·
883 2033 907 2073 et
927 2021 955 2074 in
976 2022 1093 2096 gallicam
1114 2023 1230 2098 linguam
1249 2024 1378 2078 l'elieiaaime

328 2113 422 2154 vertere
431 2113 477 2166 eat,
485 2099 517 2152 de
523 2099 611 2152 Benei.
621 2099 665 2151 lib.
674 2099 718 2163 11,
730 2117 782 2171 cap.
794 2117 833 2164 ιγ,
882 2101 1015 2154 ιτιιιιιιιιίι.
1030 2101 1089 2154 vid.
1099 2103 1131 2154 ad
1144 2103 1204 2156 calc.
1215 2101 1289 2172 hujus
1298 2103 1377 2175 operis.

329 2178 412 2244 23lib.
423 2180 469 2242 lV,
478 2197 531 2250 cap.
544 2196 571 2241 a,
580 2175 610 2241 ὃς
621 2195 731 2246 namque
739 2175 834 2227 Noatro
917 2197 938 2244 7.
946 2177 1049 2232 Piocni.
1055 2179 1176 2232 Portant
1182 2199 1272 2252 nempe
1277 2179 1318 2230 vel
1326 2180 1380 2230 Pro·

328 2255 491 2313 becomiaaio
510 2273 630 2326 perquam
645 2253 767 2306 aolemnia
789 2265 834 2306 eat.
883 2253 1258 2329 videntiae,tujnaimperiorea
1267 2257 1380 2310 bamam

328 2333 367 2385 Cf.
381 2333 433 2386 Cic.
445 2331 477 2385 de
490 2329 567 2385 offic.
580 2329 624 2383 lib.
635 2331 647 2382 l
658 2367 666 2396 ,
682 2349 735 2404 cap.
744 2349 774 2384 2²
785 2369 792 2396 ‚
803 2331 833 2396 4,
882 2335 1015 2408 temperari
1025 2335 1104 2388 eredit
1113 2339 1212 2390 Noster.
1220 2334 1280 2390 Vitl.
1290 2335 1343 2388 libr.
1352 2335 1380 2385 tle

325 2413 370 2466 nbi
378 2415 402 2466 J.
414 2414 449 2465 bl.
457 2411 607 2484 lleuainger.
618 2409 758 2464 Sebwaraii
767 2413 836 2464 Tur-
883 2411 1054 2466 Providentia.
1082 2412 1153 2468 ldem
1174 2411 1307 2488 supplanti.
1329 2431 1379 2464 eum

325 2492 407 2545 aellin.
425 2491 456 2544 de
468 2489 586 2543 Particul.
599 2507 651 2562 cap.
664 2487 728 2554 rob,
740 2489 833 2542 laudat.
882 2509 943 2542 voce
954 2509 1005 2562 aeq.
1016 2493 1109 2546 electus
1118 2509 1188 2544 enm.

361 2589 381 2624 ι.
403 2571 550 2624 Imminere
563 2571 649 2621 oculos
666 2570 710 2631 in,
724 2580 769 2620 ete.
789 2567 834 2620 Si·
915 2569 939 2621 8.
952 2571 1037 2624 Nullo
1045 2589 1118 2638 para.
1131 2569 1307 2632 Generaliter3
1319 2589 1383 2641 supp.

324 2647 381 2700 mili
406 2646 497 2700 mentia
517 2645 680 2698 exsultatione
702 2643 833 2698 luxuriam
881 2652 1065 2718 autgentinm,
1078 2661 1121 2702 ant
1134 2659 1280 2711 terrorum,
1296 2660 1338 2700 aut
1348 2666 1384 2700 re-

325 2727 472 2788 Lucretiua,
492 2723 522 2778 R.
541 2723 600 2776 Nat.
619 2722 663 2776 lib.
682 2723 723 2786 Il,
739 2741 787 2774 vta.
798 2742 830 2795 9,
880 2746 938 2780 mm
951 2728 1001 2794 (de
1012 2729 1140 2798 l’empire,
1153 2731 1199 2781 des
1209 2729 1348 2800 ψοίας).

324 2821 378 2874 sqq.
394 2825 407 2850 ιι
419 2801 553 2873 Despieere
572 2800 641 2852 unde
656 2818 733 2871 queat
752 2799 829 2866 aliua,
912 2825 937 2876 9.
958 2803 1023 2858 Nisi
1041 2810 1139 2860 volente
1156 2809 1321 2876 propitioque
1340 2823 1384 2854 mo

324 2882 463 2956 paaaimque
473 2879 558 2932 videre
565 2880 656 2932 Errare
664 2914 672 2943 ,
681 2891 755 2950 atque
762 2879 830 2932 viam
881 2881 960 2951 Quasi
970 2881 1002 2934 de
1009 2883 1080 2936 Deo:
1092 2903 1150 2936 narn
1162 2903 1191 2935 ea
1201 2882 1312 2934 formula
1319 2893 1384 2932 aetna

324 2959 444 3032 palanteia
455 2977 565 3028 querere
583 2957 657 3020 vitae,
672 2956 773 3009 Certare
788 2957 830 3009 in·
879 2959 906 3012 in
918 2961 1042 3034 precando
1053 2979 1060 3013 ι
1071 2961 1135 3012 -Uri
1147 2959 1235 3012 rolens
1248 2957 1385 3034 propitius-

325 3037 418 3110 geoiu,
435 3035 585 3090 contendere
598 3035 741 3098 nobilitate,
755 3048 800 3088 etc.
814 3057 827 3084 ιι
878 3057 927 3108 que
938 3037 979 3090 aie.
990 3057 1004 3082 a

358 3132 381 3164 a.
403 3111 606 3166 multitudinem.
631 3111 770 3172 Subditoa,
795 3112 830 3164 ait
914 3133 951 3168 ro.
967 3111 1034 3166 Pa&
1045 3113 1299 3178 memllonaleetio,
1313 3132 1384 3186 quam

265 3233 271 3244 .
324 3190 454 3262 Rubkops.
474 3191 530 3265 Ego
556 3189 668 3254 dubito,
691 3207 828 3262 omnesque
879 3204 902 3243 et
921 3189 1040 3244 Erasmus
1057 3203 1163 3265 praeatat.
1183 3192 1330 3264 Statimque
1345 3209 1383 3241 oe-

323 3287 370 3320 noe
394 3267 521 3341 designari
543 3279 619 3340 puto,
641 3265 718 3319 «aive
740 3287 827 3340 reget,
878 3273 955 3324 currit
966 3273 1062 3344 capii:
1076 3269 1159 3324 «Tibi
1171 3271 1200 3323 in
1211 3283 1256 3324 rua
1269 3285 1385 3344 paceau-

322 3344 664 3419 aiveiuopeeerimueeoloni
674 3381 681 3409 ,
692 3365 705 3390 a
720 3344 830 3416 quirun·
877 3361 945 3402 mato
962 3348 1101 3402 vivendum
1118 3363 1160 3402 eat.
1172 3369 1186 3394 a
1201 3352 1285 3402 Antea
1302 3359 1383 3399 tamen

323 3445 372 3497 que
383 3423 514 3476 alieetibna
530 3423 602 3475 malis
619 3421 721 3474 obnoxii
735 3441 828 3476 eumue.
876 3427 958 3478 inerat
967 3445 1116 3495 putamen,
1128 3427 1198 3498 qnorl
1209 3427 1347 3481 obscurum
1363 3435 1385 3474 el

354 3503 378 3555 3.
397 3502 576 3570 Imapotemem.
595 3497 628 3552 Se
645 3499 725 3572 ipaam
742 3519 828 3572 regere
877 3505 1180 3569 uoluminum-Pax
1190 3523 1250 3558 mea
1258 3516 1298 3556 eat
1309 3519 1383 3574 qaam

323 3579 441 3632 neoniam.
877 3601 924 3654 ego
944 3601 1030 3655 pacem
1048 3582 1146 3656 populis
1167 3582 1228 3634 dedi
1247 3593 1272 3634 et
1290 3581 1383 3633 salvam

356 3658 379 3723 4.
392 3655 608 3707 Eaendmmmm.
623 3650 719 3704 Omnia
735 3662 826 3705 temere
875 3670 973 3730 praeto.
983 3659 1023 3710 De
1033 3679 1092 3732 paee
1104 3672 1189 3712 autem
1199 3657 1321 3711 interiore
1330 3673 1384 3706 aer-

322 3735 474 3787 turbaturam
482 3730 641 3804 ‚utjumenta
649 3729 710 3803 jugo
718 3747 826 3782 eaeuaao·
875 3753 918 3786 mo
932 3747 983 3800 eat,
995 3737 1061 3788 utin
1074 3735 1113 3788 bia
1124 3735 1286 3789 Horatium:
1302 3756 1316 3780 ι
1329 3733 1382 3802 Ego

355 3814 378 3863 5.
398 3809 457 3862 Hoc
466 3816 566 3876 iugum.
578 3808 635 3860 Κατ’
653 3810 766 3876 ippone,
778 3829 824 3880 pro
875 3831 921 3864 nee
929 3813 1074 3878 tumultum,
1085 3815 1139 3866 Nee
1146 3813 1210 3866 mori
1218 3811 1323 3887 pervim
1335 3827 1382 3859 me

318 3892 410 3954 ingram
431 3883 596 3958 simpliciter,
615 3884 687 3954 quati
707 3883 801 3935 diceret
815 3920 824 3948 ,
873 3903 958 3954 tuam,
974 3903 1073 3942 tenente
1091 3891 1188 3944 cmm
1201 3903 1277 3942 term
1288 3909 1301 3932 ιι
1316 3883 1379 3950 (lib.

322 3963 370 4018 boc
379 3966 468 4039 jugum
478 3963 519 4016 eni
525 3965 672 4016 auhmistam
682 3982 737 4016 eam
747 3963 825 4016 vides.
874 3969 928 4032 tv,
946 3968 996 4020 Od.
1008 3985 1043 4020 xv
1056 4004 1063 4030 ‚
1080 3987 1154 4020 verae.
1170 3985 1197 4037 ¹7
1209 3980 1233 4019 et
1241 3984 1304 4034 seqq
1315 3965 1343 4026 lt
1356 3969 1378 4008 ²²

352 4041 377 4095 b.
390 4045 446 4110 It'go
460 4059 514 4106 ee,
530 4054 575 4094 ete.
596 4043 632 4094 lla
643 4041 719 4094 verba
735 4041 826 4112 quibus
874 4043 914 4095 bie
922 4063 1007 4096 maana
1019 4060 1025 4095 ε
1037 4065 1050 4090 e
1061 4043 1170 4096 Custode
1177 4061 1257 4096 rerum
1269 4041 1374 4094 Cum

321 4139 346 4172 ae
368 4119 447 4193 ipenm
468 4118 565 4189 sapient
585 4119 699 4192 princepe
716 4119 827 4189 alloqui·
874 4137 928 4172 non
949 4121 1020 4173 furor
1041 4119 1145 4184 Civilia,
1170 4133 1211 4172 ant
1230 4119 1266 4170 via
1286 4113 1373 4166 exime!
