2900 4944
442 454 618 524 curor
660 431 774 522 xri.
1075 461 1140 552 517

85 583 138 653 Ait
155 586 216 652 istu
237 587 245 618 ¹
265 582 392 652 debere
420 585 633 670 contemni²3
659 607 748 668 non,
776 607 819 652 ne
846 582 991 665 habeat,
1015 585 1076 664 sed
1098 611 1142 654 ne

84 701 242 769 sollicitus
264 700 409 784 habeat3
429 722 498 768 non
514 699 623 792 abigit
635 699 695 768 illa
716 723 737 768 o
752 723 788 768 se
805 750 814 782 ,
834 699 894 770 sed
909 701 1070 769 abeuntia
1087 727 1142 770 se-

82 841 180 885 curus
206 817 436 909 prosequitur.
460 816 604 884 Divitias
625 815 762 908 quidem
793 815 852 884 ubi
878 816 983 884 tutius
1008 815 1144 886 fortuna

82 931 242 1024 deponet,
264 954 364 1022 quarn
385 930 446 1013 ibi,
468 903 560 998 uitde
582 931 655 998 sine
672 929 811 1020 querela
835 928 1010 997 reddentis
1024 953 1145 1025 recep-

81 1065 153 1115 tura
174 1061 226 1114 est
244 1048 321 1114 PM.
339 1039 445 1114 Cato³
460 1070 566 1138 quum
588 1041 743 1114 laudaret
756 1043 898 1112 Curium
912 1060 948 1111 et
966 1046 1142 1114 Corunca-

80 1164 172 1230 nium
183 1156 220 1244 ⁴,
237 1177 272 1230 et
292 1161 441 1229 seculum
457 1159 543 1229 ittud
556 1161 593 1228 in
612 1185 680 1252 quo
698 1161 887 1228 censorium
904 1155 1055 1228 crimen⁵
1070 1177 1144 1230 erat

79 1267 192 1369 paucae
201 1277 335 1370 argenti
346 1270 521 1358 lamellae⁶,
537 1273 732 1369 possidebat
745 1275 818 1369 ipse
831 1274 1112 1369 quadringenties
1129 1283 1139 1326 t

78 1395 268 1462 sestertium
283 1419 291 1460 :
307 1393 418 1461 minus
433 1394 506 1460 sine
521 1390 626 1460 dubio
645 1416 746 1486 quam
760 1392 923 1475 Crassus,
940 1393 1017 1486 plus
1032 1410 1143 1463 tamen

76 1534 175 1602 quam
199 1509 373 1577 censorius
399 1509 494 1576 Cato.
520 1507 652 1599 Majore
670 1507 797 1600 spatio,
819 1509 848 1575 si
874 1523 1138 1601 comparentur,

78 1649 239 1719 proavum
260 1625 410 1706 vicerat,
434 1647 534 1715 quam
554 1645 574 1690 a
592 1624 713 1690 Cmsso
735 1623 943 1692 vinceretur.
963 1627 1007 1692 Et
1023 1626 1052 1692 si
1071 1611 1142 1694 ma-

71 1743 166 1834 jores
185 1741 236 1809 illi
255 1740 471 1808 obvenissent
484 1761 586 1831 opqs,
604 1762 672 1805 non
693 1741 893 1830 sprevisset,
909 1763 974 1807 nec
996 1741 1087 1808 enim
1105 1767 1142 1810 se

75 1859 211 1950 sepiens
232 1855 411 1948 indignum
438 1853 517 1920 ullis
540 1851 738 1920 muneribus
760 1851 908 1920 fortuitis
932 1869 1039 1945 putat.
1066 1859 1141 1927 Non

73 1989 165 2040 amat
181 1967 331 2054 divitias,
351 1969 411 2039 sed
426 1968 553 2037 mavult
571 1995 579 2034 ς
600 1991 668 2036 non
688 1973 724 2035 in
740 1968 889 2035 animum
908 1968 1005 2052 ilias,
1027 1971 1087 2038 sed
1106 1975 1141 2040 in

72 2087 213 2157 domum
231 2089 377 2182 recipit:
400 2107 463 2152 uec
481 2083 610 2176 respuit
627 2105 813 2174 possessas,
836 2080 895 2148 sed
916 2083 1086 2167 continet,
1108 2103 1142 2154 et

73 2204 238 2297 majorem
254 2202 372 2270 virtuti
391 2223 459 2269 suae
475 2197 648 2266 materiam
661 2194 909 2266 subministrari
929 2195 1011 2266 vult.

112 2439 132 2469 ι.
144 2420 214 2471 Ista.
227 2419 247 2470 l.
259 2439 281 2471 e.
288 2437 357 2491 opes,
367 2417 455 2481 vitem,
463 2412 585 2468 veletndi·
634 2411 678 2464 ubi
693 2411 746 2465 vid.
756 2412 877 2486 leopold.
887 2413 906 2478 ).
922 2413 1028 2466 Factam
1042 2411 1091 2464 hoe
1108 2423 1144 2462 est

72 2515 134 2548 nem
141 2535 151 2559 ,
161 2508 207 2549 etc,
633 2487 682 2540 hoe
697 2486 750 2562 ipso
764 2487 869 2552 secolo,
887 2487 982 2561 dequo
998 2502 1083 2541 noster
1100 2489 1143 2541 io-

107 2595 131 2624 2.
143 2574 284 2626 contentas.
296 2569 430 2645 significet
441 2569 556 2641 itsqueh.
568 2570 584 2622 Ι.
632 2565 733 2638 quitur.
746 2585 761 2617 a
774 2565 805 2618 U.
817 2565 846 2618 C.
858 2567 914 2637 479.

71 2669 127 2702 noa
137 2669 239 2703 nmmo
250 2650 307 2704 loeo
318 2649 422 2712 heberi,
433 2647 522 2721 magni
531 2665 585 2701 non
665 2645 689 2697 6.
703 2641 838 2697 Lameuoe.
856 2644 915 2696 via.
932 2644 965 2722 ed
983 2645 1078 2698 Brevis.
1091 2646 1142 2697 vit.

68 2728 201 2783 testimari.
212 2727 366 2782 Eretautem
379 2726 405 2778 in
414 2725 482 2778 vitiis
489 2725 586 2778 Stoico·
633 2721 695 2783 ΧΠ,
714 2739 733 2772 t.

68 2826 140 2871 rum,
149 2805 266 2858 utverbis
274 2805 349 2858 sliam
360 2803 583 2876 acrulqaremvim
668 2817 690 2866 '7-
705 2795 932 2867 thdrt'rtgenties.
941 2800 961 2850 Ι.
972 2819 993 2853 e.
1002 2813 1143 2854 nostrerum

67 2884 134 2937 dere
145 2883 256 2937 solerent
263 2921 271 2950 ,
282 2897 310 2935 ut
325 2883 366 2936 vel
376 2903 390 2934 e
400 2881 524 2935 Cicerone
535 2901 583 2934 no-
632 2875 882 2948 pecuniosorum
891 2877 1028 2945 8.ι51,664
1039 2881 1069 2932 fr,
1080 2879 1143 2944 (duo

67 2975 126 3015 tmn
137 2974 182 3015 est.
195 2959 234 3014 Cf.
244 2959 277 3014 sd
285 2961 317 3014 de
329 2959 416 3014 Conse
424 2958 530 3031 ssptlt
541 2998 549 3024 ,
562 2979 584 3012 ι.
632 2956 712 3008 ferme
723 2953 852 3009 miliiones
861 2954 935 3010 Ttst.
945 2955 1072 3010 floruerit.
1079 2994 1087 3018 ,
1100 2977 1144 3010 seu

103 3037 128 3090 3.
143 3038 183 3090 M.
198 3041 270 3092 Coto.
282 3037 422 3102 Uticensis,
434 3048 461 3088 ut
471 3054 584 3108 sequen·
634 3036 743 3100 qoo,ooo
755 3033 826 3086 aurei
839 3053 855 3086 s
863 3033 1001 3090 Frederito
1011 3035 1142 3110 eppelleti;

66 3115 104 3168 tia
116 3115 218 3169 docent
227 3117 290 3170 Ceto
300 3115 369 3168 enim
379 3114 459 3186 major
467 3135 486 3166 s.
494 3134 582 3167 censo-
632 3111 729 3184 lipsius
742 3111 823 3167 decies
834 3125 941 3168 centena
952 3114 1032 3168 mittis
1044 3113 1143 3186 Philip·

66 3193 142 3258 rius,
160 3193 181 3246 si
195 3193 250 3247 lsoee
264 3192 391 3257 deessent,
406 3191 449 3249 hic
462 3191 527 3244 bene
541 3191 583 3244 lo·
631 3189 716 3264 picum
730 3191 748 3252 ).
773 3189 988 3264 Quadringentiss
1008 3193 1087 3266 Lipsii
1108 3207 1145 3246 est

66 3290 131 3323 curn
144 3271 249 3324 baberet
259 3306 266 3332 .
276 3271 368 3344 qnippe
380 3270 425 3342 qui
436 3289 475 3346 sp.
488 3269 542 3324 cie.
554 3270 582 3323 in
632 3267 848 3338 coniectumque
858 3281 941 3322 tomen
950 3267 1089 3342 digneriss
1097 3283 1142 3335 est,

66 3348 173 3402 Catone
183 3349 242 3421 mej.
255 3369 275 3402 e.
291 3347 336 3415 13,
351 3347 380 3401 ιδ
632 3357 659 3398 ut
666 3344 826 3416 reciperetur.
833 3346 932 3399 Veritas
941 3346 1091 3418 conjectore
1099 3367 1144 3421 sp-

101 3431 127 3496 4.
140 3427 181 3480 M.
194 3427 319 3492 Curium,
342 3441 366 3482 ss
382 3429 437 3482 Tib,
453 3427 582 3480 Comma-
632 3433 703 3493 paret
715 3440 744 3472 ex
760 3423 948 3495 compotatione
959 3423 1142 3496 subsequente,

65 3512 159 3572 etitem,
165 3505 342 3560 celeberrimos
352 3505 391 3560 sui
399 3505 455 3570 tevi,
464 3505 481 3560 i·
491 3524 513 3557 e.
520 3517 583 3556 tem·
632 3517 710 3570 quum
720 3498 790 3552 addit
800 3499 905 3562 Seneca,
916 3501 997 3574 megis
1005 3502 1098 3556 vietum
1111 3506 1143 3557 ab

65 3604 133 3658 pore
144 3583 209 3638 belli
223 3582 318 3656 Pyrrhi
329 3622 336 3648 ,
351 3597 451 3657 propter
461 3582 582 3654 simplici·
633 3598 663 3630 eo
671 3597 791 3649 proavum
802 3577 936 3646 Catonem,
943 3601 1019 3652 quam
1029 3603 1043 3634 a
1053 3583 1143 3638 Crasso

63 3675 148 3715 tatem
163 3681 265 3717 morum
279 3674 304 3714 et
316 3673 483 3733 paupertatem
493 3659 583 3712 leudi-
631 3654 721 3728 ipmm.
732 3655 810 3726 Atqui
822 3655 925 3710 Crassus
935 3657 973 3712 tis
986 3659 1078 3714 millies
1088 3683 1144 3734 pos-

63 3739 117 3792 bus
131 3737 237 3791 extollit.
632 3733 696 3786 sedit
706 3733 736 3784 τί.
749 3753 770 3785 e.
782 3734 917 3807 quinquies
928 3747 1033 3792 nomm.
1044 3742 1126 3794 Antea
1137 3758 1144 3792 :

102 3819 128 3870 5.
149 3815 303 3870 cerasorum
320 3818 424 3869 erinren.
443 3813 499 3868 vd.
516 3813 583 3866 Max.
633 3814 807 3880 quadragies,
821 3812 838 3864 i·
851 3833 873 3867 e.
888 3815 999 3881 assues
1011 3818 1041 3869 ir.
1062 3818 1144 3882 (Plus

64 3891 103 3958 ll,
120 3890 515 3966 qq‚expiiest:«Cornelium
526 3891 584 3942 Ru·
633 3907 708 3960 qnam
733 3889 838 3952 ¹50,ooo
859 3889 932 3943 Thai.
953 3893 1074 3960 Bonam,
1100 3915 1145 3948 sen

63 3967 154 4024 finum
177 3969 215 4023 bis
239 3970 429 4028 consulem...
452 3967 585 4021 Fabricius
633 3967 725 4030 3o,ooo
739 3969 809 4024 aursi
825 3971 917 4035 Fred.;
933 3973 1031 4045 Lipsius
1042 3988 1144 4028 centum

63 4066 165 4100 censor
183 4048 279 4101 Senatu
296 4047 391 4114 movit,
410 4048 480 4118 quod
496 4047 583 4100 decem
633 4043 713 4098 millis
736 4045 936 4121 philippicum.)
959 4050 1083 4116 Modica,
1109 4051 1145 4106 eit

63 4123 160 4196 pondo
171 4139 352 4200 argenteam
361 4125 494 4182 heberet.»
505 4123 583 4194 (coni.
632 4121 717 4195 Lips,
732 4123 772 4176 rel
784 4124 874 4200 exigno
891 4127 976 4200 potius
996 4148 1094 4182 samma
1117 4130 1145 4185 in

61 4204 126 4256 Liv.
135 4205 253 4278 Episjib.
266 4207 435 4273 14.Plut.rch.
445 4206 553 4271 salim
564 4227 584 4259 ι.
635 4199 939 4260 cstUtiesmisillosvo.
947 4207 1146 4264 Laudattdmi-
