2910 4954
341 461 496 529 sinus
522 463 602 541 111,
631 463 747 529 csr.
774 462 909 528 xxu.
1100 458 1162 550 14,

92 607 226 654 amnem
245 586 340 656 illum
356 589 447 681 regis
463 603 665 656 commeatus
681 585 891 655 auferentem
905 591 930 669 ¹,
947 609 987 654 eo
1008 611 1043 656 cc
1062 585 1161 654 reds-

92 715 243 784 cturum,
266 719 304 771 ut
327 705 463 772 transiri
488 703 681 795 calcarique
704 704 804 770 ctiam
826 725 847 770 s
867 702 1013 771 foeminis
1035 719 1158 796 posset.

93 817 169 886 Huc
186 815 313 886 deinde
325 843 459 888 omnem
478 817 650 886 transtulit
670 817 752 886 belli
767 831 967 910 apparatum
979 823 1005 899 ²,
1028 833 1062 885 et
1078 834 1162 885 tam-
1188 821 1203 872 ³

93 928 152 1000 diu
171 931 298 1000 assedit
320 934 415 1026 operi
432 981 442 1014 ,
473 929 583 1002 donec
603 957 621 1000 c
639 949 673 1001 et
696 957 782 1000 cxxx
807 927 997 1001 cuniculis³
1018 931 1162 1002 divisum

93 1048 226 1116 alveum
245 1051 281 1118 in
301 1075 356 1118 ccc
374 1065 409 1118 et
427 1074 469 1116 nx
486 1051 581 1119 rivos
598 1049 832 1146 dispergeret,
853 1064 888 1118 et
907 1051 1033 1120 siccum
1055 1051 1161 1119 reliu-

93 1181 216 1256 qucrct
227 1167 264 1232 in
278 1164 449 1234 diversum
462 1165 648 1234 fluentibus
660 1166 770 1257 aquis.
785 1165 893 1234 Periit
906 1166 1021 1258 itsque
1031 1181 1065 1234 ct
1079 1182 1163 1234 tem·

92 1307 176 1375 pus,
194 1306 317 1376 magna
330 1284 367 1350 in
381 1283 513 1376 magnis
529 1281 632 1350 rebus
641 1274 813 1374 jacturs⁴,
835 1296 870 1349 et
887 1281 1030 1350 militum
1045 1279 1159 1364 ardor,

90 1424 195 1493 quem
213 1401 344 1470 inutilis
356 1399 453 1468 labor
469 1399 594 1493 fregit,
614 1414 648 1468 ct
661 1400 791 1468 occasio
810 1397 1036 1493 aggrediendi
1056 1401 1163 1492 imps-

91 1531 205 1597 rstos,
221 1514 302 1583 dum
317 1515 376 1582 ille
391 1514 520 1582 bellum
532 1514 697 1584 indictum
710 1515 799 1583 hosti
813 1539 888 1584 cum
904 1515 1044 1584 flumine
1059 1517 1158 1608 gerit.

139 1633 258 1701 XXII.
282 1631 347 1698 Hic
366 1631 462 1700 furor
483 1631 498 1718 (
509 1629 594 1722 quid
609 1631 698 1700 enim
719 1627 813 1698 aliud
829 1653 927 1700 voces
940 1631 980 1718 t)
997 1632 1163 1700 Romanos
1192 1666 1201 1698 ι

92 1772 231 1842 quoque
245 1749 400 1841 contigit.
423 1748 462 1816 C.
482 1747 572 1816 enim
586 1739 720 1816 Caessr⁵
738 1745 852 1815 villam
868 1748 903 1814 in
918 1747 1163 1818 Herculanensi

93 1864 381 1958 pulcherrimam,
401 1862 482 1953 quia
503 1875 610 1930 mater
626 1885 686 1930 sua
703 1860 887 1953 aliquando
906 1864 942 1930 in
963 1861 1021 1929 illa
1040 1878 1163 1952 ⁸custo-

94 1975 186 2050 dira‘
204 1995 296 2064 crat,
315 1977 444 2062 dimit,
461 1977 608 2070 lecitque
629 1977 702 2068 ejus
718 2001 782 2069 per
801 1977 866 2046 boo
885 1977 1070 2046 notabilem
1092 1978 1162 2046 for-

130 2221 151 2254 t.
163 2201 244 2270 Regis
258 2207 415 2253 commeatus
427 2197 600 2272 auferentem,
650 2196 1160 2268 strpepplsuesrdrsaepissenTotumerer-

94 2297 155 2330 saus
168 2277 245 2330 lectio
258 2276 332 2329 codd.
348 2288 372 2328 et
382 2275 440 2330 edd.
457 2287 514 2326 unte
529 2273 601 2325 Pinc.
651 2273 727 2325 citum
739 2273 856 2327 bilariam
868 2275 968 2340 divisit,
982 2289 1011 2328 ut
1020 2288 1045 2328 et
1054 2275 1082 2328 in
1095 2275 1161 2328 cite-

94 2357 255 2409 etbluretum
263 2393 270 2420 ,
278 2355 324 2427 qni
333 2355 423 2408 dedere
432 2371 439 2406 t
448 2355 602 2423 regiisepuis
650 2351 715 2404 riore
728 2365 752 2404 et
762 2351 882 2406 ulteriore
894 2354 1007 2406 fluminis
1018 2353 1073 2424 ripn
1091 2371 1161 2404 exer-

93 2431 601 2505 mem,-e1sotseonjseturs:1.ipsius:
650 2430 713 2484 citus
725 2449 780 2502 pers
790 2451 897 2503 qumque
908 2433 1038 2486 cuniculos
1048 2453 1105 2486 suos
1118 2434 1161 2486 180

92 2519 152 2584 regi.
165 2513 601 2590 Commeatusauser.Groncv.eum
651 2507 752 2560 duceret
774 2510 806 2562 ad
828 2509 1020 2575 derivandum,
1043 2511 1088 2580 qui
1110 2509 1159 2562 360

94 2591 180 2662 Lipsio
189 2603 256 2643 reete
267 2591 369 2663 exponit
379 2608 386 2642 :
396 2589 526 2642 transitum
536 2587 602 2660 regis
650 2586 719 2640 rivos
731 2585 866 2641 efficerent.

93 2669 291 2742 impedientem,
303 2668 490 2742 precidentcm.
501 2666 603 2719 Dicitur
685 2666 707 2730 4.
724 2666 761 2717 In
773 2671 879 2737 mugnis
896 2667 970 2719 rebus
987 2671 1100 2728 tatum.
1117 2665 1160 2720 Sic

91 2747 162 2800 enim
170 2747 218 2817 Ep.
233 2761 297 2798 cxx:
307 2739 321 2793 si
330 2747 378 2797 lter
385 2745 451 2798 bosti
459 2745 576 2796 aufertur.
588 2765 601 2788 n
652 2743 703 2794 sere
714 2763 801 2796 omnes
813 2744 871 2797 libri
882 2765 889 2798 ι
900 2755 972 2797 antea
984 2748 1070 2796 venis.
1083 2745 1111 2796 Si
1122 2765 1161 2797 res

91 2823 177 2876 Possis
193 2835 280 2874 tamen
301 2819 466 2872 commensus
484 2817 514 2868 de
532 2817 601 2887 equis
652 2839 757 2892 magnas
779 2820 896 2884 moliris,
920 2821 1019 2874 nullum
1042 2823 1160 2894 temporis

91 2897 236 2972 intelligere
247 2917 305 2950 enm
320 2896 445 2960 Grutero,
459 2894 529 2966 quod
539 2895 601 2947 adeo
652 2908 808 2950 momentum
826 2897 953 2971 negligas.
971 2899 1059 2950 Vanis
1076 2911 1159 2952 tamen

91 2979 242 3050 petieram,
254 2974 332 3029 modo
340 2993 399 3028 nsua
411 2974 486 3045 bajus
498 2971 600 3046 signifi·
650 2992 725 3026 sensu
736 2973 805 3026 bono
816 2973 884 3027 baud
894 2986 968 3027 caret.

92 3053 200 3108 cationis
213 3065 372 3109 monstretur.
388 3051 456 3120 Regi
467 3050 553 3124 legas,
568 3071 601 3104 su
682 3054 766 3107 xxtl.
786 3055 854 3108 Atto.
873 3053 993 3128 Exempla
1010 3067 1160 3108 mausuetu-

91 3137 170 3203 ψ,
183 3133 252 3186 nibil
263 3133 371 3186 interest.
650 3133 725 3186 dinis.

126 3205 453 3278 2.Be112·appamnm.1d
467 3220 517 3270 est,
531 3225 601 3260 exer-
682 3215 705 3264 5.
720 3213 747 3265 C.
763 3211 861 3264 Casae.
873 3211 991 3286 Caligula
1007 3231 1083 3285 prope
1093 3211 1160 3264 ller-

91 3287 304 3340 eiturnadmovit.
650 3287 769 3342 culannm
788 3308 831 3342 seu
849 3289 1018 3352 Heracleam,
1038 3287 1158 3362 oppidum

125 3365 601 3420 scertusrcmmntdtnsnm:
651 3365 816 3439 Campania,
839 3367 960 3420 incendic
983 3365 1089 3419 Vesuvii
1113 3365 1160 3418 snb

90 3446 198 3518 antique
216 3444 299 3498 lectio.
319 3445 436 3498 Erasmus
452 3457 538 3498 tamen
551 3444 601 3518 legi
649 3443 708 3495 'l'ito
720 3456 744 3496 et
754 3456 838 3516 postet
846 3444 946 3517 penitus
958 3443 1084 3495 obrutum.
1094 3441 1159 3494 Sue-

89 3525 161 3578 vult:
171 3527 339 3582 cenaticum.
351 3524 476 3576 nsuvocis
486 3543 602 3597 nonpro·
651 3537 702 3576 tou.
717 3521 766 3574 Tit.
786 3522 810 3574 8.
827 3523 879 3573 Dio
899 3521 965 3574 Coss.
987 3521 1091 3584 val,
1112 3538 1158 3584 ar,

88 3601 285 3672 bsmzquidsm
302 3600 360 3652 libri
373 3603 526 3664 camimum
541 3600 601 3673 Lip-
651 3622 699 3662 sn,
713 3599 752 3653 23.
831 3647 837 3662 ,

88 3681 142 3734 sins
165 3681 298 3754 ingeniose
310 3681 457 3754 funiculis,
480 3680 511 3732 de
532 3679 601 3732 vocis
681 3679 706 3732 6.
730 3678 873 3730 Custoditu.
897 3677 996 3749 Nempe
1023 3675 1160 3749 Agrippina

87 3760 351 3814 cum'crsls'anetoritate
358 3759 499 3812 dubitantes
508 3798 514 3824 ,
524 3777 601 3828 quam
650 3756 738 3828 major,
753 3754 891 3827 Agrippina
902 3751 1048 3806 Germanici
1059 3789 1066 3816 ,
1076 3753 1102 3804 in
1110 3752 1157 3804 bac

88 3859 162 3890 nunc
186 3835 311 3891 firmatam
337 3859 388 3890 esse
412 3849 514 3890 comm.
536 3837 601 3889 Rem
651 3832 816 3902 rilla,quum
825 3831 852 3882 in
863 3829 971 3881 insulam
983 3828 1160 3880 Pandatariam

87 3917 188 3988 alioqui
213 3917 352 3971 fabulosum
376 3916 485 3969 nsnavit
508 3915 602 3986 primns
651 3909 801 3964 inersilium
812 3907 903 3970 abiret,
916 3905 1040 3960 custodita
1048 3917 1093 3972 est,
1103 3925 1160 3958 mor

90 3995 218 4048 llercdot.
228 3995 265 4048 lib
278 3997 306 4060 l,
321 4015 373 4068 cap.
390 3995 457 4066 189:
475 3997 561 4048 Διελὼν
575 3995 599 4046 s‘l
651 3985 1162 4063 interemptasnn.U.G.785.Sejsnitran·

88 4074 164 4136 (τὴν
188 4075 297 4140 espeslm
318 4073 377 4142 δίχα
392 4074 424 4138 ),
444 4071 602 4141 τχοινοτινέας
652 4067 1038 4124 dibussubTiberiobocl'actum
1047 4085 1160 4120 esseron

87 4152 212 4212 ὑποδέξας
225 4151 342 4219 decimae
356 4150 485 4214 indulsum
499 4149 535 4201 ml
551 4151 601 4201 ise·
651 4160 720 4201 stste
731 4147 810 4200 Tacit.
825 4145 916 4198 dunel.
925 4144 968 4198 tib.
977 4144 1025 4209 lV,
1035 4163 1104 4218 capp.
1114 4142 1159 4206 53,

89 4233 130 4282 ebs
142 4229 201 4296 παρ’
214 4230 320 4296 inuisspss
330 4231 357 4300 eb
368 4233 447 4297 χεῖλος
458 4235 499 4280 τοῦ
510 4225 600 4280 l'rlsdrn
653 4227 682 4292 54
692 4224 750 4290 ,lib
758 4225 792 4289 V,
801 4244 870 4298 capp.
879 4223 894 4276 3
902 4261 908 4288 ,
917 4227 939 4276 5.
947 4221 1114 4275 Sueton.'l'ib.
1123 4221 1160 4273 53.
