2886 4958
452 467 626 540 orror
652 469 717 537 vr.
812 501 815 508 ι
1054 471 1120 555 433

63 606 217 674 Catiliuus'
229 603 433 694 Clodiosquc
446 603 613 694 jactetur,
636 601 880 694 Pompeiosque
900 615 934 668 et
958 601 1121 684 Crassos,

64 722 178 809 purtim
190 718 393 788 'manifestos
408 715 585 797 inimicos,
600 716 724 809 partim
742 713 864 785 dubios
879 715 1027 798 amicos,
1045 713 1125 784 dum

65 835 242 904 duceretur
254 857 329 902 oum
345 831 544 924 republica,
561 846 597 900 et
612 830 703 898 illam
718 853 854 924 pessum
866 846 1002 898 euntem
1018 845 1123 912 tenet,

63 953 236 1020 novissimo
266 950 455 1030 abductus,
482 973 547 1016 nec
573 946 732 1016 secundis
750 947 852 1016 rebus
874 949 1032 1039 quietus,
1062 973 1128 1016 nec

62 1070 274 1138 adversorum
300 1069 459 1161 petiens,
488 1067 621 1158 quoties
651 1066 746 1133 illum
776 1069 887 1158 ipsum
916 1065 1128 1136 consulatum

64 1207 153 1252 suum
180 1207 248 1252 non
268 1182 341 1249 sine
360 1203 482 1262 eausa,
503 1179 564 1248 sed
581 1181 657 1248 sine
676 1182 745 1249 fine
765 1180 959 1262 laudatum,
981 1179 1128 1250 detesta-

66 1301 140 1368 turi
151 1322 252 1390 quem
267 1296 398 1366 flebiles
415 1318 513 1364 voces
529 1297 688 1388 exprimit
707 1298 744 1365 in
758 1295 904 1388 quadem
916 1295 964 1364 'ad
978 1296 1126 1364 Atticum
1153 1297 1169 1350 ⁵

63 1417 221 1510 epistole¹
233 1465 243 1497 ,
252 1417 321 1508 jem
337 1415 427 1484 ricto
441 1429 537 1506 petre
550 1415 711 1506 Pompeio
722 1463 732 1496 ,
745 1412 860 1482 adbuc
869 1413 940 1482 lilio
953 1415 988 1481 in
1003 1416 1127 1507 Hispo·

66 1533 117 1600 nis
146 1532 252 1600 fracto
278 1552 372 1599 arma
398 1528 612 1596 refovente?
641 1555 658 1592 n
683 1529 779 1620 Quid
799 1553 918 1624 egem,
948 1557 964 1594 s
993 1531 1125 1621 iuquit,

68 1675 82 1710 α
104 1647 183 1729 hic,
204 1646 356 1739 queris?
374 1667 491 1714 moror
512 1645 548 1712 in
572 1643 767 1712 Tusculano
789 1668 864 1712 meo
890 1645 1075 1713 semiliber.
1109 1673 1125 1707 o

65 1761 136 1830 Atia
149 1759 312 1853 deinceps
325 1757 464 1851 adjicit,
480 1758 605 1849 quibus
619 1774 654 1825 et
669 1759 819 1853 priorem
835 1775 966 1828 aetetem
981 1761 1130 1855 complo-

65 1892 137 1959 ret,
158 1875 253 1945 etde
272 1875 431 1969 praesenti
450 1874 629 1965 queritur,
647 1889 682 1942 et
695 1872 738 1942 de
755 1874 869 1943 lutura
884 1873 1052 1969 desperat.
1070 1877 1131 1945 Se'-

67 1991 257 2060 miliberum
274 2015 309 2059 se
329 1989 414 2058 dixit
436 1987 576 2058 Cicero!
598 2007 634 2058 st
653 1991 864 2059 mehercules
882 2017 1057 2084 nunquam
1074 2018 1128 2062 se-

68 2106 161 2197 piens
176 2106 213 2172 in
223 2119 289 2172 tem
299 2103 426 2172 humile
437 2127 558 2171 nomen
573 2103 755 2196 procedet,
771 2128 945 2197 nunquam
958 2106 1132 2175 semiliber

68 2219 132 2287 erit
149 2243 157 2283 ε
180 2220 321 2313 integre
336 2241 471 2313 semper
482 2217 651 2287 libertatis
662 2234 696 2286 et
708 2217 846 2301 solidae,
865 2218 1015 2302 solutus,
1032 2238 1066 2288 et
1079 2223 1131 2290 sui

64 2335 173 2426 juris,
193 2336 292 2407 altior
307 2336 443 2404 ceteris.
466 2334 562 2427 Quid
580 2335 671 2402 enim
689 2357 792 2428 suprs
810 2359 886 2403 eum
907 2352 1017 2429 potest
1034 2361 1129 2422 esse,

66 2453 123 2542 qui
144 2476 248 2546 supra
268 2451 435 2518 fortunam
455 2452 537 2519 est?
624 2485 626 2492 ·

114 2571 173 2638 Vl.
191 2569 308 2638 Livius
319 2570 498 2650 Drusus²‚
520 2569 573 2638 vir
586 2590 666 2637 eeer
684 2585 719 2637 et
735 2570 943 2654 vehemens,
961 2597 1066 2665 quum
1082 2573 1134 2642 le-

70 2709 125 2778 ges
147 2709 251 2755 noves
268 2701 304 2754 et
322 2685 410 2754 mula
429 2685 629 2754 Gracchana
645 2688 825 2770 movisset,
842 2689 984 2782 stipatus
1002 2691 1134 2785 ingenti

69 2804 169 2872 totius
195 2802 299 2872 lutiae
317 2819 432 2886 coetu,
458 2802 583 2870 exitum
601 2825 716 2870 rerum
732 2826 799 2872 uon
817 2804 1024 2896 providens,
1051 2832 1136 2900 ques

69 2943 130 2988 nec
147 2943 254 3012 agere
269 2919 415 3002 licebat,
430 2919 574 3011 necjem
589 2917 734 2987 liberum
753 2935 827 2987 erat
839 2921 942 2988 semel
962 2924 1136 2994 inchoatos

70 3031 293 3126 relinquere,
323 3048 514 3102 exsecratus
538 3032 724 3123 inquietum
745 3055 766 3098 s
790 3033 985 3126 primordiis
1003 3038 1133 3123 ritem,

71 3145 202 3216 dicitur
210 3146 334 3215 dixisse
353 3173 361 3212 ι
381 3173 396 3206 α
419 3146 486 3214 Uni
505 3145 592 3227 sibi,
608 3169 673 3213 neo
684 3167 792 3239 puero
806 3145 963 3240 quidem,
987 3175 1138 3244 unquam

75 3289 90 3325 u
113 3264 215 3332 feries
235 3263 428 3356 contigisse.
451 3289 467 3325 u
494 3261 605 3330 Ausus
627 3261 718 3328 enim
743 3276 777 3330 et
797 3262 946 3355 pupillus
966 3263 1080 3338 adbuc
1104 3285 1140 3338 et

71 3525 251 3583 ruerentque
264 3511 360 3564 Seneca
368 3511 399 3562 de
409 3509 532 3562 Cicerone
544 3507 582 3582 'pt-
630 3505 674 3560 lib.
687 3506 759 3573 Xlll,
770 3507 802 3560 sd
812 3507 886 3564 llule.
899 3509 941 3568 δι,
952 3509 996 3564 ubi
1006 3511 1141 3567 semilibe-

71 3591 140 3644 diest
151 3629 160 3657 ,
171 3588 254 3652 Livii,
268 3587 350 3640 Atinii
362 3585 504 3649 Pollicnis,
519 3585 583 3656 quin
631 3603 688 3636 mm
701 3605 727 3637 se
742 3585 794 3657 ipse
805 3583 914 3658 appellet
927 3585 1033 3654 Cicero,
1048 3610 1076 3642 ee
1091 3589 1142 3644 bno

72 3667 153 3722 totius
164 3666 320 3738 antiquitatis
331 3663 453 3738 judicium
465 3675 489 3714 et
499 3663 584 3716 bisto—
631 3681 685 3738 nqn
692 3663 828 3736 pertinere,
838 3673 976 3738 ettempus,
986 3667 1015 3719 in
1022 3689 1073 3739 quo
1081 3671 1144 3744 epis·

72 3746 110 3798 ris
126 3746 281 3798 documento
300 3755 369 3795 esset.
383 3739 529 3793 Middleton
542 3753 584 3792 tn-
632 3737 847 3814 tolebaecscripte
858 3755 907 3810 est,
920 3746 1031 3799 strerbs
1042 3748 1144 3802 docent.

71 3842 132 3877 men
145 3823 199 3897 ejus
211 3842 311 3877 esuum
325 3820 377 3894 egit
390 3817 529 3890 inlffeff
537 3819 585 3872 Ci-
666 3821 711 3872 vl.
734 3822 807 3875 Atto.
829 3821 917 3875 Livius
939 3823 1037 3880 mmm
1056 3827 1144 3882 itidem

70 3919 135 3954 cero.
633 3896 801 3971 eromplcert.
811 3897 864 3952 Alii
877 3899 951 3952 rebus
963 3901 1061 3956 levibus
1072 3926 1145 3960 oeru-

108 3973 471 4049 r.Attr'cumep.Epistolsbaet
481 3973 585 4027 interiit.
635 3973 760 4048 pstirunt

73 4057 103 4112 Si
116 4057 246 4129 hodieque
257 4067 359 4110 emtsret
367 4093 374 4120 ,
383 4056 453 4108 locus
463 4053 515 4127 ejus
525 4065 588 4106 esset
670 4075 692 4108 α.
712 4052 805 4108 lions
816 4053 934 4109 Drusus.
946 4055 1099 4113 &uferatur
1113 4062 1146 4114 ds

72 4135 171 4208 inEpp.
185 4133 265 4187 Cicer.
277 4133 343 4186 libro
355 4133 414 4199 111,
425 4133 457 4185 sd
469 4131 589 4186 Atticum·
638 4151 669 4184 eo
681 4131 712 4185 sd
729 4129 937 4185 Contolstionern
956 4133 989 4185 srl
1001 4133 1123 4191 lllereinor
1137 4179 1144 4206 ,

75 4213 144 4282 Qua
153 4225 238 4266 eutem
247 4211 344 4284 Lipsius
354 4213 451 4266 slierte
462 4209 516 4262 Cic.
524 4209 589 4282 Epp.
639 4227 692 4281 esp.
708 4208 755 4273 ιθ,
766 4209 783 4279 §
796 4207 818 4261 3.

247 4308 274 4373 l.
980 4310 1024 4375 28
