2896 4954
397 377 554 446 nrnnn
577 377 611 462 1,
629 321 745 446 ¹cnr.
771 378 799 445 1.
1070 409 1127 478 191

83 507 321 602 »stringentur
346 533 354 575 :
379 531 464 600 quas
487 509 641 577 nationes
664 507 817 578 funditus
837 508 988 579 exscindi
1001 514 1027 596 ¹,
1048 537 1132 604 quas

84 649 97 684 s
116 625 331 718 transportari
342 628 370 708 ¹,
394 622 518 716 quibus
533 623 725 692 libertatem
744 615 854 710 dari³‚
879 626 1004 718 quibus
1023 629 1129 722 eripi,

82 763 96 802 s
116 763 195 830 quos
214 763 312 834 roges
332 739 499 833 mancipia
518 737 615 822 lieri,
643 761 856 831 quorumque
874 737 976 834 capiti
1000 743 1133 836 regium

82 852 315 922 »circumdari
338 851 442 922 decus
463 868 633 945 oporteat,
664 877 740 946 quae
764 848 886 922 ruant⁴
909 855 1030 941 urbes,
1056 882 1132 950 quae

81 993 95 1030 s
114 969 283 1054 oriantur,
307 992 381 1037 mea
394 966 587 1061 jurisdictio
606 959 692 1037 est⁵.
714 969 754 1038 In
777 969 842 1038 bno
863 985 955 1039 tanta
974 971 1131 1044 facultate
1156 989 1172 1043 3

82 1109 96 1146 n
115 1109 248 1168 rerum,
265 1099 334 1154 non
353 1087 405 1153 ira
417 1108 470 1152 me
484 1082 529 1151 ad
546 1085 664 1175 iniqua
682 1083 847 1178 supplicia
859 1087 1043 1180 compulit,
1061 1114 1131 1159 non

23 1177 26 1184 ¹
81 1201 269 1294 »juvenilis
291 1204 457 1296 impetus,
482 1224 550 1268 non
570 1200 741 1270 temeritas
760 1203 933 1272 hominum
957 1220 991 1273 et
1012 1223 1131 1276 nontu-

81 1316 238 1400 rmacia,
259 1340 336 1408 quae
359 1338 448 1409 saepe
470 1315 756 1407 tranquillissimis
777 1319 971 1411 pectoribus
994 1346 1130 1415 qnoque

80 1455 95 1492 s
113 1432 308 1523 patientiam
326 1430 465 1498 extorsit
482 1455 489 1496 :
505 1454 573 1498 non
590 1431 664 1523 ipsa
679 1432 895 1502 ostendendae
909 1459 971 1534 per
983 1452 1130 1507 terrores

79 1569 93 1604 s
114 1545 271 1636 potentiae
285 1544 381 1625 dira,
403 1542 463 1610 sed
482 1535 643 1633 frequens
663 1547 793 1638 magnis
812 1547 964 1640 imperiis
978 1544 996 1600 Ρ
1008 1549 1127 1643 gloria.

80 1656 315 1740 sconditum,
336 1657 438 1724 immo
460 1656 678 1724 constrictum
696 1657 789 1750 apud
807 1683 860 1727 me
886 1661 1014 1730 ferrum
1036 1667 1127 1746 lest,

78 1799 91 1834 s
111 1796 239 1842 summa
260 1770 467 1866 parcimonia
492 1769 594 1838 etiam
620 1769 774 1838 vilissimi
791 1769 1003 1868 sanguinis⁸.
1024 1779 1131 1845 Nemo

75 1961 158 2026 otium,
173 1963 237 2015 Non
254 1961 292 2013 irs
302 1977 359 2030 quse
373 1957 489 2034 procudit
503 1977 575 2011 enses
624 1957 782 2030 Verataruen
788 1961 865 2016 verba
872 1975 963 2030 essent,
971 1963 993 2016 si
1003 1964 1034 2018 sle
1042 1965 1132 2021 Romus

74 2038 103 2090 Es
120 2040 223 2092 miseras
246 2035 361 2090 inimicat
381 2036 485 2088 urbes».
505 2037 574 2088 Nau
624 2035 743 2090 incendio
753 2039 1132 2115 quodpaucispostannisitlent

74 2114 109 2168 bis
119 2115 273 2191 temporibus
282 2114 347 2168 bella
358 2114 471 2167 exstitere
483 2125 537 2166 tum
548 2114 576 2166 iu
625 2115 695 2168 Nero
705 2115 776 2187 jussit
785 2116 840 2170 lieri
848 2156 856 2184 ,
870 2118 988 2190 loquutus
1005 2120 1048 2172 ille
1061 2133 1132 2175 esset.

74 2192 172 2246 Oriente
183 2191 304 2246 adversus
313 2191 436 2256 Parthos,
449 2203 502 2243 tum
515 2190 577 2244 Ger·
658 2194 682 2244 5.
699 2193 764 2246 Meu
778 2197 924 2260 jurisdictio
939 2209 986 2251 est.
1003 2199 1059 2252 Hoc
1079 2213 1131 2266 est,

73 2269 177 2322 maniam
191 2289 279 2323 versus
290 2289 348 2324 eum
363 2268 453 2322 Frisiis
465 2281 489 2322 st
500 2268 578 2322 Ausi-
626 2269 751 2343 potestatis
770 2290 833 2324 rues:
850 2285 894 2325 est.
909 2273 1053 2328 Jnrisdietio
1073 2297 1133 2350 pro-

73 2344 152 2401 bariis.
164 2346 538 2402 vid.'rse.snnat.tih.xl11.
626 2346 679 2418 pris
697 2360 750 2400 erat
768 2361 902 2422 praetorum
922 2351 949 2403 in
968 2353 1067 2425 judiciis
1079 2355 1136 2429 pri-

105 2442 125 2476 r.
141 2425 285 2478 Eas-scindi.
305 2425 360 2479 Alii
376 2427 472 2479 eoeer'ds'.
491 2424 578 2492 Quum
627 2423 708 2490 vatis,
725 2438 749 2478 et
761 2423 837 2478 fiebat
847 2428 983 2483 veletlieto
994 2467 1001 2495 ‚
1014 2431 1054 2485 vel
1069 2433 1135 2504 judi-

75 2498 137 2553 irlem
154 2501 212 2558 btee
226 2502 277 2556 (luo
290 2503 366 2556 verbs
380 2503 495 2565 salunt,
513 2500 579 2554 nihil
628 2502 698 2556 cibus
709 2503 816 2557 dandis:
830 2506 922 2560 deinde
935 2527 994 2561 vero
1008 2509 1135 2563 Caesarum

73 2591 146 2632 muto.
159 2581 266 2634 Veteres
286 2581 354 2634 enim
372 2578 512 2655 promiscue
529 2599 581 2651 po-
629 2599 680 2633 esse
691 2581 847 2654 coepit2bine
858 2603 903 2656 pro
910 2597 1029 2656 potestate
1038 2607 1135 2640 summa

75 2656 146 2711 tuisse
164 2657 293 2711 videntur.
311 2657 351 2710 Gi.
370 2657 395 2712 J.
414 2656 445 2709 F.
457 2655 580 2729 Heusing.
629 2657 728 2712 elicitur.
741 2658 780 2712 Gi.
789 2661 890 2714 Ernesti
902 2663 972 2716 Clas.
990 2663 1042 2718 cie.
1053 2667 1137 2720 luris-

75 2734 103 2785 acl
120 2735 171 2789 Cic.
191 2735 224 2790 de
236 2735 313 2790 offic.
325 2735 370 2789 lib.
384 2737 412 2800 l,
429 2753 483 2808 eap.
495 2753 534 2786 ss.
547 2760 583 2776 -·
630 2736 708 2790 dictio
720 2752 743 2790 et
752 2738 791 2812 Εἰ.
803 2740 904 2793 Excurs.
916 2743 956 2806 ll,
971 2743 1003 2796 ael
1016 2743 1120 2798 Sueten.

79 2809 151 2879 Quos
176 2818 297 2868 mtsones
309 2815 437 2886 funditus
457 2813 582 2866 exscindi.
663 2816 996 2888 6.Nonipsaostendendoe
998 2859 1037 2878 .....
1042 2826 1137 2894 gloria.

76 2888 107 2940 Ut
136 2889 381 2964 Carthaginienses,
412 2887 581 2953 Numantini,
631 2894 1002 2974 Tse.bnnal.lib.XVl‚csp,
1015 2901 1138 2955 23:01Us

76 2965 177 3040 aliaeque
189 2981 278 3042 gentes
292 2987 349 3042 quae
366 2987 399 3020 ne
411 2985 507 3019 nomen
523 2965 584 3038 qui·
631 2971 835 3046 magnitudinem
857 2975 1042 3051 imperatoriam
1069 2980 1138 3036 cade

77 3043 129 3098 dem
140 3067 216 3100 suum
229 3066 366 3100 servavere.
632 3049 773 3123 insignium
790 3052 919 3120 virorum,
933 3058 1003 3130 quasi
1013 3058 1083 3131 regio
1099 3061 1138 3112 ss.

107 3143 130 3176 s.
149 3123 230 3194 Quas
246 3125 427 3192 transportari.
444 3121 479 3174 Ut
489 3122 583 3174 lactum
633 3127 734 3192 tinore,
753 3142 893 3184 ostentaret
903 3153 916 3180 s
931 3135 961 3186 Et
973 3135 1024 3208 ipse
1037 3137 1137 3204 Noster,

78 3200 145 3253 estin
154 3201 312 3268 sicambris,
321 3199 408 3265 Ubiis,
418 3209 465 3251 etc.
476 3217 584 3252 eamore
633 3206 665 3259 de
678 3207 718 3259 Ira
727 3245 734 3272 ,
744 3207 789 3260 lib.
802 3209 839 3275 ll,
854 3229 907 3285 cap.
918 3215 951 3278 5,
962 3213 978 3280 4
990 3231 997 3266 :
1010 3235 1023 3260 s
1033 3213 1138 3268 Volesus

78 3279 246 3350 antiquitatis,
263 3279 367 3333 bistoris
380 3275 530 3330 Jutlteorum
545 3289 585 3330 te-
633 3285 783 3356 nuper,sub
790 3286 1139 3365 DiroAngnsto,proeonsul

77 3369 164 3413 stante.
635 3361 808 3443 Asite‚quum
819 3378 941 3421 trecentos
950 3389 1000 3422 una
1008 3371 1049 3424 die
1058 3371 1138 3424 securi

109 3435 132 3488 3,
160 3433 267 3508 Quibus
288 3435 434 3490 libertatem
460 3437 529 3490 dari,
550 3435 586 3488 Ut
635 3444 809 3502 percussisset,
831 3432 949 3486 incedens
971 3435 1037 3488 iuter
1058 3437 1138 3490 cada-

78 3513 174 3568 Gncis
184 3551 192 3577 ‚
204 3515 296 3566 Perseo
305 3513 421 3578 devicto,
432 3525 477 3566 etc.
489 3513 585 3583 Quam·
635 3526 751 3572 verium,
764 3528 844 3581 groece
857 3511 1019 3584 proclamavit
1030 3515 1070 3566 :0
1084 3535 1137 3568 rem

79 3589 113 3642 ris
123 3603 186 3643 tune
202 3601 286 3642 umen
301 3609 453 3664 magnarum
469 3591 585 3664 gentium
631 3585 772 3659 regiensi»

78 3669 141 3722 nulli
153 3687 304 3723 eoncessum
315 3680 386 3732 esset,
394 3680 422 3720 ut
431 3667 537 3742 propriis
550 3665 586 3720 le·
668 3683 690 3732 7.
707 3663 820 3716 Ferrum
837 3677 883 3718 est.
903 3668 933 3718 ln
953 3668 1061 3739 antiquis
1080 3669 1139 3723 edd.

78 3747 150 3820 gibus
159 3745 399 3820 magistratibusque
411 3757 564 3819 regerentur.
634 3740 749 3812 quibbstl.
758 3745 830 3794 seiles
842 3755 897 3815 post
907 3755 946 3797 est
954 3745 1072 3818 seriptum
1083 3747 1139 3800 fuit.

108 3825 132 3892 4.
144 3823 249 3876 Ruunt.
257 3823 404 3896 Erupbatice
415 3843 461 3896 pro
474 3823 587 3876 ‹leserun-
634 3820 668 3872 Et
679 3838 784 3872 summa
793 3839 863 3888 potr.
875 3821 971 3874 nomin.
982 3841 1030 3876 cas.
1042 3835 1084 3875 est.

77 3911 132 3964 tur,
143 3913 169 3953 et
181 3899 217 3953 ael
231 3901 366 3954 minimum
384 3901 531 3975 redigantur
545 3901 587 3954 vel
669 3897 692 3950 8.
704 3897 817 3950 Summa
826 3901 988 3967 parcimoniis
1002 3903 1082 3954 etiam
1095 3905 1140 3955 vi-

77 3977 220 4031 leleantrrr.
231 3977 314 4046 Quasi
325 3977 429 4030 Caessris
439 3976 470 4030 atl
480 3973 585 4042 voiem,
635 3977 732 4028 lissims'
741 3979 886 4044 sanguinis.
897 3977 970 4030 lllins
985 3978 1036 4033 loti
1052 3981 1139 4034 eredi-

78 4068 103 4106 ut
124 4069 252 4110 terram
272 4067 344 4106 motu
367 4054 481 4128 ingenti,
501 4054 587 4106 omnia
636 4049 702 4104 cleris
711 4052 855 4106 meminisse
864 4053 986 4108 illustriss.
995 4077 1019 4109 v.
1029 4058 1139 4124 Recine,

79 4147 226 4187 corruerent
241 4145 265 4186 et
277 4133 305 4186 in
318 4131 402 4184 ruinas
423 4131 587 4184 soluerentur.
636 4131 662 4183 in
674 4131 759 4182 notiss-
772 4130 823 4183 tab.
834 4129 1015 4198 Britannicus,
1028 4139 1080 4188 Act.
1091 4137 1139 4201 lv,
