2894 4954
474 501 651 570 CAPUT
675 503 746 570 lx.
1078 503 1140 570 3¹21

79 643 157 694 sunt
173 655 180 692 :
198 628 341 696 emenda
353 629 455 696 vestis
465 679 475 710 ,
487 646 521 697 et
531 630 763 702 custodiendae
773 631 997 725 rapacissimae
1010 655 1143 716 manus,

79 743 273 813 callentium
283 744 810 838 detestantiumque¹ministeriis
817 745 994 814 utendum.
1008 748 1146 840 Quanto
1168 761 1187 813 6

58 858 137 926 ·ille
157 859 307 942 felicior,
324 861 383 954 qui
402 861 489 929 nihil
503 862 565 930 ulli
584 860 706 947 debet,
723 863 810 944 nisi,
832 849 887 929 cui
909 861 1067 930 facillime
1082 886 1147 932 nc-

80 993 158 1068 gat,
179 977 272 1046 sibi?
296 978 363 1067 sed
383 980 541 1070 quoniam
560 1004 629 1048 non
648 998 700 1048 cst
725 995 854 1049 tantum
872 979 1004 1048 roboris
1022 980 1143 1060 nobis,

78 1092 289 1184 angustanda
307 1107 399 1162 certe
425 1111 505 1162 sunt
520 1095 740 1188 patrimonia,
762 1109 800 1162 ut
819 1093 988 1163 minusad
1005 1095 1148 1187 injurias

78 1204 222 1284 fortunae
240 1208 342 1274 simus
355 1207 510 1301 expositi.
534 1207 706 1278 Habiliora
719 1223 798 1277 sunt
812 1231 954 1301 corpora
972 1213 984 1242 ²
999 1208 1144 1300 pusilla,

77 1336 154 1413 quae
173 1323 210 1389 in
229 1345 322 1392 arma
341 1347 400 1391 sua
417 1317 600 1392 contrahi³
621 1343 781 1419 possunt,
806 1350 906 1418 quam
925 1349 1001 1417 quse
1028 1349 1149 1418 super-

77 1437 285 1522 mudantur,
304 1456 338 1508 et
350 1439 504 1533 undique
515 1440 712 1535 magnitudo
721 1465 781 1510 sua
794 1430 994 1510 vulneribus
1003 1441 1142 1534 objecit.

76 1557 236 1649 Optimus
262 1557 414 1649 pecuniae
444 1555 563 1625 modus
588 1571 659 1640 est,
683 1559 743 1649 qui
762 1581 827 1627 nec
846 1559 882 1625 in
913 1573 1146 1652 paupertatem

75 1670 189 1753 cadit,
207 1693 270 1737 nec
283 1670 403 1762 procul
415 1694 435 1738 a
449 1687 649 1764 paupertate
667 1670 822 1741 discedit.

125 1789 190 1855 IX.
212 1785 363 1855 Placebit
376 1801 487 1854 autem
505 1787 578 1854 baec
591 1787 689 1855 nobis
708 1811 890 1869 mensura,
910 1789 938 1854 si
957 1789 1053 1881 priua
1065 1815 1146 1882 par·
1172 1831 1181 1864 ι

75 1903 224 1972 cimonia
234 1901 423 1996 placuerit,
441 1903 592 1995 sineque
604 1927 668 1971 nec
680 1904 758 1971 ullae
771 1928 852 1996 opes
866 1903 1041 1973 sufficiunt
1058 1957 1067 1990 ‚
1081 1931 1146 1975 nec

77 2021 157 2089 ullae
172 2045 240 2088 non
259 2021 339 2088 satis
355 2035 473 2112 patent
498 2047 505 2084 :
527 2021 715 2114 praesertim
735 2045 839 2113 quum
860 2022 895 2090 in
913 2023 1025 2091 vicino
1039 2049 1146 2092 remc-

76 2136 173 2204 dium
192 2137 256 2218 sit,
272 2152 306 2202 et
319 2135 425 2228 possit
437 2136 510 2228 ipsa
524 2137 751 2230 paupertasin
765 2135 899 2207 divitias
913 2161 949 2205 se
962 2189 969 2218 ‚
984 2137 1146 2208 advocata

75 2250 299 2344 frugalitate,
320 2264 530 2334 convertere.
552 2250 792 2320 Assuescamus
812 2277 831 2320 a
848 2254 946 2322 nobis
971 2277 1145 2325 removere

74 2389 233 2462 pompam
250 2415 259 2447 ,
277 2381 312 2433 et
327 2389 407 2432 usus
425 2389 538 2432 rerum
553 2415 562 2448 ‚
579 2391 647 2433 non
660 2383 857 2436 ornamenta
870 2371 983 2437 metiri
996 2365 1024 2436 ⁴.
1040 2371 1145 2440 Cibus

73 2487 198 2553 famem
209 2481 341 2563 domet,
355 2482 445 2574 potio
458 2481 547 2548 sitim
560 2508 569 2566 3
585 2481 705 2566 libido,
721 2507 787 2575 qua
799 2507 936 2554 necesse
945 2477 1029 2568 est⁵‚
1046 2487 1139 2556 fluat.

108 2739 131 2770 r.
144 2717 584 2787 Detestarrtiumque5sc.serronim.
636 2721 730 2770 metiri.
743 2719 793 2772 iles
803 2719 924 2774 estium
934 2740 964 2772 ex
973 2739 1037 2784 usu,
1052 2739 1144 2773 nones

105 2820 131 2850 s.
148 2797 264 2849 Pusillo.
280 2795 378 2848 llednsi
392 2815 405 2848 e
417 2794 550 2848 codicibus
565 2808 589 2848 et
625 2811 800 2862 ornamento,
814 2811 839 2851 et
855 2800 911 2852 illas
923 2800 949 2852 in
959 2799 1039 2872 pretio
1052 2799 1144 2853 babere

70 2877 191 2928 Erasino.
204 2873 234 2925 ln
247 2871 371 2946 plerisque
388 2873 448 2926 Mss.
468 2884 520 2924 erst
531 2875 588 2924 s'm-
636 2896 693 2947 quse
702 2877 840 2932 utilissime
850 2891 908 2952 sunt
917 2879 1008 2943 nobis,
1021 2897 1144 2950 nonque

69 2956 190 3012 becilln,
208 2965 293 3006 contra
311 2953 460 3005 sentemism
473 2953 588 3006 auctoris.
636 2955 721 3008 deeori
732 2957 812 3029 magis
824 2957 965 3009 conferunt.

70 3033 199 3084 Psnfllns
220 3031 296 3082 bomo
319 3029 454 3102 opponitur
469 3031 585 3098 grandi,
669 3037 692 3087 5.
705 3033 878 3104 libidoque
888 3051 987 3087 necesse
1006 3034 1147 3102 est,sluot.

69 3110 128 3162 sine
136 3108 414 3182 notionecontemptns.
422 3106 499 3174 Quod
507 3127 586 3178 qnnm
636 3111 698 3163 Tres
710 3125 821 3164 recenset
831 3112 858 3164 in
869 3111 918 3164 boe
928 3111 1012 3186 pbrssi
1024 3114 1144 3186 appetitus

69 3187 216 3242 Pincianus
231 3199 256 3240 et
274 3186 373 3258 Lipsius
391 3205 444 3238 non
466 3183 588 3238 advertis-
636 3189 727 3259 quibus
739 3189 878 3242 satisfacere
890 3189 1021 3242 bominem
1036 3210 1145 3244 necesss-

68 3280 129 3319 sent
139 3265 202 3332 ,ille
218 3264 323 3316 mutavit
337 3267 365 3315 irs
375 3264 457 3326 bello,
470 3262 512 3315 bie
522 3263 587 3316 msle
635 3268 702 3320 rium
715 3282 767 3333 est,
779 3269 829 3322 cibi
841 3290 948 3344 nempe,
959 3283 982 3322 et
990 3271 1110 3345 potionis,
1121 3285 1146 3325 et

67 3343 178 3417 recepit
196 3341 290 3396 Sensus
309 3355 333 3394 et
349 3361 426 3394 ncxns
441 3341 587 3415 postulant:
636 3348 751 3401 Veneris.
763 3347 828 3412 Sed,
842 3369 893 3418 qno
904 3347 981 3402 modo
995 3351 1145 3403 nstnrsexi-

66 3426 187 3492 pusillo.
637 3425 673 3498 git
684 3425 744 3492 hoe,
756 3425 806 3478 illis
817 3427 1002 3479 satisfaciamus.
1013 3429 1102 3497 Neque
1112 3427 1144 3479 sd

104 3504 132 3554 3.
156 3501 192 3551 1η
207 3519 286 3552 anna
304 3519 353 3552 sun
367 3499 490 3553 contrabi.
505 3499 586 3552 lntell.
636 3502 825 3556 convivandum
842 3523 900 3556 aves
916 3504 1105 3576 pretiosissimas
1116 3525 1145 3558 es

67 3581 97 3632 in
110 3580 234 3651 clypeum
242 3616 249 3640 ,
260 3597 312 3648 quo
323 3578 382 3631 texit
394 3597 435 3643 se,
449 3577 588 3631 subsiden-
636 3577 726 3630 ultimo
745 3581 804 3631 orbe
825 3579 917 3632 advehi
934 3600 980 3632 nos
994 3579 1143 3652 jubeamus,

67 3658 121 3720 de,
135 3655 220 3707 miles.
237 3654 279 3707 Sic
297 3655 363 3728 apud
375 3654 468 3728 virgil.
481 3653 587 3706 AEneid.
637 3676 737 3726 neque,
750 3670 778 3709 nt
794 3657 849 3730 plus
865 3659 947 3710 ventri
960 3657 1103 3730 ingeratur,
1117 3659 1144 3711 in

66 3735 143 3794 Xll,
158 3733 294 3804 fqttsllt
305 3752 331 3784 se
341 3730 443 3804 collegit
453 3732 480 3784 in
493 3752 586 3786 arms.»
632 3734 799 3796 yomitorinm
821 3753 945 3786 exeamus.
970 3735 1058 3804 Neque
1087 3735 1145 3788 vina

102 3812 155 3863 lx.
167 3812 236 3861 Atto,
251 3809 410 3862 Psrcimonia
421 3821 445 3862 et
455 3809 588 3864 continen-
636 3812 825 3884 adspernem'ur,
836 3812 885 3863 nisi
902 3811 965 3864 Chia
978 3825 1003 3863 et
1014 3813 1124 3864 Falerna
1137 3851 1144 3876 ,

59 3894 104 3950 ,tis
117 3908 190 3944 vere
201 3889 297 3943 divitiae
315 3889 494 3961 acquiruntur:
509 3891 587 3943 ideo·
636 3890 685 3952 nisi
697 3889 753 3942 colo
769 3889 865 3942 nirsrio
877 3889 972 3960 liqusts
985 3902 1008 3942 ct
1027 3889 1080 3961 ipso
1095 3889 1146 3942 fri-

64 3991 120 4043 qne
142 3989 183 4022 res
200 3981 293 4022 nostrae
312 3969 340 4020 in
356 3981 452 4022 aretum
464 3981 523 4021 sunt
540 3988 589 4021 eo·
637 3966 737 4040 gidiors
758 3966 837 4038 gelu,
860 3966 909 4017 nisi
934 3967 1084 4038 crystallinis
1104 3980 1148 4020 snt

65 4045 181 4122 gend&
193 4045 298 4098 etluxus
307 4045 405 4098 diversa
417 4065 510 4118 genera
519 4083 527 4111 ,
537 4066 588 4098 e.e.
637 4042 940 4116 smaragdinisebibends.
949 4044 1146 4114 Nequedernnm

64 4135 189 4196 sumptas
203 4123 353 4176 immodicos
375 4123 402 4175 in
424 4122 589 4177 bibliothecas
638 4121 794 4194 voluptatum
803 4118 1147 4194 ligurunorssetsebemsts

65 4203 222 4272 librosque,
234 4200 449 4254 vitsredebemns.
638 4211 696 4251 ante
712 4198 780 4251 bnne
799 4197 866 4250 diem
887 4199 1004 4252 inusitata
1023 4197 1147 4271 dispons-

103 4283 131 4347 4.
156 4277 228 4332 Usus
244 4297 345 4343 renem,
367 4299 418 4334 non
435 4289 589 4332 ornamenta
638 4295 717 4340 mus,
737 4295 819 4346 neque
842 4275 952 4329 muenia
972 4274 1078 4330 libidine
1100 4297 1146 4330 nos

249 4359 275 4425 l.
980 4380 1019 4421 ar
