2896 4954
328 496 481 564 LIBER
506 498 598 578 lll,
626 496 736 564 CAP.
765 499 909 564 XXIV.
1084 499 1142 563 153

86 636 195 712 postea
209 624 509 717 praescripserat,
531 626 704 708 recitavit,
721 639 756 692 et
769 624 972 707 combussit,
990 642 1024 693 et
1037 625 1145 694 libros

85 749 152 802 aeta
172 737 313 804 Caesaris
335 737 480 831 Augusti
505 740 718 808 continentes
740 741 775 806 in
796 739 909 832 ignem
926 739 1049 832 posuit.
1073 741 1145 806 Ini-

87 853 224 922 micitias
243 855 347 948 gessit
363 879 440 924 cum
459 858 614 942 Caesam
640 881 739 925 nemo
761 858 940 925 amicitiam
965 859 1039 950 ejus
1058 861 1144 926 exti-

84 969 183 1048 muit,
204 993 303 1038 nemo
317 973 413 1063 quasi
432 971 568 1066 fulgure
587 975 711 1040 ictum'
730 972 859 1066 refugit
877 1000 884 1039 :
901 973 967 1040 fuit
983 976 1042 1065 qui
1059 997 1146 1068 prae-

83 1083 177 1153 beret
200 1101 268 1153 tam
289 1087 381 1155 alte²
410 1088 544 1158 cadenti
568 1083 715 1158 ainum³.
737 1089 834 1158 Tulit
862 1089 950 1172 boc,
984 1105 1023 1158 ut
1048 1090 1141 1172 dixi,

84 1203 193 1271 Cesar
210 1204 399 1295 patienter,
426 1229 471 1274 ne
493 1229 535 1276 eo
559 1203 698 1298 quidem
717 1221 844 1289 motus,
874 1205 967 1298 quod
991 1205 1147 1276 laudibus

83 1317 149 1384 suis
177 1317 349 1412 rebusque
375 1323 478 1414 gestis
502 1345 620 1390 manus
643 1316 840 1390 attulerat⁴.
865 1324 1045 1414 Nunquam
1071 1346 1145 1390 cum

82 1431 212 1527 hospite
235 1435 363 1504 inimici
387 1437 439 1506 sui
464 1453 604 1529 questus
628 1453 709 1506 est:
737 1438 803 1506 hoe
823 1437 986 1508 duntaxat
1005 1440 1147 1509 Pollioni

80 1545 197 1614 Asinio
214 1546 317 1632 dixit,
334 1547 579 1650 drprorpopric⁵.
597 1554 734 1622 Paranti
752 1550 877 1622 deinde
900 1555 1147 1622 exeusationem
1173 1565 1187 1614 5

81 1663 232 1748 obstitit3
256 1669 345 1748 «Et,
367 1667 506 1750 fruere,
527 1670 662 1762 inquit,
686 1669 731 1738 mi
748 1667 881 1750 Pollio,
909 1666 1044 1736 fruere!
1071 1697 1086 1733 n
1107 1671 1150 1737 Et

81 1803 185 1870 quum
193 1779 301 1850 Pollio
314 1779 444 1852 diceret
461 1809 469 1848 ι
490 1811 506 1847 rt
517 1785 552 1854 si
562 1783 664 1876 jubes
675 1803 691 1866 ,'
706 1784 839 1864 Caesar,
859 1784 970 1850 statim
983 1783 1033 1850 illi
1051 1783 1150 1853 domo

83 1923 154 1968 mea
178 1898 378 1970 interdicam
397 1927 414 1966 o
433 1931 442 1988 3
474 1930 490 1967 ι(
508 1906 580 1972 Hoc
598 1928 652 1971 me
665 1877 826 1995 (inquit,
843 1919 943 1996 putas
956 1904 1146 1982 facturum,
1242 1947 1246 1955 ·

83 2038 187 2104 Qum
206 2039 270 2109 ego
285 2040 344 2084 vos
357 2018 393 2084 in
413 2017 795 2111 gratiamreduxerirni’
812 2045 828 2082 u
844 2020 973 2086 Fuerat
985 2019 1075 2085 enim
1088 2017 1150 2085 ali-

82 2130 219 2221 qunndo
238 2134 418 2224 Timageni
437 2131 543 2201 Pollio
562 2135 688 2214 iratus,
711 2157 775 2200 nec
790 2133 894 2200 ullam
908 2131 1008 2200 aliam
1022 2132 1151 2201 habue-

84 2261 134 2313 rat
151 2267 288 2312 oausam
307 2243 505 2327 desinendi,
523 2269 626 2337 quam
645 2245 737 2337 quod
751 2247 864 2314 Caesar
877 2261 1025 2337 ooeperat
1036 2243 1061 2313 ⁶.

129 2363 263 2432 XXIV.
285 2363 384 2431 Dicat
402 2364 517 2454 itaque
532 2363 755 2455 quisquesibi
771 2413 780 2446 ,
798 2365 934 2455 quoties
951 2363 1145 2432 lacessitur:
1179 2398 1188 2429 t
1269 2433 1275 2446 ,

80 2475 258 2568 Numquid
283 2479 455 2571 potentior
481 2503 555 2548 sum
582 2479 771 2572 Philippoi
796 2478 848 2546 illi
875 2495 987 2546 tamen
1010 2481 1150 2571 impune

82 2589 297 2658 maledictum
315 2606 377 2658 est.
408 2590 580 2683 Numquid
601 2593 637 2659 in
663 2589 761 2660 domo
787 2615 861 2659 mea
890 2591 967 2684 plus
993 2615 1147 2684 possum,

79 2725 181 2792 quam
197 2717 266 2770 toto
279 2702 362 2771 orbe
381 2718 549 2772 terrarum
567 2680 672 2773 Divus
687 2704 859 2798 Augustus
872 2706 1008 2797 potuit?
1024 2704 1081 2772 ille
1098 2719 1150 2771 ta-

80 2841 156 2886 men
178 2832 359 2892 contentus
382 2817 463 2900 fuit,
487 2841 507 2886 a
531 2821 756 2888 conviciatore
775 2843 835 2887 suo
860 2817 1033 2888 secedere.
1056 2818 1151 2910 Quid

80 2949 151 3018 est,
177 2958 285 3026 quare
300 2957 364 3028 ego
383 2937 471 3002 servi
491 2937 559 3004 mei
576 2936 721 3005 elarius⁷
742 2959 960 3028 responsum,
982 2951 1016 3003 et
1029 2951 1150 3016 eontu-

82 3054 266 3121 maciorem
293 3051 445 3134 vultum,
470 3066 504 3118 et
531 3077 598 3120 non
620 3053 875 3144 pervenientem
899 3051 1075 3144 usquead
1099 3076 1151 3120 me

117 3283 138 3316 t.
157 3263 279 3330 Fulgura
298 3266 397 3322 mmm,
419 3261 484 3312 bona
504 3259 592 3324 lectio;
642 3261 709 3314 loeda
717 3260 849 3334 derepente
857 3261 1150 3335 bumilitasobrepsissel.

73 3341 238 3409 fulguritum
248 3339 347 3412 Lipsius
356 3335 594 3411 praetulittaliisul-
675 3341 700 3405 4.
716 3340 817 3392 Manus
834 3342 966 3394 attulerat.
985 3340 1014 3394 ld
1038 3353 1092 3405 est,
1111 3360 1151 3392 eas

80 3419 254 3485 gurisr'crum.
643 3419 1151 3491 quasiintersecerat‚combustishistoriis.

114 3515 139 3548 a.
155 3495 228 3548 Tam
240 3497 300 3545 alte.
312 3493 367 3545 lloe
381 3505 431 3558 cst,
445 3505 496 3544 tem
511 3493 593 3567 palam
676 3499 698 3550 5.
712 3507 887 3566 Θημοτροφιῐς.
900 3495 1011 3548 Bestiam
1023 3497 1110 3548 nutris.

81 3573 158 3626 simul
170 3583 260 3623 ettam
273 3570 399 3643 graviter,
411 3570 446 3622 ita
460 3582 488 3621 ut
500 3571 594 3623 circum¹
675 3575 972 3643 6.Fuemr.....coepemr.
982 3572 1070 3639 Quum
1079 3586 1152 3624 antea

81 3662 215 3705 resonaret
225 3649 273 3701 late
284 3648 395 3702 cadentis
406 3648 528 3721 strepitus.
643 3653 809 3725 Timagenem
834 3664 953 3717 amasset,
973 3649 1047 3703 desiit
1067 3651 1152 3702 amici·
1178 3651 1184 3666 '

113 3729 137 3781 3.
151 3726 596 3797 Sinumlllsomnlbmtffnemo
644 3731 861 3801 tiarnhquoniam
883 3731 967 3783 Caesar
990 3749 1048 3782 eum
1068 3749 1151 3782 amare

81 3812 233 3862 amicitiam
234 3844 292 3858 .......
307 3818 373 3879 patet
389 3805 510 3858 Senecam
523 3806 595 3857 tacite
644 3821 757 3882 creperet.
779 3808 849 3860 Alias
875 3809 965 3860 Noster
990 3811 1017 3860 rb
1041 3811 1154 3862 desinere

80 3887 215 3958 publicam
227 3886 370 3938 servitutem
384 3905 440 3956 qnae
454 3884 555 3937 Claudii
573 3899 597 3937 et
644 3879 747 3938 adhibet
766 3906 810 3960 pro
829 3892 876 3940 r'roe
889 3886 976 3955 finem
1002 3889 1151 3955 imponere:

81 3965 197 4020 Neronis
214 3965 366 4037 temporibus
385 3965 449 4030 suit,
466 3963 595 4030 indicare;
645 3983 720 4035 quem
733 3982 805 4016 usum
820 3963 863 4016 bie
874 3962 976 4033 reliquit
987 3962 1093 4037 oppositi
1107 3963 1153 4016 sci-

79 4045 124 4098 sed
136 4065 187 4096 nec
196 4057 248 4095 tam
260 4042 363 4095 irridere
373 4041 536 4095 servientium
549 4041 596 4092 bu·
645 4041 702 4093 licet
713 4061 793 4094 causa.
978 4107 981 4114 Ι

80 4123 155 4176 miles
164 4123 267 4176 animoa
278 4143 352 4194 quarn
370 4123 547 4196 imperantium
559 4141 597 4175 ar·
678 4119 769 4172 XXIV.
787 4121 856 4171 aaa.
867 4117 914 4171 His
930 4118 1048 4193 exemplis
1060 4115 1091 4170 nd
1107 4117 1153 4170 itu-

81 4201 229 4274 rogantiam
246 4212 270 4253 et
287 4201 378 4266 fastus,
396 4200 487 4274 quippe
505 4200 548 4270 qui
568 4199 595 4250 in
646 4196 975 4271 cundiamrornpescendam
983 4197 1151 4264 utendqmest.

82 4289 157 4330 tensa
171 4291 262 4342 erant,
275 4277 436 4332 entremenis
444 4277 536 4330 animis
545 4289 596 4328 tam
680 4295 701 4338 ⁷·
718 4275 829 4328 Clarius.
849 4274 899 4328 Alii
919 4279 1026 4337 elatius,
1042 4277 1150 4336 durius,
