2926 4958
301 501 369 572 AD
394 501 563 571 STOIC.
589 503 799 574 PHILOS.
824 504 922 573 LlB.
950 505 1001 570 11.
1124 507 1186 593 cvij

114 645 253 720 hortatio,
265 645 340 727 quid
348 644 431 706 aliud
440 644 575 706 continet
583 644 641 706 nisi
654 645 786 708 instituta
800 643 953 708 Moralin?
965 665 1059 726 qnnm
1069 663 1142 706 vero
1153 646 1191 706 de

114 752 300 835 spluerannn
315 755 407 814 modo
418 797 427 828 ,
440 753 477 814 de
491 751 697 836 magnitudine
706 752 840 816 siderum
853 797 861 828 ,
876 765 907 814 et
916 750 1189 824 circiscelestibus,

113 859 296 943 singulisque
306 857 517 934 terrestribus,
529 871 559 919 et
568 855 687 921 Oceani
696 859 756 922 situ
766 858 913 940 loquitnr3
924 856 1058 943 Physicre
1068 859 1188 920 decreta

113 979 344 1028 commemoret.
359 964 559 1046 Aequumne
575 979 660 1026 motu
677 979 707 1026 et
720 965 948 1028 immortalitate
962 965 1069 1026 animas
1083 965 1190 1048 dispu-

112 1087 168 1148 tat,
183 1073 233 1134 cni
245 1071 323 1133 nihil
339 1084 457 1135 constat
466 1073 564 1135 inesse
579 1092 780 1155 corporeum,
793 1073 935 1155 cujusque
949 1071 1111 1134 essentiam
1124 1070 1192 1131 nul·

110 1179 153 1240 lus
165 1201 292 1256 sensus,
311 1181 364 1241 sed
379 1179 446 1241 sola
459 1177 552 1241 Ratio
566 1178 784 1262 deprehendit;
797 1179 860 1242 illic
871 1181 911 1241 ad
921 1178 1109 1241 altitudinem
1118 1175 1190 1239 Phi-

109 1285 254 1369 losophiae
273 1285 416 1348 ascendit.
426 1313 441 1341 a
451 1281 532 1359 (Lib.
546 1283 589 1359 ll,
603 1307 628 1348 c.
645 1284 713 1364 ult.)
727 1285 790 1346 Ubi
805 1287 909 1369 palam
923 1285 1017 1362 vides,
1040 1282 1191 1346 Rationa-

110 1392 168 1454 lem
183 1413 253 1454 esse
266 1437 275 1469 ,
288 1390 530 1455 Intellectualem
546 1405 614 1454 ante
624 1392 714 1454 nobis
728 1391 849 1454 dictam
859 1391 960 1473 Atque
973 1392 1013 1453 ita
1028 1391 1110 1453 idem
1121 1389 1190 1451 Ma-

108 1497 229 1561 crobius
247 1496 348 1560 alibi:
368 1497 589 1582 «Philosophia
615 1497 714 1562 illicce
735 1499 863 1561 habetru
881 1499 1056 1584 augustior,
1079 1497 1132 1559 nbi
1152 1500 1190 1559 de

109 1603 265 1668 Rationali
287 1619 395 1688 parte,
420 1605 507 1668 idest
530 1606 719 1690 incorporeis
740 1605 882 1688 disputat
892 1633 907 1660 a
931 1603 1016 1684 (Vll
1038 1601 1190 1666 Saturnal.

109 1733 174 1796 cap.
186 1712 241 1795 5.)

424 1901 776 1972 DlSSEllTh‘l'lO
795 1907 859 1970 Vl.

110 2061 241 2139 [Δςίεαπι
260 2063 355 2122 omitti
368 2085 387 2122 a
402 2061 581 2143 quibusdam.
594 2060 640 2121 Dc
656 2061 793 2140 dignitate
805 2063 981 2139 singulorum
995 2085 1003 2119 .·
1015 2073 1042 2121 et
1056 2063 1188 2122 Etticam

423 2189 478 2228 usu
483 2167 637 2252 fructuque
654 2179 727 2230 certe
743 2171 873 2229 eminere.

144 2338 263 2412 droun
273 2338 332 2400 ista
340 2337 432 2420 igitur
442 2335 642 2402 Macrobiana
655 2337 775 2416 divisio,
783 2327 930 2421 Logicam
942 2335 1027 2398 illam
1035 2338 1191 2398 communi

107 2465 194 2506 aaran
207 2446 325 2508 dictam
338 2443 468 2517 omittit;
485 2465 577 2525 quam
591 2457 622 2506 et
636 2443 687 2506 alii
702 2464 764 2505 non
777 2457 918 2528 partem,
935 2445 988 2506 sed
1000 2443 1188 2504 instrumen-

106 2563 169 2612 tum
181 2549 389 2634 Philosophia
404 2551 552 2612 dixerunt.
568 2577 583 2604 ιι
602 2547 747 2634 Epicurei
768 2551 878 2626 etiarn,
900 2551 942 2612 ait
954 2548 1093 2625 Seneca,
1115 2551 1190 2610 duas

105 2671 207 2739 partes
218 2656 425 2742 Philosophia
433 2672 614 2742 putavensnt
626 2679 709 2735 osse,
725 2657 905 2720 Naturalem
915 2671 1004 2738 atque
1014 2654 1187 2727 Moralem

106 2762 305 2828 Rationalem
315 2779 519 2828 removerunt.
524 2765 645 2828 Deinde
651 2787 745 2848 quum
757 2766 829 2848 ipsis
839 2765 929 2829 rebus
940 2777 1119 2848 cogerentur
1125 2785 1191 2826 am-

106 2871 198 2955 higna
212 2892 396 2950 secernere,
415 2873 492 2935 falsa
505 2893 671 2956 coarguere
683 2920 692 2950 ,
708 2874 765 2958 ipsi
780 2894 899 2954 qnoque
912 2873 1032 2943 locum.
1048 2894 1141 2952 quern
1150 2874 1188 2932 de

102 2979 216 3058 jndicio
228 2979 374 3062 etregnla
383 2980 548 3063 appellant,
556 2981 618 3042 alio
627 2983 762 3056 nomine,
770 2979 964 3044 Rationalem
974 2981 1186 3042 induxerunt.»

105 3081 232 3168 (Epist.
245 3101 375 3146 nxxxrx.
386 3088 400 3163 )
413 3085 571 3170 Diogenes
585 3087 645 3151 hoc
660 3089 778 3172 ipsum,
799 3101 831 3150 et
850 3086 979 3150 divham
992 3086 1032 3149 ab
1051 3084 1186 3170 Epicuro

100 3188 336 3275 Philosophiam
355 3194 446 3258 ondit
459 3194 491 3256 in
505 3222 520 3248 «ι
537 3191 744 3270 emonam,
761 3191 942 3279 Physicam,
959 3191 1110 3256 Ethicam.
1122 3190 1188 3254 Ca-

99 3299 247 3364 nonicanr
261 3315 365 3364 antem
376 3323 463 3381 esse,
478 3323 544 3384 qne
555 3303 764 3387 aggressiones
778 3291 809 3364 εἰ
823 3303 919 3365 aditos
935 3304 975 3364 ad
986 3323 1062 3385 opus
1074 3300 1183 3376 habet,

99 3427 164 3468 uno
183 3406 267 3471 libro
285 3408 327 3472 ab
350 3429 388 3472 eo
409 3410 540 3488 tradita,
560 3410 612 3490 qui
631 3408 740 3476 Canon
761 3409 943 3472 inscribitur.
959 3435 974 3461 n
990 3406 1050 3484 (ln
1068 3404 1185 3489 Epic.)

97 3511 301 3594 Quamquam
316 3529 348 3578 et
355 3513 530 3580 Stoicorum
540 3515 636 3597 aliqui
652 3515 731 3578 ban'c
744 3528 863 3598 partem
880 3512 999 3598 Logicae
1012 3512 1183 3583 faciebam

98 3633 130 3680 et
143 3620 323 3684 dividebant
337 3619 499 3698 (Laertius
515 3624 666 3700 auctor),
686 3650 702 3678 «ι
724 3623 756 3684 in
772 3620 970 3686 Rhetoricam
986 3631 1016 3682 et
1035 3617 1188 3682 Dialecti-

97 3745 189 3798 ωας
206 3726 304 3808 aliqui
316 3741 419 3792 autem
439 3743 470 3792 et
488 3729 522 3792 in
536 3727 750 3806 Definitivam,
774 3749 839 3809 qnae
853 3741 898 3790 est
918 3729 956 3790 de
970 3724 1083 3808 regulis
1097 3739 1127 3788 et
1140 3728 1186 3808 ju-

97 3832 198 3895 diciis.
214 3861 232 3888 ι
248 3832 309 3912 (ln
321 3836 470 3915 Zenom)
484 3833 546 3898 Sed
557 3836 697 3920 persequi
709 3835 772 3898 haec
791 3835 922 3907 omitto,
940 3846 971 3894 et
987 3831 1093 3892 Annaei
1113 3853 1185 3894 mo-

95 3939 187 4016 nito,
205 3961 271 4004 non
291 3943 421 4006 tenuiter
439 3942 530 4006 nimis
548 3943 675 4027 partiri,
694 3956 746 4006 aut
770 3942 861 4004 etiam
881 3939 1081 4022 interpretari.
1104 3937 1183 4000 lllud

93 4046 197 4125 addo,
207 4045 329 4112 Stoicos
342 4051 426 4112 varia
436 4049 568 4133 imagine
581 4069 669 4110 osum
684 4060 736 4110 aut
744 4047 918 4130 dignitatem
931 4045 1040 4108 harum
1052 4047 1184 4128 partium

93 4155 310 4236 expressisse:
326 4155 525 4220 «Assimilant
547 4155 630 4218 enim
654 4153 778 4218 animffi
802 4151 1048 4236 Philosophiam:
1062 4152 1180 4214 ossibus

92 4277 132 4321 ac
153 4261 280 4340 nereis,
298 4263 465 4346 bogicam;
483 4263 602 4328 carneis
613 4261 764 4346 partibus,
779 4257 941 4332 Ethicam5
959 4259 1065 4320 animae
1078 4303 1087 4334 ,
1102 4254 1187 4342 Phy-

93 4363 207 4428 sicarn.
224 4395 240 4422 n
261 4365 378 4452 (Diog.
396 4371 427 4432 in
446 4368 579 4434 Zenone.
594 4368 605 4450 )
628 4367 800 4449 lterumque
819 4367 879 4430 alia
894 4366 1023 4448 imagine
1045 4389 1052 4424 ι
1074 4392 1088 4422 α
1108 4360 1188 4426 Cum
