2886 4958
466 643 816 755 incursentur.

571 917 703 941 ιι*-

137 1102 251 1174 Querela
262 1115 320 1158 turn
328 1103 401 1177 voigi
415 1104 580 1178 imprudentis
590 1123 618 1159 ee
630 1102 725 1168 turbu,
736 1116 789 1158 tunt
799 1102 925 1158 clerorum
933 1119 1034 1172 quoqne
1043 1099 1166 1164 virorum,

103 1183 320 1258 ecflippomtis
327 1221 335 1248 ,
342 1185 374 1238 de
381 1185 442 1248 ,ritu
453 1186 573 1240 brevitate
582 1187 645 1240 seles
657 1197 709 1250 esta
722 1206 776 1240 nou
787 1184 856 1238 enirn
865 1183 1005 1255 recepimus
1015 1181 1118 1236 brevem
1127 1181 1168 1234 vi-

87 1280 171 1336 .tssn,
182 1270 225 1322 sed
233 1269 345 1324 ierimus.
354 1271 449 1324 Rerum
458 1283 546 1324 neture
554 1271 666 1346 benigne
675 1291 701 1324 se
711 1290 770 1344 erge
780 1289 827 1323 nos
836 1267 927 1343 gessit,
940 1267 1018 1320 ruodo
1027 1285 1073 1320 nos
1084 1285 1167 1336 neque

104 1349 269 1411 libidinibus,
281 1369 364 1422 neque
377 1350 444 1405 vitiis
456 1365 529 1424 stque
542 1353 667 1422 erroribus
678 1353 757 1404 ritum
766 1363 874 1404 nauem
887 1347 1048 1423 perdentibus
1054 1347 1169 1400 trudm-

106 1451 176 1494 snus3
190 1433 264 1498 1,11.
276 1433 388 1502 Proinde
398 1447 495 1508 tempus
507 1456 580 1489 suum
590 1435 665 1488 nihili
672 1434 767 1488 ieciunt
777 1433 910 1499 homines,
925 1450 1065 1502 numquern
1077 1428 1172 1504 {regili-

105 1515 162 1567 tstis
171 1534 223 1570 suet
236 1529 301 1570 reete
312 1536 449 1582 memorec;
468 1519 519 1583 111,
540 1519 583 1570 IV·
597 1520 681 1588 Quem
694 1518 828 1573 bominum
840 1514 1034 1570 inconstantium
1050 1513 1169 1590 exemplis

105 1599 230 1671 Augusti,
245 1599 391 1668 Ciceronis,
404 1600 472 1654 Livii
489 1601 566 1654 Drusi
580 1601 703 1665 illustret;
715 1604 757 1667 V,
771 1601 860 1666 V1,3.
875 1599 991 1667 Quorum
1008 1610 1092 1650 temen
1103 1617 1168 1670 que-

103 1679 165 1734 rele
177 1682 208 1736 de
218 1682 277 1738 vise
286 1684 406 1736 brevitate
416 1705 512 1757 ,neque
525 1686 591 1759 ipsos
601 1705 683 1757 neque
693 1684 773 1738 ulium
784 1684 863 1737 aliurn
869 1693 1037 1734 mutererunt.
1045 1681 1128 1733 Nemo
1138 1679 1169 1733 iis

103 1765 240 1839 impeditur
247 1806 255 1834 ,
268 1768 405 1839 quominus
415 1768 448 1820 ed
461 1769 579 1823 libidines
593 1782 616 1823 et
630 1769 690 1822 vitis
700 1766 858 1840 projiciatur,
867 1784 953 1838 perum
962 1784 1071 1826 memor,
1085 1763 1169 1816 virere

104 1869 158 1903 esse
165 1863 246 1918 ,artem
257 1861 310 1904 totn
321 1854 373 1905 vite
380 1852 525 1906 discendnm
536 1853 645 1908 :idcirco
652 1852 808 1925 precipiunt
816 1848 935 1902 homines
945 1847 985 1900 ieti
994 1847 1073 1900 ritem
1084 1866 1167 1914 susm,

102 1933 182 1986 futuri
195 1933 319 2001 desiderio
335 1935 492 2001 leboreutes,
509 1934 581 1988 eiiter
597 1956 626 1988 ec
642 1935 697 2001 illi,
711 1935 756 2006 qni
774 1934 851 1986 ritem
863 1932 928 1984 beue
943 1950 1017 2006 egere
1033 1929 1131 1998 sciunt,
1143 1944 1169 1983 et

103 2017 204 2072 nullutn
216 2039 268 2072 non
282 2032 378 2094 ternpus¹
390 2019 419 2072 iu
430 2040 488 2073 usus
498 2039 556 2074 suos
568 2023 708 2074 conterunt.
722 2019 801 2096 lgitnr
814 2018 858 2084 din
869 2037 922 2070 esse
932 2029 957 2068 et
967 2016 1011 2070 din
1020 2013 1105 2068 vivere
1114 2035 1168 2068 non

102 2103 221 2156 eundern
232 2103 308 2157 bsbet
319 2116 465 2172 potestatem
477 2125 506 2158 ec
518 2104 578 2158 vius.
591 2105 679 2158 Miseri
687 2123 748 2157 sene
759 2113 817 2156 suut
830 2101 848 2154 ii
860 2140 868 2167 ,
884 2100 928 2173 qui
941 2099 1059 2174 temporis
1076 2100 1167 2170 justum

101 2187 296 2254 estimationem
306 2210 359 2243 non
366 2202 454 2244 tenent
461 2209 469 2251 ς
477 2190 514 2241 Vl
522 2230 530 2257 ,
539 2189 569 2257 ³,
580 2190 623 2242 IX.
634 2190 752 2260 Sequitur
760 2207 847 2242 eorum
860 2187 1001 2262 descriptio·
1010 2186 1076 2238 Sunt
1084 2199 1168 2239 entem

100 2273 232 2346 occupeti,
248 2286 272 2326 et
281 2294 380 2347 semper
394 2295 422 2328 er
433 2276 540 2328 crestino
551 2276 664 2346 pendent
674 2286 847 2348 exspectentes.
857 2273 915 2327 Vite
929 2291 1017 2324 eorum
1027 2283 1063 2324 est
1071 2269 1167 2324 brevit·

99 2357 176 2422 sime,
188 2358 241 2421 lX,
254 2359 293 2424 X,
307 2379 330 2412 s.
339 2359 477 2413 Jsmdocet
485 2397 494 2426 ,¹
506 2371 535 2412 nt
546 2359 596 2412 illis
606 2377 717 2414 errorem
726 2379 799 2413 snum
811 2359 952 2432 exprobret,
963 2369 1094 2432 occupetos
1104 2369 1167 2408 tero-

100 2437 234 2516 pus'suurn
244 2443 310 2498 ursle
323 2445 446 2500 collucere
456 2463 552 2517 :quum
564 2446 633 2500 enim
646 2444 736 2499 vitain
749 2444 796 2498 tris
810 2457 922 2518 ternpore
935 2442 1166 2514 dividetur‚·quod

99 2541 155 2592 est,
165 2529 234 2599 quod
247 2529 312 2595 tuit,
324 2531 393 2602 quod
405 2532 518 2584 futurum
531 2543 588 2598 est,
604 2531 717 2604 occupsti
728 2530 898 2604 preteritum,
916 2529 986 2602 quod
999 2541 1036 2582 est
1049 2540 1144 2580 certum
1157 2565 1164 2592 ,

99 2612 238 2676 omittunt,
250 2626 277 2665 et
284 2633 390 2687 presens
401 2613 432 2666 iis
445 2614 601 2677 subducitur,
612 2613 690 2684 Quod
699 2614 839 2689 spprrebit,
849 2615 872 2669 si
883 2633 954 2668 tenet
965 2632 1045 2686 egros
1057 2632 1087 2665 ec
1100 2631 1163 2666 mo-

99 2696 225 2750 ribundos
236 2697 383 2764 edverteris,
396 2699 581 2772 comperetiuoe
592 2699 705 2764 cuniis,
716 2698 807 2771 quibus
819 2697 870 2750 vitu
882 2696 970 2771 procul
984 2695 1015 2750 eb
1029 2696 1100 2749 omni
1121 2716 1167 2749 ne·

100 2781 173 2854 gotio
187 2781 283 2855 egitur,
299 2781 428 2845 institute;
440 2783 483 2849 X,
497 2802 529 2846 u,
546 2783 598 2844 xl,
609 2782 632 2834 3.
644 2784 679 2836 At
691 2781 794 2852 quinem
807 2793 865 2834 sunt
876 2781 912 2848 ii,
929 2781 975 2850 qui
989 2781 1168 2853 o'ccupstorusu

100 2865 208 2918 nornine
221 2865 295 2940 digni
303 2865 377 2919 sinti
389 2868 482 2920 Preter
494 2885 551 2932 cos,
561 2865 606 2937 qui
616 2865 744 2940 propedem
754 2866 782 2918 in
790 2865 918 2934 occupetis
925 2864 1166 2930 numerentur,iilus
1267 2937 1268 2944 ἵ

98 2965 203 3018 qnoque
216 2966 246 2999 eo
259 2947 348 2999 reierss
359 2947 465 3010 otiosos,
481 2947 550 3000 luxui
562 2947 731 3019 cujuscunque
744 2947 844 3020 generis
863 2947 975 3014 deditos,
992 2959 1066 3017 etque
1087 2966 1166 3017 quum

99 3029 211 3082 merim
222 3031 412 3102 gummeticoe,
420 3050 501 3094 ceos,
515 3030 560 3102 qui
572 3029 599 3082 in
612 3030 749 3083 litterarum
761 3030 890 3084 inutilium
901 3030 991 3083 studiis
1004 3029 1167 3082 detinentur:

99 3113 157 3167 bac
171 3113 237 3186 justo
249 3115 329 3168 fusius
340 3115 496 3189 persequitur
509 3127 611 3181 ructor,
629 3135 677 3169 nec
693 3115 800 3168 muitum
817 3115 902 3180 abest,
918 3115 997 3186 quin,
1015 3114 1083 3186 quod
1098 3115 1167 3166 baud

98 3217 159 3250 reru
170 3198 194 3250 ei
204 3199 311 3265 eccidit,
324 3199 352 3252 in
362 3199 430 3252 idem
440 3199 542 3264 vitium,
550 3199 619 3270 quod
629 3197 797 3272 reprehendit,
810 3199 921 3263 incidntt
933 3198 1003 3260 XIV,
1013 3201 1035 3265 4.
1046 3199 1166 3270 Sequitur

98 3281 236 3356 descriptio
252 3283 308 3336 veri
324 3283 377 3336 otii·
387 3282 442 3336 Soli
454 3283 569 3336 omniurn
584 3282 658 3335 otiosi
669 3295 742 3343 snut,
754 3283 800 3355 qui
809 3283 936 3357 snpientia
950 3295 1040 3336 recent
1049 3301 1056 3335 :
1065 3283 1113 3337 soli
1125 3284 1165 3335 vi-

98 3379 172 3418 vunt.
184 3365 264 3418 Ornoi
277 3377 405 3438 tempore,
419 3378 444 3418 et
455 3367 594 3440 preterito,
608 3366 729 3432 ineunte,
748 3380 774 3420 et
784 3380 891 3420 venturo
901 3367 965 3420 bene
978 3378 1089 3420 utuntur.
1102 3367 1164 3419 Huc

99 3448 204 3522 egregie
214 3460 315 3502 trectete
328 3461 386 3501 sunt
396 3467 403 3512 ς
415 3450 485 3501 xvt.
497 3450 588 3519 Neque
606 3460 690 3502 temen
701 3451 814 3524 occupsti
831 3451 872 3504 isti
882 3450 985 3525 longum
1000 3470 1072 3524 egere
1088 3450 1165 3502 sitem

98 3534 208 3608 putendi
218 3545 276 3588 sunt
286 3547 426 3609 propterea,
434 3534 502 3606 qnod
513 3533 686 3586 interdurnrei
696 3547 804 3588 mortem
815 3536 943 3599 invocent3
950 3537 1047 3589 fuciunt
1052 3536 1078 3588 id
1087 3547 1166 3597 metu:

98 3619 143 3672 vel
155 3620 224 3691 qnod
231 3619 324 3693 longus
335 3618 385 3672 illis
395 3619 495 3673 videtur
505 3618 558 3672 dies
566 3639 574 3682 ς
583 3617 612 3671 bt
618 3618 795 3691 imprudentis.
802 3621 869 3672 Nem
881 3640 927 3673 nec
937 3619 1109 3693 occupatione,
1120 3639 1167 3673 nec

98 3705 154 3757 otio
165 3703 272 3757 benenti
280 3703 378 3768 scinut;
390 3703 493 3758 elinnde
500 3704 553 3757 elio
562 3703 723 3774 confugiunt,
733 3723 872 3775 numquam
882 3725 930 3758 nec
940 3706 992 3759 ulle
1000 3727 1026 3760 re
1036 3707 1147 3760 conanti
1158 3729 1165 3769 ;

98 3785 194 3838 XVH:
204 3785 303 3854 Quibus
322 3785 437 3859 expositis
450 3784 603 3838 convertitur
618 3784 697 3836 ontio
710 3785 743 3837 ed
762 3786 898 3838 trutinum
918 3785 1117 3853 exhortandum,
1139 3799 1169 3839 ut

97 3865 189 3921 officio
199 3868 315 3942 publico,
326 3869 441 3940 quemvis
450 3867 609 3932 bonoribco,
619 3887 670 3938 quo
677 3869 808 3941 iungetur,
821 3869 952 3935 obdicetc,
964 3869 990 3922 in
1002 3871 1081 3924 otium
1090 3890 1116 3924 se
1126 3891 1162 3923 re·

95 3955 177 4028 cipiet
187 3965 212 4007 et
223 3967 304 4007 toturn
316 3953 444 4050 sapientie
458 3973 485 4006 se
504 3953 602 4015 tredet3
616 3951 647 4003 de
660 3950 700 4004 bis
711 3971 789 4023 usque
800 3954 833 4006 ed
844 3951 890 4006 fin.

134 4037 272 4109 inscriptus
281 4036 366 4090 estbsc
374 4036 439 4088 iiber
448 4075 456 4101 ,
464 4036 495 4088 de
502 4035 573 4107 cujus
581 4033 693 4088 bonitate
699 4048 796 4089 constet
804 4076 812 4100 ,
819 4036 928 4090 Paulino
937 4075 945 4102 ,
955 4039 1038 4092 emico
1051 4039 1168 4104 Scuecae,

98 4129 128 4168 ut
141 4116 285 4190 colligimus
301 4137 379 4190 cosp.
390 4118 404 4169 1
417 4128 441 4171 et
455 4117 553 4169 XVill.
566 4116 654 4169 Fuerit
666 4116 794 4179 Pauline,
806 4117 909 4172 Seneca
919 4120 1018 4186 uxoris,
1033 4123 1122 4188 freter,
1133 4142 1166 4175 en

96 4201 200 4266 affinis,
211 4221 264 4255 non
274 4202 360 4273 liquet.
371 4202 520 4256 Profectum
530 4214 614 4253 temen
627 4220 737 4256 ennonu
746 4241 753 4264 ,
761 4215 805 4255 ent
813 4223 891 4256 unum
904 4225 932 4256 ex
944 4205 1101 4259 curatoribus
1113 4227 1172 4259 cuns
