2894 4954
299 445 362 510 312
450 439 520 510 DE
545 439 1023 532 TRANQUILLITATE
1047 443 1205 512 ANIMI

297 569 471 661 Numquid
485 585 580 664 potes
594 570 749 640 invenire
762 571 881 638 urbem
898 574 1125 655 miseriorem,
1140 597 1242 664 quam
1256 571 1361 640 Athe·

299 687 484 755 niensium¹
505 689 590 769 tuit,
611 712 715 778 quum
735 687 826 754 illam
841 688 980 779 triginta
991 689 1123 780 tyranni
1133 685 1362 755 divellerent?

301 803 391 870 mille
411 819 577 872 trecentos
590 803 681 872 citet
694 806 720 883 ²,
738 802 900 894 optimum
922 825 1111 894 quemque,
1132 801 1330 870 occiderent
1349 830 1356 866 ε

246 937 275 991 13
301 942 364 985 nec
383 920 485 986 finem
496 917 574 988 ideo
587 917 755 996 faciebat,
777 917 838 986 aed
854 919 1009 988 irritabat
1021 943 1058 986 se
1071 919 1144 1012 ipen
1161 920 1302 986 eaevitiu.
1321 921 1360 984 ln

300 1057 367 1124 qua
383 1035 516 1102 civitate
531 1049 604 1102 erat
616 1033 804 1126 Ariopagoe
819 1023 831 1066 ³
845 1082 854 1114 ,
876 1033 1164 1127 religiosissimum
1174 1033 1356 1126 judicium,

300 1151 336 1218 in
354 1173 421 1240 qun
439 1167 574 1220 cenatus
600 1149 813 1244 populusque
830 1153 960 1218 senatui
977 1150 1094 1218 cimilia
1112 1179 1121 1235 ς
1137 1150 1251 1219 coibat
1273 1173 1358 1242 quo-

301 1261 383 1331 tidie
413 1265 609 1334 carnificum
636 1267 732 1333 triete
750 1264 950 1358 collegium,
980 1282 1016 1332 et
1039 1264 1155 1333 infelix
1184 1267 1280 1334 curia
1309 1281 1360 1356 ty·

302 1382 418 1448 tannia
435 1397 589 1474 angusta.
612 1385 791 1448 Poteratne
819 1381 878 1448 illa
903 1382 1020 1450 civitae
1038 1383 1301 1472 conquiescere,
1325 1383 1357 1446 in

301 1515 368 1584 qua
387 1509 434 1562 tot
453 1495 589 1585 tyranni
615 1510 732 1576 erant,
751 1508 834 1585 quot
853 1492 1012 1562 mtellitee
1035 1485 1168 1562 essenti
1184 1495 1265 1561 tlte
1285 1517 1359 1588 epea

302 1608 440 1700 quidem
449 1609 519 1677 ulla
529 1606 732 1702 recipiendae
741 1609 908 1678 libertatis
919 1611 1039 1678 animia
1051 1626 1183 1704 poterat
1199 1603 1354 1678 ⁵offcrri:

303 1749 367 1793 nec
390 1725 451 1793 ulli
478 1724 627 1794 remedio
654 1725 748 1792 locue
773 1725 977 1818 apparebat,
1012 1742 1129 1794 contra
1151 1741 1280 1794 mutam
1295 1728 1359 1796 vim

335 1887 356 1918 a.
365 1867 568 1920 Atheniensium.
576 1867 808 1940 Socratietempore.
856 1868 929 1920 eitam
941 1869 1016 1921 inlesa
1028 1909 1034 1934 ,
1048 1881 1072 1922 et
1087 1868 1146 1922 huic
1157 1869 1307 1922 obsistentes
1319 1869 1360 1940 ju-

305 1944 402 2017 lneepit
413 1956 496 1996 autern
510 1945 562 2006 brec
572 1944 675 2017 triginta
687 1957 809 2017 tyranno-
857 1944 925 1996 dices
945 1943 1031 1998 cilicio
1052 1965 1098 1999 suo
1116 1947 1189 2018 iungi
1211 1947 1360 2020 per-reniam

304 2013 361 2072 rum
380 2021 521 2074 dominatio
540 2020 582 2073 Ol.
600 2021 694 2086 XCW,
707 2042 767 2075 ann.
789 2041 808 2075 ι.
858 2022 955 2076 etiarnsi
970 2023 1009 2075 illi
1021 2023 1123 2098 manni
1134 2024 1262 2086 furerent,
1275 2025 1301 2077 in
1311 2043 1361 2096 pru

307 2102 386 2164 (ante
396 2098 488 2150 Christ.
499 2110 550 2150 net.
562 2097 653 2163 203.);
666 2099 692 2152 in
703 2118 818 2171 quornm·
857 2099 942 2171 patulo
961 2113 1003 2152 est
1028 2099 1127 2152 Confer.
1147 2101 1225 2172 Epist.
1252 2116 1305 2153 επ.
1324 2101 1360 2151 De

306 2179 390 2234 locum
402 2179 544 2248 insequenti
552 2199 620 2232 anuo
632 2179 719 2233 decem
730 2194 811 2253 tyran·
861 2178 997 2252 Ariopago,
1003 2176 1097 2250 judicio
1107 2178 1284 2248 antiquissimo
1296 2177 1361 2247 quod

307 2259 346 2310 nis
354 2257 811 2332 substitutisdlesp.moemelioreeun·
860 2258 977 2310 novimus
988 2296 995 2322 ,
1008 2261 1040 2310 ef.
1052 2270 1106 2330 post
1119 2257 1263 2310 biennium
1271 2272 1296 2310 et
1304 2257 1360 2310 Pot-

308 2333 404 2387 ditione
417 2333 501 2406 gaviae
510 2347 551 2386 eet.
567 2333 712 2400 (Dodwell.
726 2335 811 2388 Chre·
860 2348 958 2403 terum,
980 2335 1064 2390 Pauo
1078 2372 1087 2399 ,
1102 2333 1258 2389 Recherchee
1271 2355 1318 2388 aur
1328 2337 1360 2386 les

307 2412 393 2484 nolog.
415 2413 579 2486 Xenophont.
603 2412 753 2466 Schneideri
773 2413 812 2466 ed.
862 2415 1362 2488 Gna,11,³t,sqq‚quiumemuute

307 2491 483 2563 Xenophontis
493 2492 557 2544 llist
570 2492 614 2544 Gr.
624 2491 757 2564 praemissa.
769 2493 779 2557 )
862 2493 957 2568 gendos
967 2507 1010 2548 est.
1022 2495 1142 2548 Primitue
1153 2493 1181 2545 in
1196 2495 1324 2568 Ariopago
1335 2493 1362 2544 de

342 2591 365 2622 a.
374 2571 450 2626 Mitte
465 2582 585 2625 trecentos
599 2575 672 2625 cives.
693 2573 812 2624 isocrates
861 2573 970 2625 cedibus
981 2574 1049 2643 (erpi
1060 2573 1132 2639 φόνου
1141 2574 1272 2637 ἑκουσίου)
1281 2571 1362 2643 inadi-

308 2659 394 2700 tamen
406 2652 528 2723 Areopag.
547 2671 572 2720 p.
586 2651 641 2715 aad.
656 2647 695 2701 ed.
707 2647 811 2712 Hieron·
862 2651 1004 2706 cebatumt
1013 2651 1117 2706 Helieie
1128 2651 1225 2724 judicio
1238 2651 1364 2704 criminali

310 2727 396 2778 vvolt.
410 2731 472 2782 1500
482 2728 548 2781 cives
568 2728 663 2782 indicta
674 2747 763 2792 cauea,
776 2747 814 2780 es·
862 2731 912 2801 jam
920 2731 1058 2783 consumtis
1067 2749 1148 2783 causae
1155 2729 1304 2784 criminale·
1314 2751 1365 2783 cer

309 2805 558 2859 severatbisverbis:
569 2798 699 2874 dllhphs,
709 2805 761 2858 oo'll
773 2808 814 2862 τὴν
862 2819 893 2862 te
912 2808 945 2864 nd
958 2808 1112 2882 Ariopagnm
1128 2807 1221 2862 relate„
1237 2809 1297 2861 Hoc
1306 2821 1367 2860 um-

310 2883 431 2952 npadnmu
442 2885 534 2945 tanta,
548 2885 756 2946 dominatricem
772 2889 816 2934 mir
864 2904 939 2957 pore,
952 2884 1042 2954 dequo
1054 2903 1136 2937 sermo
1146 2897 1183 2936 est
1192 2921 1200 2947 ,
1210 2883 1368 2957 primumju·

310 2963 399 3014 ἐκείνων
409 2998 416 3024 ,
426 2965 512 3029 pallor
526 2963 592 3018 heila
604 2971 644 3022 τῆς
655 2961 815 3030 δήμοιριτῖας·
865 2961 959 3014 dicium
973 2962 1078 3016 Athenio
1087 2962 1164 3032 idque
1174 2963 1294 3016 maxime
1305 2981 1366 3014 aut·

312 3043 335 3090 ol
345 3043 384 3107 pla
394 3043 437 3108 alep
446 3041 578 3110 ψηφίσμασι
591 3041 763 3110 mpalahime
774 3042 815 3096 uit
864 3038 969 3092 totitatis
979 3052 1031 3092 erat
1052 3041 1063 3106 (
1075 3039 1191 3112 Xenopb.
1207 3039 1292 3092 Mem.
1302 3039 1369 3092 Soet.

312 3116 382 3168 arilia
392 3120 558 3179 πιντακοοίονς
565 3121 609 3186 μὴν
620 3121 657 3170 ael
670 3142 695 3186 χι
701 3121 816 3178 ilonea&
865 3115 909 3168 lib.
922 3117 971 3179 lll,
980 3135 1033 3189 cap.
1043 3119 1067 3179 5,
1080 3136 1101 3168 a.
1116 3118 1137 3182 l,
1150 3117 1183 3168 ad
1193 3117 1266 3186 quod
1277 3134 1366 3178 uuae,

312 3197 690 3266 molirualtxpisoueitnlaesrraa;
704 3195 765 3250 etia
777 3194 817 3246 his
866 3213 922 3264 que
937 3193 968 3246 ad
984 3193 1099 3267 politiam
1115 3205 1245 3264 spectant,
1270 3211 1368 3246 censura

312 3276 393 3346 ipsum
405 3274 604 3338 Theramenem,
617 3292 697 3328 uuum
710 3291 817 3342 eumque
866 3291 986 3332 morum,
1004 3284 1049 3323 ete.
1066 3271 1225 3344 pertinebant
1236 3288 1243 3322 :
1253 3271 1366 3323 omuibus

312 3351 435 3422 optimum
453 3371 480 3402 ea
496 3351 544 3404 boc
561 3350 692 3423 collegio(
702 3349 817 3422 Xenopb.
866 3362 950 3401 tamen
970 3348 1015 3413 iis,
1029 3367 1086 3418 qua
1103 3367 1172 3400 saera
1183 3347 1366 3418 religioneque

313 3427 509 3501 tih.11,eap‚3,
528 3430 569 3492 15,
582 3429 645 3498 sq),
659 3426 818 3500 interemptos
867 3425 1034 3498 attingerent,
1053 3424 1102 3476 nisi
1120 3443 1178 3476 eum
1197 3425 1290 3497 politia
1307 3443 1367 3476 eun-

313 3527 327 3558 a
345 3505 447 3578 triginta
467 3505 580 3577 tyrannia
599 3502 720 3557 tradidit:
736 3516 818 3556 secuta
868 3505 952 3574 juncta
967 3515 1061 3566 essem,
1075 3500 1188 3556 exclusis.

313 3596 350 3636 est
363 3583 406 3636 bas
423 3582 503 3636 cedes
520 3601 612 3654 magua
630 3581 722 3634 civium
742 3583 816 3654 huga,
901 3579 1035 3646 &Inque
1047 3589 1085 3630 tot
1097 3581 1368 3648 tymmtiemat,pnot

314 3661 381 3714 unde
394 3663 573 3729 timeamus
586 3672 695 3714 exortam
706 3659 819 3730 queritat
868 3660 1088 3712 caremtenam.
1094 3655 1161 3727 Lips.
1171 3655 1302 3727 proposuit
1311 3673 1367 3706 esuo

316 3738 472 3792 Aristarchus
484 3759 522 3810 ep.
532 3737 647 3812 Xenoph.
659 3737 765 3790 Memor.
775 3735 818 3788 lib.
869 3749 893 3788 et
900 3735 957 3788 aliia
963 3735 1036 3788 codd.
1044 3736 1120 3790 lleete
1130 3753 1136 3786 :
1145 3734 1251 3784 luerunt
1259 3732 1327 3786 enirn
1334 3731 1367 3782 his

315 3817 355 3881 ll,
369 3835 421 3889 cap.
437 3837 464 3886 7,
476 3838 498 3868 a.
518 3814 671 3890 Xenophon.
683 3815 717 3868 ll.
731 3815 763 3868 G.
775 3813 818 3866 lib.
869 3816 952 3868 XXX.
961 3813 1094 3868 satellitum
1106 3813 1153 3865 tria
1168 3810 1265 3888 millia,
1273 3812 1366 3864 Juatiuo

313 3896 337 3948 ll
348 3933 355 3958 ,
366 3915 418 3969 cap.
430 3896 460 3960 4,
475 3915 502 3948 at
514 3933 521 3956 ,
536 3913 669 3946 numerum
681 3892 820 3948 oreiaorum
869 3895 981 3948 docente.
991 3899 1116 3966 Anteaap.
1124 3891 1220 3944 Eraarm
1229 3909 1236 3942 ε
1244 3895 1368 3962 inputat

314 3995 357 4046 per
376 3973 423 4030 bue
442 3986 499 4026 oeto
520 3972 701 4027 dominationis
723 3991 820 4030 menaea
869 3981 989 4044 tymnnt,
1001 3965 1366 4040 verecundantem-Se

314 4071 367 4104 non
378 4049 474 4104 definit.
869 4053 974 4114 uuus,
987 4047 1090 4120 triginta
1100 4061 1267 4120 tyrannorum
1276 4065 1365 4117 nempe

346 4133 369 4182 3.
380 4133 537 4200 Ariopogos.
550 4132 616 4184 Nam
632 4128 818 4188 hanedomina·
902 4132 925 4181 5.
932 4128 974 4181 Ne
983 4147 1041 4196 sper
1049 4165 1096 4179 ......
1104 4127 1199 4256 ruperti.
1215 4126 1284 4194 Quia
1293 4127 1365 4177 laee-

313 4211 406 4262 tionem
419 4209 619 4280 Ariopagitarum
630 4209 734 4281 imperio
743 4228 821 4282 oppo-
869 4204 1113 4277 daemoniityrannis
1143 4203 1194 4258 isce
1209 4203 1328 4256 favebant
