2910 4954
380 415 837 540 ntnanrr,on1>.x.
1099 455 1140 522 65

95 589 196 680 quidni
222 591 373 660 babeant
401 591 648 660 exeusationem
675 613 778 682 quum
805 588 942 681 publica
969 590 1023 656 via
1048 612 1144 656 erre·

94 708 213 776 verint?

133 828 174 894 X.
190 821 1145 918 lnsingulocaeveritaeimperatoriadistringitur:ame-
1175 844 1184 875 ¹

94 941 222 1008 oetoaria
241 940 341 1008 venia
361 955 433 1022 eet,
460 939 520 1008 ubi
539 953 627 1004 totus
650 934 821 1004 deteruit¹
849 937 1028 1004 exercituo.
1052 935 1147 1027 Quid

97 1055 169 1122 tollit
186 1057 272 1124 iram
293 1056 482 1149 sapientia?
501 1053 601 1122 turba
619 1053 844 1144 peccantium.
867 1051 1031 1145 Intelligit
1046 1077 1147 1143 quam

93 1188 121 1238 et
136 1173 288 1263 iniquum
307 1171 351 1238 eit
368 1187 403 1241 ct
421 1168 670 1262 periculosum,
691 1169 791 1236 irasci
809 1169 947 1260 publico
964 1170 1057 1236 vitio.
1080 1172 1149 1240 lle·
1174 1189 1188 1221 ²

92 1290 242 1358 raclitua²
263 1290 396 1380 quoties
415 1285 611 1381 prodierat,
629 1299 664 1352 et
683 1301 810 1354 tantum
830 1289 920 1354 circa
939 1311 975 1354 ee
994 1286 1081 1356 male
1099 1288 1150 1354 vi·
1224 1315 1227 1326 ¹
1277 1345 1280 1356 .

89 1407 250 1484 rontium,
273 1406 375 1472 immo
388 1404 476 1472 mele
495 1404 712 1495 pereuntium
730 1400 883 1482 viderat,
906 1403 1029 1484 flebat,
1046 1404 1148 1472 mite·

91 1521 219 1588 rebatur
239 1521 411 1600 omnium,
434 1519 494 1610 qui
510 1509 598 1584 tibi³
620 1517 687 1586 laeti
704 1515 885 1608 felicesque
900 1517 1144 1585 occurrebant:

88 1636 152 1701 miti
176 1636 310 1714 animo,
333 1631 393 1700 aed
419 1633 521 1702 nimie
544 1631 714 1698 imbecillo
736 1658 745 1714 3
767 1645 801 1697 et
825 1631 899 1722 ipae
917 1631 1006 1698 inter
1032 1629 1147 1723 deplo-

91 1750 204 1820 randos
232 1765 318 1817 erat.
350 1749 581 1816 Democritum
604 1761 722 1814 contra
750 1746 846 1814 aiunt
875 1769 1049 1836 nunquam
1076 1749 1189 1814 eine³

91 1869 154 1935 riou
173 1869 209 1934 in
228 1863 366 1960 publico
390 1863 516 1946 fuiaoe3
538 1861 622 1930 adeo
644 1861 731 1929 nihil
750 1863 800 1929 illi
826 1860 1006 1932 videbatur
1024 1865 1148 1932 serium

96 2007 204 2052 eorum
226 2004 303 2073 quae
322 1980 411 2048 eerio
430 1977 650 2072 gerebantur.
676 1979 742 2046 Ubi
768 1979 843 2046 istic
865 1979 925 2048 irae
953 1979 1047 2048 loeus
1074 1983 1152 2048 eet?

91 2116 145 2170 aut
161 2097 306 2169 ridenda
329 2098 463 2180 omnia,
486 2113 544 2164 aut
568 2096 681 2178 flenda
704 2112 803 2164 suntr
817 2099 892 2166 Non
917 2099 1082 2168 irascetur
1100 2124 1160 2192 tta-¹

94 2220 182 2308 piens
195 2213 430 2309 peccantibus.
455 2212 601 2304 Quare?
620 2213 701 2305 quia
716 2213 783 2312 ¹ocit
799 2214 969 2282 neminem
989 2215 1082 2283 nasci
1102 2237 1154 2282 aa·

92 2335 256 2426 pientem‚
279 2327 340 2396 eod
359 2329 457 2412 lieri3
480 2328 542 2396 ecit
561 2329 779 2421 paucissimos
792 2329 882 2397 omni
896 2353 967 2398 aevo
985 2330 1154 2421 sepientes

91 2447 251 2530 evadere,
287 2446 367 2538 quia
392 2443 620 2513 conditionem
648 2445 813 2520 humanat·
832 2448 910 2516 vitae
941 2462 1150 2538 perspectam

90 2563 187 2632 babet
204 2587 212 2629 :
230 2583 331 2628 nemo
349 2574 461 2627 autem
481 2575 611 2628 naturae
633 2583 733 2629 sanus
752 2561 921 2628 irascitur.
944 2558 1040 2652 Quid
1061 2561 1151 2629 enim
1179 2564 1193 2628 t

94 2679 119 2744 ti
132 2677 250 2746 mirari
262 2676 345 2743 velit
365 2700 433 2745 non
452 2676 488 2744 in
512 2674 723 2745 silvestribus
737 2675 848 2752 dumis
860 2700 959 2769 poma
977 2676 1153 2768 pendere?

90 2792 169 2884 qnid
186 2795 215 2860 ei
235 2794 379 2859 miretur
395 2793 526 2884 spineta
546 2808 725 2884 tentetque
744 2817 812 2860 non
831 2793 906 2859 utili
921 2791 1034 2884 aliqua
1053 2792 1152 2884 fruge

91 2909 278 3002 compleri?
296 2911 401 2976 Nemo
421 2909 599 2988 irascitur,
622 2908 682 2976 ubi
705 2910 824 2976 vitium
844 2925 965 2992 natura
985 2907 1149 2975 defendit.

90 3024 246 3094 Placidus
259 3025 373 3116 itaque
392 3025 526 3116 sapiens
544 3037 579 3090 et
597 3047 714 3116 aequuo
727 3022 922 3104 erroribus,
945 3048 1012 3092 non
1027 3023 1152 3100 hostio,

91 3141 147 3210 red
160 3159 339 3236 correptor
350 3142 583 3235 peccantium,
596 3141 662 3210 hoc
672 3140 822 3233 quotidie
833 3137 1011 3234 procedit!
1022 3144 1133 3225 animo
1146 3169 1152 3206 :

91 3321 290 3396 particeps‚vitio
300 3321 426 3384 inimicus,
437 3333 555 3374 etverurn
566 3320 602 3370 sa·
653 3320 808 3388 (obscurus)
827 3319 925 3385 dictus,
947 3321 995 3374 boc
1019 3321 1136 3374 Abderita
1149 3360 1156 3385 ‚

90 3397 137 3451 tile
146 3399 288 3474 despiciens
295 3419 309 3451 a
316 3399 390 3462 labo,
398 3398 486 3452 amalo
497 3397 601 3450 bonum,
651 3409 757 3468 utroque
773 3397 925 3473 philosopho
936 3400 1056 3472 physico,
1073 3400 1158 3452 omnia

122 3477 154 3528 Χ.
165 3480 240 3530 Aac.
248 3477 290 3529 Ob
300 3488 337 3530 tot
345 3489 462 3548 tanuqne
473 3489 602 3550 peccantes
651 3485 719 3528 nota.
732 3476 784 3544 Qui
796 3490 880 3530 tamen
892 3477 923 3530 de
938 3478 968 3530 iis
982 3479 1068 3530 doceri
1081 3478 1157 3542 volit,

91 3555 189 3628 rapiens
200 3556 265 3608 iram
277 3553 442 3629 comprimere
455 3552 536 3607 debet.
651 3552 724 3606 adeat
734 3554 844 3607 Meinert
857 3556 1012 3610 Gesclriclrte.
1021 3559 1068 3609 der
1081 3556 1159 3609 Wis-

126 3653 146 3684 ι.
161 3633 298 3687 Dmnut.
311 3631 415 3703 Aliquot
431 3631 505 3685 codd.
517 3635 602 3685 desa·
652 3632 811 3704 semchosten
831 3634 923 3700 (Hist.
946 3635 990 3686 des
1014 3639 1122 3689 sciences
1132 3637 1158 3701 )‚

92 3714 139 3770 vil.
151 3715 250 3766 delevit
260 3730 266 3764 :
275 3711 346 3766 unde
359 3710 456 3784 Liptius
468 3710 528 3763 lecit
536 3712 602 3762 deti·
652 3711 688 3763 lib
709 3713 735 3774 l,
753 3731 810 3786 pag.
821 3713 886 3786 619,
899 3733 952 3785 sqq.
964 3715 1013 3788 690
1023 3755 1029 3778 ,
1038 3735 1091 3788 sqq.
1108 3719 1160 3770 tite

94 3794 165 3854 quin
179 3790 284 3844 Gruter.
296 3791 408 3842 descivit.
423 3791 541 3841 Notum
552 3788 604 3841 lec·
652 3789 827 3855 Tiederoann‚
842 3792 917 3845 Geist
928 3795 1080 3863 derepehd.
1090 3796 1160 3849 Phil.

94 3863 189 3920 tionem
198 3879 319 3942 prestant
326 3865 415 3938 optimi
426 3863 484 3918 libri
493 3877 518 3916 et
526 3863 604 3916 MSS.
655 3870 663 3932 (
674 3867 768 3937 Espn't
784 3871 816 3920 de
827 3872 855 3921 la
871 3871 1033 3939 philosophie
1044 3877 1163 3940 specuta-

92 3945 116 3997 J.
125 3946 157 3998 F.
167 3947 285 4002 Gronov.
299 3958 365 4000 recte
376 3944 477 4007 docuit,
491 3945 519 3996 rb
530 3945 606 3996 dese·-
655 3947 725 4010 tire).
735 3945 802 3997 Plin.
812 3947 854 3998 lib.
866 3949 878 4000 l
885 3987 892 4007 ‚
900 3968 924 4020 p.
936 3950 981 4019 ¹94
991 3987 998 4014 ,
1008 3969 1044 4021 sq.
1056 3949 1103 4002 ³63
1111 3990 1118 4015 ‚
1127 3972 1163 4024 tq.

93 4041 147 4076 ηπ
160 4025 188 4078 in
201 4045 249 4080 mu
261 4043 314 4078 este
333 4021 364 4076 dt
381 4021 504 4076 militibus
516 4020 605 4074 ducem
690 4021 1006 4090 tSttfflancvoereser,
1015 4045 1066 4080 non
1075 4029 1162 4082 adloet.

94 4097 220 4172 *igneque
239 4099 452 4172 delinquentibus.
595 4137 599 4146 ι
648 4099 697 4169 sel.
709 4101 780 4172 quati
795 4100 954 4174 dicerettqui
963 4103 1032 4157 laetot
1044 4126 1069 4159 te
1079 4120 1103 4158 et
1110 4107 1165 4160 seli·

129 4198 154 4228 ι.
164 4182 327 4239 Hemelt'ttts,
338 4189 384 4234 ete.
396 4175 436 4228 De
445 4173 574 4228 Heraclito
586 4185 610 4224 et
658 4197 697 4228 ccc
708 4178 894 4245 existimabant,
907 4181 952 4238 ted
962 4182 995 4234 ud
1004 4185 1031 4234 eb
1042 4187 1164 4238 occumb-

97 4255 256 4322 Democrito,
265 4258 310 4311 illo
319 4257 438 4330 Ephesio,
447 4256 609 4326 quintuttlc
692 4257 714 4320 4-
736 4256 829 4310 Hoc...
847 4263 962 4326 procedit
981 4266 1079 4312 animo.
1105 4261 1165 4314 lloet

246 4343 270 4407 l.
996 4340 1014 4404 5
