2886 4958
284 410 352 502 376
433 407 504 500 DE
527 407 878 479 CONSTANTIA
901 409 1193 480 SAPIENTIS

229 561 233 572 ·
283 536 471 631 despicere.
487 537 935 633 Contumeliaacontemptu
942 539 1047 610 dicta'
1060 557 1131 621 est,
1145 540 1347 632 quianemm

283 653 349 720 nisi
371 675 473 745 quem
495 655 722 747 contempsit,
745 653 803 736 tali
827 656 956 748 injuria
974 672 1091 740 notat;
1115 679 1213 723 nemo
1238 669 1348 721 antem

284 881 377 974 quod
398 899 652 964 contemnentes
674 886 795 954 solent.
816 887 901 956 Nam
927 902 962 954 et
985 886 1085 979 pueri
1111 909 1147 953 os
1168 898 1347 977 parentam

284 997 435 1081 feriunt,
452 1014 487 1067 et
501 1000 615 1068 crines
627 1002 746 1074 matris
760 1001 910 1072 turbavit
923 1001 1150 1092 laceravitque
1163 998 1302 1078 insana,
1317 1011 1348 1061 et

285 1130 384 1209 sputo
394 1117 556 1210 aspersit,
570 1133 629 1185 aut
642 1118 783 1186 nudavit
796 1120 832 1187 in
841 1134 1027 1212 conspectu
1036 1141 1172 1187 suorum
1185 1111 1344 1208 tegenda,

285 1248 320 1302 et
338 1233 452 1302 verbis
474 1233 741 1304 obscoenioribus
767 1260 836 1304 non
862 1237 1045 1332 pepercit:
1068 1252 1103 1304 et
1119 1231 1205 1303 nihil
1229 1233 1346 1300 horum

285 1349 522 1418 contumeliam
535 1350 697 1438 dicimus3
713 1352 847 1443 quare?
863 1353 944 1446 quia
958 1352 1018 1442 qui
1033 1351 1114 1418 feeit
1130 1365 1344 1418 contemnere

244 1463 260 1516 ³
286 1485 356 1530 non
373 1478 495 1556 potest.
512 1463 638 1532 Fndem
651 1481 837 1550 causaest,
857 1491 920 1536 cur
936 1491 998 1536 nos
1014 1467 1283 1559 mancipiorum²
1295 1485 1347 1530 no

286 1591 432 1646 strorum
451 1577 650 1662 urbanitas,
670 1580 706 1647 in
729 1579 883 1650 dominos
899 1581 1156 1663 contumeliosa,
1175 1578 1343 1648 delectet:

286 1716 429 1786 quorum
448 1693 589 1762 audacia
606 1695 654 1762 ita
671 1694 807 1765 demum
825 1698 890 1766 sibi
907 1699 944 1768 in
962 1699 1117 1768 convivas
1125 1698 1183 1790 jus
1200 1696 1305 1776 lacit,
1320 1694 1345 1760 si

225 1791 226 1798 ἵ
285 1811 390 1904 coepit
406 1834 428 1878 a
443 1810 592 1879 domiuo.
611 1815 656 1881 Ut
671 1814 815 1913 quisque
833 1817 1138 1908 contemptissimus
1150 1831 1185 1882 et
1200 1811 1345 1882 ludibrio

285 1943 359 2011 est,
382 1929 430 1998 ita
452 1927 662 1998 solutissimae
685 1929 810 2025 linguae
828 1947 891 2000 est.
916 1935 1044 2002 Pueros
1062 1931 1200 2024 quidem
1227 1931 1266 1998 in
1288 1927 1346 1996 hoe

286 2060 481 2114 mereantur
498 2069 679 2138 procaces,
701 2063 866 2116 eteorum
885 2045 1130 2143 impudentiam
1148 2061 1299 2128 acuunt,
1315 2057 1346 2112 et

286 2160 350 2231 sub
375 2161 536 2256 magistro
554 2160 703 2246 habent,
732 2164 793 2256 qui
818 2163 945 2256 probra
968 2163 1127 2234 meditate
1143 2161 1341 2232 effundant:

286 2299 351 2346 nee
369 2277 431 2346 has
443 2277 663 2346 contumelias
676 2303 855 2364 vocamus,
876 2276 937 2350 sed
953 2280 1103 2374 argutias
1114 2270 1141 2346 ³.

333 2393 414 2462 ΧΠ.
437 2393 576 2486 Quanta
591 2409 704 2462 autem
723 2389 897 2462 dementia
914 2407 988 2476 est,
1003 2391 1124 2462 iisdem
1137 2389 1238 2462 modo
1259 2386 1342 2458 dele-

285 2509 392 2592 ctari,
407 2507 504 2580 modo
517 2507 644 2578 offendi
658 2536 666 2576 ι
683 2525 717 2578 et
730 2534 804 2578 rem
817 2509 862 2578 ab
874 2509 982 2580 amico
996 2507 1119 2580 dictam
1132 2508 1342 2578 maledictum

284 2647 428 2708 vocare,
450 2649 472 2694 a
488 2625 645 2708 servulo,
661 2625 815 2718 joculare
835 2626 1050 2696 convicium?
1066 2626 1181 2719 Quem
1200 2625 1342 2692 animum

285 2763 347 2808 nos
365 2736 527 2810 adversus
552 2765 678 2834 pueros
700 2741 885 2826 habemus,
915 2743 1007 2812 hunc
1029 2743 1162 2836 sapiens
1186 2739 1344 2810 adversus

285 2879 424 2942 omnes,
447 2855 574 2950 quibus
592 2858 693 2926 etiarn
710 2873 786 2950 post
796 2859 970 2950 juventam
986 2881 1153 2949 canosque
1171 2855 1343 2949 puerilitas

285 2985 348 3040 est.
370 2969 425 3040 An
443 2970 629 3063 quidquam
648 2973 703 3041 isti
727 2972 964 3064 profecerunt,
986 2973 1109 3066 quibus
1134 2972 1241 3040 animi
1260 2967 1341 3038 mala

285 3098 366 3152 sunt
376 3075 405 3166 ⁴,
420 3085 579 3176 auctique
593 3086 629 3152 in
645 3085 752 3176 majus
771 3107 926 3170 errores,
946 3087 1038 3179 quia
1054 3087 1169 3180 pueris
1184 3085 1342 3177 magnitu-

286 3193 366 3264 dine
383 3211 513 3266 tantum
527 3197 702 3290 formaque
715 3221 893 3292 corporum
906 3199 1085 3284 differun13
1106 3213 1263 3266 caeterum
1276 3217 1340 3262 non

286 3312 398 3380 minus
414 3313 493 3406 vagi
506 3313 714 3404 incertique,
734 3314 941 3408 voluptatum
956 3317 1028 3382 sine
1044 3313 1170 3381 dilectu
1184 3325 1342 3404 appeten·

299 3508 304 3517 ι
321 3497 342 3530 ι.
356 3473 549 3530 Contumeliae
567 3488 710 3548 contemptu
724 3480 794 3532 dieta
875 3479 1340 3552 &ArgutianGallicedesbontmots-

285 3563 331 3608 eet.
345 3553 533 3628 Etymologiam
545 3555 792 3620 bancornensem,
876 3557 931 3610 llll.
949 3561 1016 3611 Atto.
1029 3557 1215 3610 Contumeliam
1227 3554 1340 3608 {seientes

286 3645 314 3686 ut
322 3653 411 3685 omnes
421 3635 473 3686 lere
483 3651 545 3704 quas
554 3635 651 3704 antiqui
663 3634 793 3698 extulere,
842 3647 928 3687 tractat
937 3635 1048 3709 sapiens,
1065 3646 1092 3686 ut
1105 3654 1190 3686 servos
1203 3631 1340 3704 joculariter

285 3711 359 3764 facile
369 3711 395 3764 in
407 3713 495 3764 oeulos
506 3731 531 3764 se
542 3712 640 3786 ingerit.
650 3713 742 3766 Verior
753 3725 795 3766 aut
842 3713 954 3768 convicia
968 3715 1093 3786 jactantes,
1101 3725 1144 3766 aut
1155 3725 1181 3766 ut
1194 3731 1281 3783 pueros
1289 3729 1338 3762 rec-

285 3811 346 3843 vero
357 3789 464 3842 similior
475 3801 511 3842 est
522 3789 643 3842 derivatio
655 3810 669 3842 a
681 3801 794 3842 tenuere:
843 3791 910 3862 tique
920 3791 1035 3862 ignaros,
1047 3791 1124 3842 immo
1135 3789 1270 3860 aliquando
1281 3798 1338 3839 utet

286 3867 367 3941 prims
384 3866 436 3939 ejus
449 3866 487 3918 vit
498 3866 574 3918 luisse
588 3864 687 3917 ridetur
700 3864 794 3938 turgidi
841 3869 947 3942 pecudes
958 3868 1060 3921 rationis
1071 3879 1177 3941 expertes
1189 3881 1214 3919 et
1222 3867 1337 3940 jumenta,

286 3947 362 4000 maris
376 3946 493 4020 impetus,
505 3963 563 4018 qua
574 3958 599 3999 et
610 3945 717 3998 occurrit
728 3944 793 4017 apud
842 3946 930 4020 quibus
946 3965 999 3999 non
1012 3944 1180 4017 indignamur.

287 4027 379 4084 Ctesar.
394 4025 423 4078 B.
440 4027 472 4078 G.
487 4025 531 4077 lib.
543 4027 592 4091 lll,
606 4045 658 4100 cap.
674 4027 711 4077 13.
872 4026 896 4090 4.
906 4021 1218 4096 ριιίὺυωηίωἰηιαΙα.ῐᾶ
1226 4033 1335 4083 estmor-

319 4107 548 4174 2.Mnncipiorum.
556 4105 596 4156 Ile
607 4104 691 4158 vernis
699 4105 792 4176 agitur:
839 4103 912 4157 biset
926 4103 991 4156 vitiis
1009 4099 1123 4154 laborant
1138 4111 1162 4152 et
1173 4097 1296 4150 erroribus
1307 4113 1335 4145 eo

287 4187 326 4240 Cf.
336 4185 407 4239 atltle
421 4183 569 4240 Provident.
582 4203 657 4259 capr
672 4195 791 4252 ,extrern
840 4182 918 4254 tnagis
941 4181 1029 4244 auctis,
1051 4201 1101 4251 quo
1121 4179 1200 4252 magis
1219 4175 1251 4229 ab
1272 4173 1334 4228 etlo-
