2930 4956
311 496 348 564 xl
503 495 765 566 JUDlClUM
790 495 962 564 SUPER
986 495 1191 610 SENEQA

311 653 384 700 tem
396 635 534 710 Studitma
548 651 650 700 autem
664 636 739 700 illud
753 638 811 700 nisi
826 639 886 701 tale
900 637 1020 714 fuisset,
1037 639 1114 701 unde
1134 621 1179 700 lot
1196 637 1274 698 istaec
1288 656 1382 719 opera

314 764 379 824 quae
396 743 563 820 babemus,
585 758 616 805 et
634 763 695 805 non
709 743 879 806 babemus?
899 743 1057 828 Voluptati
1070 789 1079 818 ,
1092 763 1217 816 somno,
1241 743 1306 803 vitae
1327 744 1383 804 de-

311 847 402 911 traxit
418 873 425 910 :
441 852 521 932 qnod
534 849 622 912 nobis
642 850 798 933 impendit.
813 848 917 932 Pergit
928 850 1019 912 etiam
1034 847 1147 912 Fabius
1164 872 1171 908 :
1192 873 1207 904 a
1220 845 1319 909 Multa
1335 867 1384 940 re

311 971 381 1012 rum
408 950 551 1034 cognitio.
580 977 595 1004 a
619 950 716 1012 Vides
742 948 987 1037 Polymatbiam,
1018 971 1108 1032 quam
1132 949 1244 1012 novelli
1270 947 1384 1030 judices

311 1055 422 1119 frustra
442 1059 609 1120 detractum
627 1070 710 1120 eunt.
728 1055 771 1118 At
786 1054 899 1120 Fabius
920 1057 1045 1120 candide
1070 1057 1181 1132 donat,
1203 1068 1233 1116 et
1255 1073 1383 1136 magnus

310 1161 362 1224 ille
377 1161 516 1239 Plinius,
538 1165 589 1245 qni
608 1165 770 1246 Principem
789 1164 976 1238 amanum,
994 1163 1154 1226 invidendo
1175 1162 1298 1244 elogio,
1325 1182 1381 1242 ap·

314 1271 418 1352 pellat.
432 1269 474 1332 Et
487 1272 553 1352 quis
567 1271 725 1348 detrahet,
740 1270 791 1352 qni
805 1270 889 1332 varia
900 1271 931 1332 in
950 1270 1033 1332 omni
1054 1269 1181 1333 materie
1194 1268 1304 1351 scripta
1319 1269 1384 1350 ejus

312 1374 416 1449 videt,
445 1385 496 1434 aut
520 1371 654 1455 cogitat?
678 1369 713 1434 ln
738 1371 824 1454 poesi
844 1371 976 1454 plurima
998 1369 1140 1434 inerunt:
1157 1381 1252 1432 exstat
1268 1365 1381 1429 Medea

308 1479 475 1562 tragoedia,
492 1492 523 1543 et
537 1457 639 1562 glorie
653 1477 762 1540 suffieit
780 1491 831 1540 ant
852 1476 976 1562 palmae,
995 1476 1026 1538 in
1047 1477 1107 1538 boc
1128 1473 1249 1555 quidem
1271 1493 1383 1555 genere

308 1565 498 1668 scriptoruun¹
512 1583 595 1666 Quid
616 1583 749 1645 oratoria
768 1583 852 1666 ejus,
872 1583 1038 1659 historica,
1057 1580 1287 1666 philosophica,
1305 1580 1384 1640 mis-

308 1691 409 1754 cella?
423 1687 538 1752 Omnia
559 1689 640 1750 enirn
661 1689 818 1764 mactavit,
843 1709 904 1749 non
921 1688 1020 1750 solum
1040 1687 1136 1772 tetigit
1155 1711 1163 1747 ι
1179 1699 1267 1768 atque
1288 1686 1384 1747 etiam

309 1797 443 1874 Dialogus
464 1795 584 1878 scripsit
607 1798 663 1874 (ut
686 1794 736 1857 hic
755 1791 889 1871 Fabius)
913 1815 973 1876 quo
999 1782 1176 1878 argumento
1201 1792 1330 1867 nescio,
1355 1802 1385 1850 et

308 1901 507 1965 desiderabile
523 1915 626 1962 tamen
641 1899 716 1962 mihi
730 1899 789 1963 hoc
803 1921 888 1984 opus.
902 1899 944 1962 Aa
954 1921 1013 1962 una
1028 1899 1119 1960 etiam
1130 1895 1236 1984 Satyra
1248 1897 1278 1958 in
1291 1893 1386 1960 Clau·

309 2007 393 2070 dium
412 2021 507 2070 exstat
527 2030 534 2064 ε
557 2027 650 2087 quana
668 2006 751 2068 varie
770 2009 858 2070 docta
869 2037 881 2078 ,·
898 2020 1002 2090 arguta
1015 2049 1030 2078 ,
1046 2003 1193 2067 venusta?
1208 2000 1386 2068 necVenus

309 2126 361 2175 aut
373 2111 477 2198 Lepon
492 2112 605 2195 aliquid
621 2113 739 2174 addant.
761 2110 822 2174 Sed
832 2133 926 2196 porro
937 2112 1029 2174 etiam
1045 2109 1157 2173 Fabius
1175 2134 1183 2169 :
1201 2137 1216 2164 u
1232 2107 1386 2192 Egregius

308 2220 453 2283 vitiorum
468 2220 639 2281 insectator.
658 2247 673 2274 a
694 2217 774 2282 Sane
789 2205 864 2295 tuti,
889 2231 920 2280 et
937 2219 986 2280 vel
1003 2219 1131 2292 nimium
1144 2217 1202 2278 bac
1219 2229 1305 2301 parte
1324 2215 1385 2276 ali-

309 2326 376 2410 quis
396 2326 491 2402 dicat,
514 2338 565 2386 aut
580 2324 679 2408 potius
695 2325 758 2406 jam
772 2325 853 2386 dixit.
871 2321 950 2388 Mihi
970 2338 1072 2386 nmen
1093 2345 1155 2385 non
1169 2323 1307 2392 videtur3
1334 2333 1387 2382 aut

308 2430 421 2492 nimius
435 2431 527 2492 etiam
543 2427 724 2514 Epictetus,
738 2430 789 2510 qui
803 2430 856 2494 vel
867 2430 965 2494 acrius
987 2449 1022 2492 ea
1039 2429 1210 2492 insectatum.
1231 2425 1386 2514 Cynicum

309 2536 369 2598 ltoc
384 2536 441 2597 tuit
451 2582 460 2612 ,
472 2519 656 2619 destringere
671 2537 784 2620 passim
803 2550 833 2598 et
848 2535 994 2600 defricare
1008 2533 1122 2598 :Stoici
1137 2548 1315 2611 tenuerunt,
1328 2533 1386 2596 etsi

310 2643 493 2718 modestius,
515 2656 547 2704 et
575 2643 606 2702 in
626 2641 744 2724 scriptis
769 2644 864 2726 magis
890 2664 980 2724 quam
1007 2663 1170 2720 sermone,
1189 2654 1387 2724 usurparunt.

311 2747 389 2829 Quis
402 2761 502 2810 antem
517 2747 548 2808 in
561 2747 743 2831 philosopho
764 2749 902 2820 damnet.
929 2749 1000 2810 vitia
1015 2750 1131 2831 insequi
1144 2794 1152 2827 ,
1168 2748 1302 2832 pellere;
1318 2749 1387 2810 vir·-

309 2869 388 2920 tutes
403 2855 550 2916 advocare
564 2899 578 2933 ,
590 2854 729 2919 inducere
741 2855 753 2917 l
767 2856 927 2940 proprium
943 2855 1066 2918 illorum
1082 2878 1157 2940 opus
1172 2869 1217 2918 est
1228 2901 1242 2932 ,
1254 2869 1307 2944 aut
1328 2859 1385 2918 de-

312 2961 372 3024 bet.
388 2957 538 3023 Ceterum
551 2975 660 3024 noster
673 2961 730 3024 hac
751 2975 836 3046 parte
858 2964 967 3024 merito
983 2984 1000 3025 a
1022 2961 1120 3026 Fabio
1131 2962 1296 3040 attollitur,
1312 2985 1389 3027 acer

313 3081 344 3130 et
359 3067 472 3130 calidus
486 3067 666 3141 insectator;
685 3083 714 3131 et
726 3068 820 3132 hostis
837 3082 900 3130 toto
920 3071 1012 3132 animi
1029 3091 1126 3133 sensu.
1146 3069 1227 3151 Vide
1242 3069 1389 3132 stimulos

312 3187 343 3238 et
356 3174 437 3236 ictus
444 3175 670 3248 sententiarum,
682 3197 774 3256 quum
785 3175 844 3238 hoc
858 3177 918 3260 agit
931 3200 937 3234 :
951 3177 1018 3239 side
1028 3177 1243 3260 insurgentem,
1256 3191 1286 3239 ct
1296 3199 1388 3261 paene

311 3281 411 3344 dicam
431 3267 650 3342 ardescentem.
660 3275 834 3364 Simplicius
847 3283 884 3343 de
907 3280 1037 3366 Epicteti
1058 3282 1224 3346 acrimonia
1247 3307 1254 3342 ι
1279 3310 1296 3337 a
1321 3283 1389 3366 Qui

310 3386 351 3450 ab
366 3406 402 3447 ea
421 3405 483 3446 non
501 3386 664 3461 excitetur,
686 3409 759 3450 eum
776 3408 837 3448 non
860 3387 919 3450 nisi
940 3391 1020 3474 apud
1039 3388 1206 3452 inferorum
1217 3389 1389 3452 tribunalia

310 3491 530 3574 corrigendum.
550 3517 564 3543 a
591 3487 641 3552 De
670 3505 773 3553 nostro
799 3491 955 3556 verissime
979 3515 1143 3578 usurpem
1168 3515 1291 3556 sensum
1309 3496 1391 3560 boni

311 3597 487 3678 honestique
501 3595 683 3675 nonhabet,
697 3619 788 3680 quem
801 3620 839 3660 eo
849 3620 909 3660 non
925 3585 1063 3684 impellit.
1073 3600 1203 3686 Atipsc,
1219 3602 1389 3684 inquiunt,

310 3703 373 3766 baec
385 3724 446 3765 non
463 3703 563 3766 sensit.
578 3701 651 3764 Non
666 3703 779 3792 sensit?
795 3707 832 3765 da
846 3706 896 3784 qui
911 3706 1050 3785 simulat,
1068 3721 1099 3768 et
1117 3707 1159 3770 sic
1180 3707 1294 3770 scribit.
1322 3707 1393 3772 So-

310 3807 435 3896 phocles
449 3809 523 3872 olim
539 3829 610 3871 vere
627 3832 634 3868 ι

582 3973 772 3994 ············
787 3941 912 4012 ἄνδραγδιρ
923 3948 1000 4005 καλαῖς

514 4028 642 4099 llps‘osare’
653 4031 740 4093 ἀνάγκη
750 4035 844 4100 χρηστὰ
855 4033 980 4102 κερδαίνειν
990 4035 1048 4090 tua·

586 4151 776 4172 ............
790 4119 874 4174 virum
885 4135 921 4174 est
930 4143 992 4196 opus

516 4207 586 4261 Bene
597 4209 746 4274 facientem,
756 4210 832 4265 verba
843 4214 963 4284 consequi
975 4213 1050 4267 bona.

314 4327 373 4392 Est
384 4349 458 4412 opus
473 4339 503 4389 et
513 4349 529 4388 e
541 4325 622 4390 sonte
632 4347 724 4410 puro,
737 4349 831 4410 pura,
848 4350 864 4391 e
878 4331 1011 4411 sordido,
1023 4333 1142 4396 sordida
1153 4347 1183 4395 et
1192 4335 1391 4400 mandantis
