2926 4958
265 443 761 516 ADSTOIC.PH1L08.
788 445 887 516 LlB.
913 446 963 514 ΙΙ.
1056 471 1140 514 cxxv

96 587 170 648 sicde
180 584 337 669 Praeceptis
347 587 448 648 dicere
460 586 575 668 possis,
602 587 705 670 palam
715 589 838 669 juvare,
860 586 988 649 latenter
997 584 1138 650 Decreta.

96 689 226 776 Βέοητο
238 705 268 754 et
286 691 346 754 alia
359 691 551 754 similitudine
571 710 638 754 rem
654 692 814 775 ingeram,
839 704 870 754 et
886 691 975 754 simul
991 690 1139 754 Ordinem

96 801 276 860 dicendorum.
296 797 381 862 Sicut
397 798 429 858 iu
442 797 551 861 arbore
564 796 711 866 Radiceru
721 797 835 875 hahes,
858 820 893 861 ex
915 819 950 860 ea
965 796 1140 876 Truncum,

95 926 123 964 ex
134 905 173 966 his
184 903 319 982 Remos,
340 905 448 966 deinde
459 903 592 965 ramulos
609 917 660 964 aut
670 902 808 988 Flagella
821 927 828 964 ε
845 904 888 968 sic
898 905 930 966 iu
944 902 1139 988 Philosophia

95 1011 168 1086 seito,
177 1012 308 1092 pdmum
321 1011 443 1092 aliquod
456 1007 623 1072 Decretum
637 1012 731 1072 instar
745 1008 868 1073 Radicis
885 1010 1018 1088 hahere,
1036 1012 1142 1094 proxi-

94 1139 162 1178 mum
173 1133 203 1179 ut
213 1118 390 1192 Truncum‚
405 1116 525 1178 minora
546 1129 578 1178 ut
596 1114 735 1188 Ramos;
766 1118 892 1199 denique
912 1118 1031 1200 copiam
1053 1118 1138 1178 illam

93 1217 292 1306 hueptnrmn
324 1223 484 1286 succedere
505 1235 536 1284 et
558 1243 594 1284 ex
619 1222 657 1284 iis
683 1243 827 1307 surgere,
850 1245 922 1286 vere
937 1221 1074 1306 Flagells
1101 1225 1139 1284 ad

93 1329 191 1391 ammos
203 1331 362 1414 erigendos
376 1341 406 1391 et
422 1329 597 1392 incitandos.
687 1393 690 1398 ,

355 1525 703 1604 DlssEItTATlo
735 1527 845 1591 Xlll.

213 1687 257 1746 De
272 1685 368 1759 Fine,
384 1687 440 1744 sive
456 1685 564 1745 Ultrino
583 1688 723 1746 Bonum
738 1707 745 1745 :
758 1698 786 1746 et
795 1688 860 1768 quis
871 1687 920 1748 ille
928 1689 995 1748 sil?

123 1867 290 1932 antanun
304 1871 394 1954 igitur
410 1870 526 1954 abipsa
543 1868 673 1948 Badies,
691 1871 722 1932 id
736 1882 780 1932 est
792 1867 869 1934 Fine
883 1893 918 1932 :a
932 1893 991 1953 quo
1007 1877 1138 1957 pendent

93 1977 193 2053 emta,
211 1978 250 2038 ad
263 1999 357 2058 quern
369 1977 539 2039 relenmtur
555 1976 658 2038 omnia
675 1999 682 2036 :
700 1976 794 2056 etqui
812 1976 892 2038 velut
904 1999 1014 2060 parens
1027 1993 1055 2042 et
1066 2005 1136 2044 rec-

91 2074 252 2162 torqoidam
265 2097 314 2145 est
330 2081 545 2146 Decretomm.
563 2081 673 2145 Finem
694 2080 794 2146 Graeci
810 2091 887 2156 Τέλος
903 2086 1019 2165 dicunt,
1043 2090 1135 2171 paulo

92 2187 162 2250 aliter
174 2191 204 2251 in
220 2188 439 2274 Philosophia,
461 2211 551 2271 quam
565 2191 654 2272 uulgo
671 2234 679 2264 ‚
703 2189 755 2251 uhi
769 2189 960 2254 ellectionem
973 2193 1137 2276 perlectio—

92 2307 199 2371 oemque
218 2293 265 2354 rei
284 2291 452 2374 siguificat,
479 2305 512 2352 ut
535 2290 566 2352 iu
588 2287 749 2366 Homero,
770 2309 806 2352 ac
825 2291 940 2373 priscis.
955 2289 997 2353 At
1020 2295 1135 2376 primus

91 2390 161 2457 Plato
173 2395 373 2480 Philosophia
384 2397 536 2480 adjunxit,
552 2410 581 2458 et
595 2397 748 2458 restrinxit
763 2441 772 2469 ,
789 2417 846 2479 pro
861 2418 921 2474 eo,
936 2400 1017 2478 qnod
1028 2400 1061 2460 in
1075 2402 1136 2462 rita

91 2500 208 2564 ultimum
223 2503 404 2587 appetimus.
423 2502 555 2584 Ideoque
574 2499 685 2566 Cicero
702 2503 814 2584 passim
833 2505 922 2566 vertit
936 2518 966 2565 et
978 2507 1132 2588 appellat,

90 2602 218 2670 Ultimum
234 2655 244 2686 ,
259 2607 456 2680 Extremum,
474 2605 642 2670 Summum.
658 2605 838 2670 Necessaria
851 2607 914 2670 haec
929 2610 1059 2692 cognitio
1079 2633 1086 2669 ε
1106 2626 1135 2674 et

89 2708 160 2774 Plato
172 2717 250 2778 idern
263 2716 395 2792 censuit,
415 2743 430 2770 κ
440 2714 576 2777 inutilem
591 2734 713 2775 omnem
727 2714 882 2776 scientiam
892 2759 902 2789 ,
914 2715 977 2775 imo
991 2717 1133 2797 noxiam,

89 2817 139 2880 sine
153 2821 253 2884 notitia
277 2822 385 2905 optimi
404 2821 504 2882 linis.»
525 2824 539 2898 (
548 2819 584 2880 lu
595 2819 728 2898 Thaeet)
747 2817 830 2899 Quid
848 2817 1049 2886 Aristoteles?
1071 2828 1135 2909 ejus

88 2919 178 2982 &tum
194 2945 202 2978 ε
220 2920 412 2984 «Enimvero
428 2925 467 2984 ad
481 2921 574 2984 vitam
587 2919 676 2982 etiam
691 2920 789 2990 utilis,
802 2933 832 2981 et
845 2940 987 3002 maguum
999 2945 1136 2988 momen

89 3037 140 3085 tum
152 3026 238 3090 hahet
252 3028 385 3111 cognitio
401 3023 486 3088 Finis
505 3050 512 3084 :
535 3039 623 3106 atque
645 3038 677 3086 ut
698 3025 857 3107 sagittarii,
872 3026 923 3106 qui
937 3048 1062 3112 scopum
1075 3032 1134 3093 ha-

89 3127 149 3192 hent
159 3179 167 3208 ,
179 3135 273 3218 magis
286 3136 367 3215 quod
380 3145 499 3216 oportet
513 3151 716 3212 assequamur.
730 3159 745 3183 ι·
759 3130 792 3212 ll
803 3129 903 3194 Ethic.
919 3131 1040 3198 Nicom.
1052 3158 1078 3200 c.
1092 3140 1134 3215 a.)

87 3236 121 3297 tlt
139 3237 244 3302 Cicero
268 3263 277 3298 ι
303 3238 412 3320 «Quid
432 3253 477 3301 est
497 3239 528 3299 in
551 3239 609 3298 vita
628 3250 783 3320 tantopere
803 3241 1015 3319 quaerendum,
1043 3265 1134 3324 quana
1228 3305 1234 3312 ,

87 3343 144 3423 quis
156 3346 191 3407 sit
202 3345 310 3422 Finis,
328 3348 407 3428 quod
423 3358 608 3419 extremum,
625 3345 705 3424 quod
717 3343 872 3419 ultimum,
888 3365 948 3426 quo
962 3347 1022 3408 sint
1035 3352 1135 3412 omnia

87 3449 152 3513 hene
164 3455 281 3516 vivendi
295 3467 435 3533 recteque
448 3450 576 3514 faciendi
590 3449 713 3512 consilia
725 3448 902 3512 reserenda?
912 3479 927 3504 a
939 3451 972 3529 (1
983 3450 1032 3516 De
1041 3453 1108 3518 Fin.
1121 3461 1135 3535 )

86 3551 187 3622 Seneca
197 3575 303 3623 noster
323 3584 332 3618 ε
353 3587 369 3612 u
381 3557 590 3640 Proponamus
604 3567 724 3638 oportet
738 3553 847 3616 Finem
861 3557 971 3617 surnmi
984 3556 1077 3637 boni,
1096 3563 1135 3626 ad
1256 3579 1263 3590 ’

87 3683 162 3742 Μ
174 3667 324 3740 mutnus,
339 3667 379 3726 ad
387 3683 477 3745 quem
488 3681 578 3724 omne
590 3661 700 3724 lactum
713 3674 850 3722 nostrum
859 3661 1029 3743 dictumque
1039 3671 1134 3753 respi.

88 3769 151 3840 ciat,
164 3773 255 3835 veluti
268 3770 476 3854 navigantibus
487 3771 525 3830 ad
535 3769 615 3830 sidus
625 3768 746 3848 aliquod
757 3767 928 3850 dirigendus
939 3783 984 3830 est
994 3791 1106 3838 cursus.
1115 3805 1131 3832 2.

88 3872 181 3958 [Epist.
190 3882 281 3956 xcv.)
290 3875 418 3940 Pulchre
430 3890 518 3957 atque
524 3874 597 3936 alibi
608 3893 729 3936 cannam
739 3871 817 3937 hauc
829 3873 956 3935 stultitiae
968 3889 998 3937 et
1012 3879 1133 3948 malicia

88 3997 177 4044 nustm
188 3986 316 4061 asserit,
328 3986 468 4067 ignorare
480 4027 488 4058 ,
506 3993 556 4042 aut
568 4000 630 4041 non
642 3979 759 4042 assidue
774 4001 843 4040 eum
853 3971 1002 4045 meditari.
1015 3983 1133 4054 Lucilio

89 4107 131 4148 suo
145 4113 152 4146 :
167 4090 321 4174 «Quoties
337 4091 408 4172 quid
421 4089 593 4173 fugiendum
609 4087 665 4163 sit,
685 4099 735 4147 ant
754 4087 825 4166 quid
843 4089 1025 4168 petendum,
1047 4097 1130 4160 voles

88 4193 170 4256 scire:
188 4199 225 4258 ad
239 4217 392 4259 summurn
401 4195 514 4256 bonum
526 4206 555 4254 et
564 4191 751 4276 propositum
762 4191 851 4253 totius
866 4192 932 4276 vipae
942 4195 1067 4278 respice.
1082 4202 1131 4266 Illi

88 4301 156 4364 enim
169 4304 339 4367 consentire
353 4301 457 4376 dehet,
470 4299 610 4381 quidquid
624 4298 747 4380 agimus.
755 4297 830 4360 Non
845 4299 983 4382 disponet
996 4305 1127 4390 singula,
