2926 4958
247 501 315 567 AD
341 495 513 566 stote.
541 437 745 562 Pttttos.
771 492 866 561 LIB.
894 491 947 556 II.
1056 492 1131 556 xcvi

68 644 186 708 Platone
204 641 301 705 etiam
314 637 461 723 expressit
469 634 616 718 Apuleius
630 659 639 697 ε
657 661 671 688 n
685 632 906 717 Philosophum
922 644 1043 715 oportet
1061 632 1139 694 nihil

69 755 102 815 sie
117 771 233 834 agere,
252 768 344 830 quam
359 758 392 805 ut
407 763 528 826 semper
541 741 657 802 studeat
680 740 815 802 animam
835 740 973 823 corporis
992 740 1144 802 consortio

71 879 207 941 separare
220 878 228 914 ε
244 868 275 916 et
284 854 354 914 ideo
365 850 607 924 existimandum,
619 845 848 930 Philosophiam
860 869 926 910 esse
939 847 1046 911 mortis
1057 847 1149 910 all'ec-

70 967 228 1036 tationem,
245 958 552 1038 consuetudinemque
565 955 724 1018 moriendi.
744 983 759 1011 a
782 953 854 1034 (De
867 953 1096 1038 Philosophia.)
1116 953 1149 1017 Ο

72 1072 206 1132 salutaris
223 1069 289 1130 haee
311 1065 464 1144 delinitio,
478 1077 509 1124 et
522 1063 650 1124 monitio
666 1063 673 1122 l
690 1063 782 1124 etiam
795 1061 849 1123 illo
868 1083 977 1139 sensu,
996 1075 1029 1123 ut
1042 1061 1149 1123 ultima

72 1193 96 1240 et
101 1177 271 1261 posthuma
281 1172 481 1242 meditemur;
494 1183 524 1232 et
531 1170 668 1232 vivamus
678 1169 817 1230 morituri
830 1213 840 1244 ,
851 1169 1019 1250 iterumque
1032 1169 1148 1232 victuri.

73 1283 158 1346 Praeit
175 1296 209 1344 et
221 1281 283 1342 huc
298 1277 443 1341 Socrates
457 1279 537 1360 apud
551 1273 712 1337 Platonem
728 1298 736 1334 t
757 1303 772 1330 u
791 1273 982 1357 Quicumque
1004 1273 1145 1344 Bhssosn.

71 1391 141 1474 phiae
155 1389 294 1451 studium
307 1398 389 1448 recte
401 1397 431 1445 et
443 1403 515 1446 vere
530 1395 598 1445 sunt
612 1382 764 1465 amplexi,
781 1383 837 1443 etsi
848 1382 985 1444 nesciunt
1000 1382 1059 1444 hoc
1075 1382 1148 1456 alii,

72 1497 146 1557 aliud
161 1493 243 1555 nihil
258 1491 392 1576 cogitant
405 1503 435 1551 et
451 1491 587 1566 student,
600 1509 692 1570 quam
706 1487 791 1550 abire
802 1501 831 1550 et
839 1488 929 1550 mori.
943 1516 957 1542 ιι
973 1486 1153 1571 (luPhaed.)

71 1603 210 1685 Denique
225 1599 346 1663 Seneca
360 1619 399 1660 eo
413 1597 520 1681 aspicit
534 1620 542 1657 ε
557 1624 573 1652 «ι
591 1595 708 1659 Vivere
727 1609 790 1658 tota
810 1597 871 1658 vita
890 1597 1068 1660 discendum
1085 1611 1150 1674 est,

72 1723 98 1772 et
106 1711 188 1791 quod
200 1706 301 1790 magis
312 1704 441 1768 fortasse
451 1703 613 1765 miraberis
624 1715 707 1781 ‚tota
716 1701 777 1764 rita
788 1702 964 1765 discendtun
976 1716 1022 1766 est
1031 1704 1120 1765 mori.
1134 1731 1150 1758 »s

73 1815 141 1893 (De
151 1814 274 1878 Brevis
284 1811 350 1874 vis
361 1831 427 1895 cap.
440 1817 492 1895 7.)
505 1809 592 1874 ldem
602 1810 695 1872 alibi:
710 1835 725 1862 ι
737 1805 871 1892 Egregia
882 1830 932 1872 res
943 1823 1006 1883 est,
1019 1824 1153 1872 mortem

72 1923 268 1990 condiscere;
284 1918 433 1980 meditare
447 1930 598 1980 mortem:
614 1916 665 1998 qui
681 1914 741 1980 hoc
756 1916 847 1993 dicit,
868 1916 1011 1979 meditari
1025 1917 1153 1980 liberta-

74 2043 130 2090 tem
142 2028 239 2112 jubet.
258 2053 274 2079 ι»
289 2020 409 2108 (Epist.
424 2027 533 2103 xxvi.)

391 2229 740 2300 DISSERTATIO
774 2229 844 2294 lll.

76 2387 188 2447 Divisio
201 2387 398 2468 Philosophia
409 2387 656 2461 communissima,
665 2387 696 2446 in
706 2385 924 2464 Dogmoticom,
935 2385 1154 2460 Academicum,

239 2492 412 2574 Scepticam.
433 2491 515 2576 Quid
525 2493 670 2571 singulte?
681 2502 710 2553 et
719 2493 877 2555 Academia
889 2493 991 2553 ἀίοίεα.

111 2663 250 2728 Dtvtsto
270 2665 335 2748 ejus
350 2664 555 2748 subjungenda
571 2679 636 2735 est;
658 2679 746 2748 atque
766 2687 802 2728 ea
821 2666 987 2750 multiplex.
1007 2663 1157 2728 Primaria

72 2785 101 2832 et
115 2772 257 2834 maxime
273 2755 424 2853 generalis
436 2783 481 2833 est
493 2795 500 2832 ι
512 2769 741 2855 Philosophiam
755 2771 906 2855 triplicem
915 2794 997 2849 esse,
1015 2771 1159 2857 Dogma-

71 2879 181 2952 tieam,
193 2877 413 2939 Academicam
424 2923 434 2954 ,
445 2875 624 2962 Scepticam.
638 2876 820 2962 Dogmatica
832 2892 896 2956 est,
915 2901 980 2962 quae
992 2883 1113 2943 decreta
1128 2895 1159 2942 et

71 2985 243 3046 sententias
258 2983 307 3062 (id
323 2988 409 3067 δόγμα
424 2981 562 3062 Graecis)
575 2985 679 3068 pouit,
698 2998 728 3047 et
742 2985 845 3047 adnuit
858 2985 971 3067 aliquid
984 2986 1157 3069 abnuitque.

68 3091 286 3168 Academica,
305 3113 372 3172 quae
388 3092 503 3154 incerta
518 3093 620 3152 omnia
635 3091 707 3154 facit
719 3085 795 3165 3'aut
808 3079 945 3173 quaedam
961 3107 1077 3154 tantum
1089 3114 1160 3176 pro-

69 3199 190 3260 habilia
205 3245 213 3274 ,
231 3199 350 3282 integra
365 3219 487 3281 semper
499 3197 652 3280 judicandi
665 3211 822 3281 potestate.
836 3197 996 3282 Sceptica,
1012 3223 1078 3282 quae
1094 3199 1159 3283 ipsa

67 3307 121 3367 illa
136 3304 321 3390 probabilia
336 3302 434 3380 tollit,
449 3302 526 3372 niltil
544 3303 709 3377 definiens,
723 3326 781 3367 nec
799 3304 860 3367 hoc
873 3307 973 3386 ipsum
987 3307 1063 3367 nihil
1080 3305 1159 3368 deli-

67 3415 146 3476 nire.
166 3410 289 3472 Dicam
304 3408 462 3487 distincte,
478 3422 509 3473 et
520 3410 653 3471 maxime
670 3411 707 3471 de
724 3410 838 3473 duabus
852 3411 915 3473 istis
933 3436 941 3471 ι
957 3413 1027 3494 quia
1041 3410 1159 3475 Seneca

68 3534 97 3580 et
110 3517 220 3581 Stoici
236 3516 335 3577 nostri
346 3537 425 3600 saepe
440 3528 564 3599 tangunt
580 3540 587 3574 :
605 3529 635 3578 et
648 3537 698 3577 res
709 3530 771 3592 est,
784 3539 850 3598 quae
863 3517 938 3580 lucis
953 3531 1029 3598 eget.
1045 3517 1157 3582 Dicam

67 3639 173 3688 antem
190 3646 212 3684 a
230 3621 341 3704 capite.
356 3619 710 3705 QuintuplexAcademia
724 3642 743 3682 o
758 3619 849 3684 Sexto
863 3621 1032 3706 Empirico,
1047 3638 1078 3688 et
1090 3639 1159 3687 ante

69 3754 139 3792 eum
151 3753 172 3792 a
183 3727 298 3790 Tullio
310 3726 388 3790 sacta
403 3751 410 3786 τ
424 3725 541 3804 Vetus,
553 3725 676 3799 Media,
688 3725 777 3789 Nova
790 3773 798 3799 ,
811 3726 967 3806 Philonia,
979 3729 1157 3793 Antiochea.

70 3837 170 3902 t'etus
187 3847 259 3910 est,
277 3833 325 3896 eui
335 3831 493 3896 Socratem
507 3847 537 3896 et
547 3832 707 3896 Platonem
721 3847 858 3896 auctores
872 3835 984 3898 iaciunt
999 3861 1006 3895 :
1023 3837 1159 3917 aquibus

71 3945 122 4004 illa
137 3954 176 4014 εἰς
192 3947 309 4022 ἑκάτερα
319 3945 493 4024 ἐπιχείρησις,
504 3941 650 4000 imtmctio
666 3942 695 4000 in
709 3950 852 4022 utrumque
862 3951 978 4023 portem
990 3942 1156 4018 disserendi,

69 4050 223 4112 meavit.
237 4043 350 4108 Cicero
367 4048 406 4108 ad
418 4043 613 4107 Aristotelem
628 4045 742 4108 refert:
762 4073 776 4098 «ι
787 4059 817 4107 et
837 4047 881 4124 is,
893 4047 1003 4128 inquit,
1019 4050 1159 4132 princeps

70 4157 242 4242 amplexus
256 4152 514 4228 consuetudinem,
526 4152 563 4213 de
579 4150 720 4213 omnihus
729 4150 831 4228 rebus,
840 4153 871 4214 iu
880 4153 1047 4218 contrarias
1057 4170 1159 4239 partes

70 4259 291 4326 disserendi.»
306 4255 398 4339 Quod
406 4277 551 4341 negamus
561 4302 571 4333 ,
583 4271 614 4319 et
623 4257 716 4338 liquet
727 4254 884 4320 Socratem
894 4260 1069 4336 instituisse,
1080 4261 1160 4324 huuc
1191 4311 1193 4315 .

72 4371 206 4434 tortasse
223 4365 356 4428 auxisse.
369 4362 451 4429 Nam
465 4385 557 4446 quum
571 4363 664 4448 prisci
677 4383 800 4442 omues,
813 4363 954 4443 Barbari,
967 4363 1159 4452 Pythagorei,

194 4475 221 4530 ¹·
1030 4495 1052 4545 s
