2926 4958
223 473 287 542 AD
312 473 489 544 STOIC.
515 471 727 542 PHILOS.
753 469 850 538 LIII.
877 471 929 540 II.
1046 475 1123 543 cxlv

88 620 176 702 uagis,
190 639 275 700 mam
292 617 457 680 affirmare.
473 613 541 678 Etsi
558 615 608 678 hie
622 615 694 697 quid
708 615 862 677 dubitem?
880 616 955 678 sicut
968 613 1074 679 Solem
1088 618 1130 680 il-

88 727 148 802 lunt,
162 747 245 808 quum
259 737 343 788 ortus
357 737 421 801 est,
438 723 575 786 ridemus

222 863 367 917 Cenrestire
379 882 423 916 sua
437 861 631 937 perfundentem
644 859 730 913 omnia
745 861 801 914 luce
816 901 823 926 ,

88 1001 246 1077 convestire,
262 981 317 1062 sed
337 1013 367 1062 et
388 999 561 1062 demulcere
583 1023 590 1056 τ
611 999 653 1060 ita
669 999 719 1060 hic
736 997 887 1078 dixerim,
903 999 1053 1082 fulgorem
1068 1001 1133 1081 ejus

89 1107 212 1168 sententiae
222 1107 322 1168 statim
334 1105 525 1169 honestiores
540 1127 673 1187 quasque
691 1105 808 1167 animas
822 1107 1005 1188 pervadere,
1022 1119 1053 1167 et
1066 1127 1136 1189 per-

89 1209 401 1294 suadereltaquevetus
415 1231 531 1284 ea,non
539 1211 654 1272 novitia
664 1224 718 1273 est.
729 1210 938 1274 Brachmanes
949 1215 1029 1294 apud
1043 1211 1135 1276 Indos

89 1322 207 1396 (quorum
215 1317 305 1380 hodie
317 1299 410 1401 genus
422 1329 452 1378 et
462 1338 575 1380 nomen
586 1315 781 1400 perseverat]
789 1317 952 1380 censebant
965 1342 972 1375 ι
988 1345 1002 1372 o
1013 1317 1135 1378 Bonum

88 1435 126 1482 aut
136 1421 241 1486 uuum
254 1424 332 1486 nihil
347 1445 412 1488 esse
427 1444 554 1500 eorum,
567 1445 632 1505 quae
645 1422 984 1510 hominibus'aceidunt,
1001 1438 1052 1486 aut
1067 1445 1135 1485 eve-

88 1528 171 1605 niunt,
187 1552 247 1592 uon
263 1531 347 1594 enim
362 1529 450 1602 lore,
473 1543 505 1591 ut
519 1529 627 1591 iisdem
645 1529 697 1590 alii
712 1543 916 1613 angerentur,
932 1529 984 1590 alii
999 1529 1138 1592 laetaren-

90 1645 125 1694 tur
134 1684 142 1704 ,
152 1638 332 1698 somniorum
346 1636 461 1699 similes
473 1647 636 1720 conceptus
649 1635 806 1698 babentes.
815 1663 829 1690 ιι
845 1633 965 1716 (Strab.
976 1634 1045 1697 Lib.
1053 1634 1140 1717 XV.)

89 1737 154 1820 Qut
164 1741 286 1830 Cynici?
310 1756 414 1827 aperte
440 1767 448 1802 :
472 1739 643 1806 «Sufficere
659 1741 814 1803 Virtutem
829 1741 867 1803 ad
881 1741 1009 1804 Beatam
1024 1742 1138 1820 dmm,

90 1845 156 1908 nullo
168 1849 347 1934 indigentem
361 1895 369 1924 ,
385 1849 444 1912 uisi
459 1846 615 1911 Socratico
630 1848 754 1911 robore.
763 1877 777 1902 υ
793 1845 896 1930 Quam
907 1849 1142 1912 additiunculam

90 1953 258 2038 interpreter,
276 1955 393 2048 requiri
407 1969 523 2018 tantum
540 1969 728 2020 constantem
747 1951 956 2039 Sapientiam,
973 1969 1003 2018 et
1017 1957 1144 2040 sapien-

91 2069 138 2120 tem
147 2055 368 2141 Constantiam,
385 2063 425 2124 ad
437 2061 495 2123 viti
506 2061 586 2124 illius
594 2062 760 2145 exemplar.
776 2061 845 2144 Ipse
857 2059 945 2123 Plato
961 2063 1000 2122 ita
1014 2063 1143 2124 sensisse

91 2164 243 2242 quibusdam
256 2167 364 2230 risus:
384 2181 414 2229 et
425 2165 556 2229 christo
574 2164 693 2232 Stoicus
711 2169 773 2248 (ait
787 2165 951 2246 Clemens)
973 2185 1035 2231 trcs
1048 2168 1144 2230 libros

90 2271 148 2334 olim
160 2275 297 2359 scripsit,
312 2274 371 2337 hoc
383 2271 471 2336 titulo
485 2297 492 2333 :
509 2271 601 2356 Quod
615 2277 698 2357 juxta
712 2274 892 2350 Platonem,
908 2276 1009 2338 solum
1023 2273 1145 2340 Hones-
1229 2305 1233 2314 ·

90 2390 140 2439 ton
148 2378 269 2444 Bonum.
278 2411 294 2436 o
310 2377 389 2458 (Lib.
400 2380 441 2442 V.
451 2378 577 2464 Suom.)
586 2379 647 2446 Sed
657 2380 798 2460 Hebraei,
812 2396 842 2444 et
852 2383 949 2445 nostri
960 2383 1052 2446 etiam
1062 2430 1071 2460 ,
1082 2404 1144 2446 nou

89 2485 168 2550 aliter.
181 2487 253 2572 Quae
263 2512 371 2566 mens,
387 2487 447 2552 nisi
460 2490 535 2566 ista,
549 2488 782 2574 Psalmographi
794 2491 895 2574 regis?
910 2490 1024 2552 «Beati
1038 2491 1145 2552 imma-

90 2585 163 2649 culati
180 2591 209 2652 in
229 2592 278 2654 ria
301 2620 317 2648 »a
341 2589 414 2672 (Ps.
434 2587 605 2668 CXVIII.)
627 2591 755 2666 :uirtuti
776 2589 929 2674 adjuncti,
948 2590 1027 2652 vitiis
1045 2587 1145 2650 alieni.

90 2687 150 2772 (hm
162 2699 221 2780 ejus
233 2697 289 2760 filii
301 2697 314 2759 ἲ
333 2723 348 2750 o
361 2695 520 2759 Venerunt
536 2695 610 2758 mihi
628 2699 731 2758 omnia
752 2697 867 2780 pariter
881 2717 950 2758 cum
969 2693 1122 2778 Sapientia
1137 2742 1144 2771 ,

92 2799 340 2866 ttinnonnerabilis
355 2801 508 2866 Honestas
524 2823 580 2886 per
593 2823 700 2867 manus
716 2801 806 2864 illius.
818 2830 833 2856 »ι
850 2801 944 2886 (Sap.
959 2824 985 2864 c.
999 2803 1050 2886 7.)
1068 2799 1146 2864 Pla-

90 2907 261 2974 nissimehuc
276 2911 390 2974 dictum
403 2958 411 2989 ,
426 2914 506 2993 quod
523 2906 668 2974 Comicus
685 2911 778 2972 etiam
789 2923 912 2984 noster,
930 2910 1045 2971 voluit:

235 3056 325 3108 Vetus
336 3055 423 3108 omnia
434 3054 463 3108 in
474 3053 585 3108 sehabet
596 3091 604 3122 ,
617 3054 702 3106 omnia
717 3055 809 3106 adsum
821 3053 887 3106 bona

236 3147 323 3214 Quem
334 3165 411 3219 penes
423 3158 460 3198 est
471 3145 565 3197 Virtus.
618 3145 735 3212 (Penus.
746 3144 887 3218 Amphitr.)

88 3275 123 3340 Et
136 3282 203 3345 aliln'
223 3281 372 3346 Hebraeus
390 3283 530 3366 sapiens:
550 3279 689 3344 «Beatus
704 3283 769 3360 vir,
792 3281 890 3363 quiin
906 3279 1062 3364 Sapientia
1078 3301 1150 3343 mu—

90 3399 186 3448 tatur.»
196 3388 271 3451 Jam
282 3393 321 3452 de
330 3389 453 3466 nostris,
467 3385 611 3452 Clemens
622 3389 759 3450 audiatur
765 3385 1148 3470 (Lib.V.Strom.l:«htqui

89 3485 181 3556 &lum
194 3495 310 3558 boum
325 3493 496 3560 Honestum
507 3515 591 3569 esse,
604 3495 689 3557 novit
702 3509 732 3556 et
745 3493 884 3556 Barbara
891 3495 936 3573 (id
948 3509 993 3556 est
999 3494 1023 3555 J
1025 3498 1106 3557 udaea
1121 3509 1152 3556 et

88 3615 175 3664 noma
190 3605 204 3682 )
218 3602 437 3688 Philosophia,
455 3604 607 3686 itemque,
626 3601 781 3663 Virtutem
800 3603 937 3665 sulficere
951 3606 990 3663 ad
1004 3600 1150 3665 Felicita-

90 3719 156 3780 tem;
172 3711 224 3772 ubi
241 3713 316 3772 dixit
335 3735 342 3773 ε
363 3709 445 3773 Eece
463 3711 531 3772 dedi
545 3723 614 3772 ante
627 3709 732 3772 oculos
742 3723 810 3771 tuos
827 3709 948 3771 Bonum
965 3724 993 3772 et
1010 3709 1148 3788 Malum,

92 3809 179 3878 litam
194 3833 225 3880 et
234 3815 393 3893 Mortem,
411 3818 487 3902 elige
499 3817 614 3879 Vitam.
628 3815 735 3898 (Dent.
750 3815 839 3895 XX.)
849 3817 931 3880 Nam
945 3817 1067 3881 Bonum
1088 3822 1152 3901 qui-

90 3918 148 3981 dem
162 3921 269 3985 Vitam
286 3923 440 4008 appellat,
464 3939 494 3987 et
513 3921 683 3986 Honestam
704 3926 768 4007 ejus
783 3924 971 3987 electionem.
987 3925 1151 4010 Utriusque

90 4043 176 4092 tutem
194 4027 284 4093 Finis
298 4032 390 4094 idem.
410 4029 473 4094 Dei
489 4043 642 4093 amantem
657 4043 688 4092 et
700 4045 857 4094 verentem
876 4055 953 4096 esse.
973 4063 989 4089 ι»
1009 4035 1150 4117 Denique

91 4135 176 4196 addit:
193 4135 417 4220 nIIaeejactant
429 4137 547 4200 assidue
565 4135 685 4199 Stoici»
701 4164 710 4200 2
726 4152 758 4199 ut
768 4139 870 4202 videas
885 4161 955 4202 eum
966 4144 1077 4204 nostris
1089 4143 1152 4204 istis

89 4235 170 4304 Sacra
179 4243 313 4328 pariare.
328 4241 411 4326 Quid
426 4257 528 4306 autem
540 4243 746 4307 Ambrosius?
762 4242 954 4329 Seps-etiam
965 4247 1104 4322 Stoicus,
1122 4265 1154 4309 ut

91 4345 236 4414 oberravi
246 4378 255 4424 ς
266 4351 317 4415 hic
329 4351 449 4432 quidem
459 4351 576 4435 pelam:
592 4379 606 4406 ιι
615 4349 701 4416 Nihil
714 4349 848 4434 Bonum,
861 4355 969 4437 inquit,
984 4355 1167 4448 Scriptura,

209 4457 230 4508 l.
1061 4465 1079 4513 lt
