2886 4958
219 645 285 766 s.
325 643 630 766 auum
673 643 1042 766 sonuum

92 915 260 1082 DE
307 913 1159 1086 CONSTANTIA

418 1217 844 1344 sarruurrs,

586 1473 675 1514 SIVE

132 1654 339 1746 QUODJN
364 1653 619 1724 SAPIENTEM
642 1653 737 1724 NON
762 1653 901 1723 CADIT
927 1651 1119 1737 lutitant,

414 1877 608 1964 LIBER
651 1878 841 1964 UNUS.
911 1897 914 1904 '

533 2087 722 2114 *—

87 2267 171 2334 css.
187 2265 216 2332 Ι.
233 2226 410 2331 Taurum
436 2265 526 2332 inter
549 2265 700 2345 Stoicus,
723 2266 871 2346 Serene,
898 2280 932 2332 et
950 2281 1088 2335 ceteros
1112 2292 1164 2334 aa·
1195 2299 1204 2331 t

88 2379 256 2472 pientiam
279 2377 466 2471 proiess0s¹
493 2378 679 2460 interesse,
705 2393 870 2470 quantum
895 2379 985 2446 inter
1010 2379 1163 2448 soeminas

86 2511 125 2564 et
144 2519 279 2578 mares,
301 2517 371 2564 non
386 2493 555 2565 immerito
576 2492 721 2563 dixerim
740 2518 873 2584 :quum
894 2511 1039 2586 utraque
1064 2495 1162 2564 turbs

86 2611 229 2682 advitae
247 2613 441 2680 societatem
459 2608 668 2678 tantumdem
683 2609 835 2678 conferat
849 2614 876 2692 ²,
894 2607 955 2677 sed
967 2609 1073 2678 altera
1084 2635 1163 2704 para

85 2726 134 2798 ad
153 2727 428 2820 obsequendum,
445 2727 553 2794 altera
570 2727 715 2819 imperio
728 2741 807 2794 nata
822 2725 877 2794 ait.
896 2727 1019 2794 Caeteri
1033 2729 1164 2820 sapien-

87 2842 156 2915 tes³
170 2845 318 2913 molliter
330 2861 365 2912 et
375 2842 521 2925 blande,
535 2859 573 2910 ut
584 2843 655 2910 iere
669 2841 844 2912 domestici
858 2859 893 2910 et
903 2841 1086 2912 familiares
1098 2869 1164 2912 me-

122 3068 143 3118 l.
156 3067 224 3118 Alte.
238 3063 317 3116 Stoici
328 3074 445 3134 praestant
456 3080 544 3114 omnes
555 3077 601 3113 coe-
646 3060 694 3130 qui
702 3061 734 3112 de
742 3059 846 3114 historia
854 3060 1020 3136 philosophiae
1028 3063 1161 3137 scripsere,

84 3161 156 3198 seros
166 3141 329 3215 philosophos
341 3140 423 3205 virili,
431 3159 507 3211 quam
518 3139 601 3211 ingre·
646 3136 751 3204 Butte,
767 3139 792 3190 T
789 3143 941 3206 iedemann,
952 3143 985 3193 de
998 3141 1129 3196 Gerunda.

86 3226 216 3286 dinntur,
235 3220 295 3283 via,
317 3237 374 3290 quse
398 3218 472 3270 initio
497 3217 601 3290 quidem
684 3237 706 3270 a.
725 3217 1097 3290 Tantumdemconserat.l{oc
1110 3235 1159 3289 est,

86 3322 194 3376 aspera,
206 3300 250 3354 sed
264 3319 321 3352 mox
334 3299 409 3372 plana
424 3297 461 3350 fit.
477 3299 532 3349 Nec
542 3296 600 3350 osii·
651 3295 820 3348 idemaii'erat.
828 3299 887 3348 Non
896 3297 1047 3369 premendus
1055 3297 1104 3351 hoc
1112 3300 1159 3352 los,

87 3385 140 3446 cit,
154 3382 223 3454 quod
235 3381 343 3454 sapienti
355 3381 421 3432 mala
432 3380 555 3434 accidant,
648 3395 748 3440 sensus,
761 3376 833 3446 quasi
843 3377 963 3429 voluisset
976 3379 1066 3430 Noster
1075 3380 1159 3434 dicere

101 3477 108 3490 '
126 3485 148 3516 r.
168 3463 311 3515 (aterve...
321 3462 459 3534 professos.
475 3460 496 3511 l.
509 3481 530 3512 e.
543 3460 599 3534 phi·
651 3475 704 3508 non
719 3455 803 3508 minus
821 3481 842 3511 e.
861 3479 885 3530 g.
906 3457 1086 3512 Academicum
1101 3461 1160 3532 Epi-

88 3543 217 3616 iosophos.
229 3542 340 3614 Cynicos
352 3555 417 3593 certe
430 3540 551 3613 excipias,
566 3541 601 3592 ait
652 3555 786 3587 cureumve
800 3537 896 3602 (modo
911 3537 959 3589 hoc
972 3538 1077 3590 nomine
1091 3539 1158 3594 hand

87 3620 206 3694 Lipsius.
220 3620 264 3690 qui
279 3619 370 3672 duritie
385 3631 409 3670 et
420 3617 510 3670 robore
526 3637 602 3687 super
650 3617 788 3688 indignum
797 3619 807 3682 )
817 3617 911 3669 ceteris
919 3618 1063 3670 mortalium
1070 3621 1159 3674 utilem

88 3702 157 3770 ipsos
168 3699 282 3760 Stoicos,
294 3699 339 3750 etsi
351 3697 469 3771 dogmate
479 3697 531 3748 fers
539 3717 601 3749 con·
653 3715 703 3748 esse
725 3715 799 3765 qnam
820 3694 933 3748 Stoicum
947 3717 954 3758 3
970 3695 1020 3748 hoc
1034 3698 1103 3749 enim
1121 3719 1159 3750 se-

86 3777 234 3829 veniebant.
251 3778 285 3829 At
296 3776 322 3828 h.
342 3777 358 3827 i.
373 3775 483 3849 Cynicos
495 3775 547 3848 ipse
560 3795 599 3828 ex·
649 3772 751 3841 quentia
768 3771 859 3823 salsum
876 3773 991 3826 indicant
1002 3791 1008 3826 :
1020 3774 1064 3826 ssd
1075 3776 1111 3827 ait
1123 3796 1158 3827 sa·

87 3855 171 3929 cepit,
184 3854 276 3928 quippe
284 3875 347 3923 quos
357 3853 436 3905 Stoici
448 3873 492 3927 pro
503 3873 600 3926 cogna—
647 3850 767 3923 pientiam
777 3850 809 3902 ab
821 3863 927 3920 utroque
938 3853 1024 3904 afferri
1035 3866 1059 3905 et
1071 3853 1098 3905 in
1110 3853 1158 3906 hu·

88 3935 121 3985 tis
130 3947 156 3986 et
166 3952 218 3986 snae
228 3933 303 4006 partis
313 3932 419 3984 addictis
427 3931 546 3984 habuere.
559 3931 598 3984 ct.
648 3951 752 3982 manam
766 3929 844 3982 vitam
859 3931 959 3996 induci,
971 3951 1029 4003 qna
1042 3935 1158 4003 quamvis

88 4031 127 4084 ap.
137 4011 219 4082 Diog.
234 4011 314 4062 Laert.
330 4010 375 4061 lib.
388 4011 456 4077 vlt,
473 4031 525 4084 cap.
546 4031 598 4062 121.
649 4009 715 4081 apud
726 4009 810 4060 varius
823 4009 890 4060 varia
902 4011 950 4076 sit,
964 4011 1060 4080 aliquid
1074 4025 1168 4074 tamen,

90 4089 262 4162 Apollodorus
276 4092 300 4140 is
311 4101 341 4159 τῇ
356 4092 434 4157 ἠθικῇ.
453 4089 532 4161 Lipsii
545 4089 600 4141 Ma-
649 4087 688 4138 vei
701 4085 734 4138 ob
751 4087 799 4140 hoc
815 4101 927 4160 prestat,
943 4091 1012 4160 quod
1025 4091 1055 4141 ad
1069 4090 1157 4142 altiora

87 4168 192 4220 uuduct.
202 4167 233 4218 ad
243 4166 320 4219 Stoie.
332 4166 447 4240 phitlib.
457 4168 485 4231 1,
495 4186 548 4239 cap,
559 4167 597 4229 13,
649 4178 672 4216 et
683 4165 799 4234 graviora
809 4178 918 4216 mentem
932 4180 1018 4220 vertat.

88 4245 163 4318 W.
174 4266 213 4316 sq.
221 4244 287 4298 item
297 4265 310 4295 e
319 4244 501 4296 recentioribus
511 4263 598 4298 omues
682 4245 704 4296 3.
720 4247 811 4297 Cateri
817 4249 944 4310 sapientes
956 4287 962 4314 ‚
973 4261 1018 4301 stc.
1028 4249 1093 4301 Nam
1105 4271 1159 4300 om-
