2900 4944
278 448 344 530 tat
605 441 674 512 DE
698 443 826 516 vth
848 443 1021 515 ΒΕΔΤΔ

326 576 437 644 XXV.
453 573 551 666 Quid
563 597 647 668 ergo
663 591 715 644 est
731 567 865 667 iquane
883 575 960 644 illas
972 579 1093 645 nonin
1111 577 1210 646 bonis
1231 587 1352 646 ntimo·

279 715 366 774 rem,
383 689 518 783 etquid
529 691 567 758 in
584 691 840 784 iliispraestam¹
856 691 963 774 aliud,
982 716 1165 784 quamtus,
1184 694 1350 786 quoniam

279 809 369 876 inter
378 822 541 899 utrosque
550 809 710 876 convenit
726 807 922 890 habendas,
946 806 1078 878 audito.
1096 811 1187 878 Pone
1206 810 1243 876 in
1260 831 1351 900 opu·
1416 867 1417 872 ,

278 923 463 992 lentissima
482 946 536 990 me
555 920 677 1006 domo,
704 948 793 1016 pone
814 924 873 992 ubi
898 947 1019 994 aurum
1041 940 1289 1019 argentumque
1309 925 1348 988 in

278 1039 470 1132 promiscuo
482 1063 545 1106 usu
556 1040 600 1108 sit
617 1066 625 1106 :
643 1063 712 1108 non
725 1041 904 1132 suspiciam
914 1045 987 1108 me²
1003 1040 1048 1108 ob
1061 1042 1137 1123 ista,
1154 1064 1231 1133 quse
1242 1041 1349 1108 etiam

279 1155 308 1222 si
320 1153 412 1246 apud
426 1179 492 1236 roc,
511 1171 606 1224 extra
622 1181 677 1224 mc
697 1172 810 1226 tamen
823 1172 914 1225 sunt.
934 1157 975 1224 ln
989 1150 1192 1226 subiicium³
1207 1172 1350 1250 pontem

279 1295 334 1340 me
346 1270 503 1354 transfer,
524 1286 559 1338 et
574 1272 664 1339 inter
679 1287 821 1366 egentes
831 1272 942 1365 abjice
958 1299 965 1338 ε
988 1295 1056 1340 non
1070 1273 1147 1342 ideo
1162 1289 1275 1342 tamen
1290 1297 1350 1340 me

279 1379 486 1480 despiciam⁴
500 1435 509 1469 ‚
523 1387 618 1480 quod
636 1389 673 1456 in
685 1388 821 1457 iliorum
839 1412 981 1456 numero
995 1387 1173 1473 consideo,
1192 1390 1254 1481 qui
1271 1413 1350 1457 ma-

279 1527 359 1572 num
381 1502 426 1572 ad
446 1505 567 1597 stipem
590 1506 792 1599 porrigunt3
812 1503 898 1596 quid
914 1505 1006 1572 enim
1020 1503 1063 1572 ad
1086 1529 1169 1584 rem,
1188 1527 1234 1572 an
1254 1505 1352 1572 irus-

283 1633 355 1688 tum
373 1621 472 1712 panis
485 1619 595 1704 desit,
620 1622 675 1690 oui
695 1645 765 1690 non
787 1618 882 1688 deest
898 1621 984 1688 mori
1002 1643 1100 1712 posse
1117 1621 1133 1688 i
1149 1619 1249 1710 Quid
1260 1643 1349 1712 ergo

280 1750 331 1804 est
345 1735 360 1802 i
377 1733 513 1804 domum
527 1736 619 1806 illam
631 1736 843 1832 splendidam
859 1736 959 1820 malo,
974 1759 1074 1828 quam
1085 1751 1237 1829 pontem.
1252 1737 1352 1804 Pone

280 1853 317 1920 iu
338 1853 574 1922 instrumentis
602 1845 908 1947 splendentibus⁵,
938 1868 972 1921 et
993 1851 1137 1920 delicato
1155 1867 1349 1945 apparatu:

280 1967 389 2036 nihilo
403 1991 457 2035 me
472 1968 659 2038 feliciorem
677 1970 837 2052 credam,
853 1963 945 2060 quod
962 1969 1046 2059 mihi
1065 1967 1164 2035 molle
1180 1968 1248 2036 erit
1259 1968 1351 2034 ami-

280 2079 435 2166 culum⁶‚
452 2084 545 2176 quod
566 2111 719 2180 purpura
745 2087 781 2155 in
802 2085 968 2153 conviviis
990 2085 1073 2152 meis
1095 2082 1349 2152 substernetur.

279 2198 395 2278 Nihilo
405 2201 561 2268 miserior
570 2227 648 2284 ero,
667 2204 696 2271 si
712 2203 798 2272 lassa
808 2203 922 2270 cervix
935 2223 1009 2268 mea
1024 2197 1247 2291 inmanipuio
1263 2197 1350 2265 imni

280 2315 492 2406 acquiescet,
515 2319 544 2386 si
565 2343 669 2412 super
685 2321 846 2389 Circense
869 2319 1095 2396 tomentum,
1116 2336 1177 2408 per
1197 2329 1352 2380 sarturas

279 2495 318 2544 oie
336 2494 360 2545 le
381 2505 436 2546 sort
456 2496 569 2549 d'uncnu
589 2501 696 2562 morte1,·
716 2496 787 2568 quusi
840 2493 927 2548 adteri
942 2493 1137 2566 descriptionem
1155 2489 1352 2562 dommo-38.

278 2587 360 2636 quom
370 2585 431 2624 esset
447 2583 588 2644 quanm,
607 2595 660 2628 non
672 2595 733 2628 vero
745 2595 786 2627 re·
870 2573 894 2637 4.
905 2571 1109 2642 Medespics'um.
1118 2568 1178 2624 Vid.
1186 2590 1255 2642 supr.
1269 2582 1350 2622 nota

279 2643 384 2700 iatirnm
398 2669 548 2723 pronomen.
872 2651 896 2702 5.
908 2649 944 2702 ln
953 2650 1133 2702 instrumentis
1144 2647 1354 2713 splendentibus·

312 2723 475 2780 ΧΧῊιῦ.
488 2727 661 2784 continuatio.
757 2731 761 2736 “
835 2727 1004 2779 lasnnmsnta
1031 2724 1139 2797 intellig.
1161 2723 1300 2796 voluptatis
1329 2739 1356 2776 et

315 2821 337 2854 ι.
345 2801 481 2857 Pratum.
494 2805 648 2870 Ostendam,
661 2808 786 2880 proferam
836 2805 940 2859 luxurie
952 2817 981 2857 nt
991 2803 1158 2878 monopodia,
1167 2816 1298 2876 gem-ata
1306 2823 1354 2878 po-

280 2877 311 2932 iis
323 2893 403 2934 utens.
837 2881 892 2940 cula
902 2921 910 2948 ,
920 2881 995 2954 dapes
1005 2899 1068 2935 rara
1075 2893 1099 2934 et
1109 2899 1124 2932 a
1133 2880 1276 2952 longinquo
1287 2879 1354 2952 peti-

312 2977 335 3010 a.
348 2957 408 3011 Non
419 2961 562 3027 suspiciam
579 2981 626 3016 me.
644 2961 677 3014 Η.
697 2981 719 3014 e.
736 2981 788 3014 non
837 2973 882 3022 te,
896 2960 918 3012 si
933 2959 964 3012 ad
976 2958 1094 3012 convivia
1104 2971 1212 3011 mentem
1225 2959 1352 3020 venam

284 3035 399 3108 superbia
413 3037 585 3090 intumescam.
601 3039 736 3107 Suspicere
753 3050 789 3091 est
837 3037 953 3091 tibicines
961 3035 1133 3098 celeberrimi,
1150 3033 1254 3108 optim
1266 3035 1353 3106 lym,

281 3115 465 3168 demirariiiic
472 3117 541 3168 enim
551 3115 652 3190 suspicit
661 3117 704 3186 qui
714 3137 742 3168 sa
751 3115 789 3167 in·
837 3115 859 3168 si
869 3113 901 3167 ad
908 3113 1038 3174 musicem
1050 3113 1139 3176 villas,
1159 3113 1272 3164 thermas
1282 3151 1290 3176 ,
1304 3111 1354 3164 cir·

280 3193 367 3246 feriori
382 3193 436 3246 ioco
454 3194 481 3245 in
496 3193 583 3247 altiora
600 3195 685 3246 oculos
706 3192 786 3254 toltit,
838 3201 1089 3255 causamentum,
1110 3190 1132 3242 si
1143 3190 1174 3242 ad
1191 3187 1331 3241 otiandum
1344 3207 1353 3248 ι

280 3269 325 3323 nbi
335 3273 386 3323 iere
397 3289 494 3344 semper
502 3272 615 3323 mirator.
623 3271 719 3323 Notum
729 3281 787 3324 este
837 3287 928 3334 canes,
941 3285 1035 3338 equos,
1047 3267 1211 3340 indaginem,
1225 3266 1249 3320 si
1259 3265 1294 3318 ad
1306 3287 1354 3319 ve-

281 3347 539 3415 contrariodespt'oere
547 3347 582 3399 id.
596 3367 647 3402 este
661 3368 690 3400 ac
703 3349 730 3400 eis
741 3365 789 3400 ns·
838 3344 962 3408 nandum,
971 3355 1016 3398 etc.

278 3415 387 3491 pensari
393 3441 402 3489 ‚¹
414 3423 542 3477 hecenim
555 3445 583 3477 se
595 3425 723 3498 superiore
732 3425 787 3477 ioco
870 3421 896 3474 6.
917 3419 1000 3473 Motte
1018 3425 1169 3474 onsicuiwn.
1185 3421 1222 3474 Ex
1240 3421 1352 3474 meliore

282 3501 455 3577 despicitque
468 3501 588 3556 inferiora
599 3515 664 3555 sunt.
678 3503 710 3554 Et
724 3502 789 3554 inie-
838 3501 897 3553 lana
910 3500 1031 3552 conferte
1045 3511 1124 3551 restes
1138 3498 1308 3562 coeuatorin,
1328 3511 1354 3552 et

281 3578 332 3630 rius
345 3579 420 3651 panio
440 3579 524 3633 vidsb.
541 3580 589 3634 xui‘
608 3583 790 3643 &aditorum
837 3595 1060 3652 sepepnrpurete‚
1085 3576 1353 3648 etstragnitestpul-

281 3657 432 3725 despiciam.
838 3655 908 3718 viiii,
920 3674 940 3706 s.
953 3654 1105 3718 triclinaria,
1119 3672 1176 3724 que
1188 3653 1261 3706 Plio.
1271 3655 1308 3705 N.
1318 3655 1355 3706 Β.

315 3734 339 3785 3.
346 3735 382 3786 lu
388 3737 526 3789 subtectum
531 3747 643 3804 mntem.
655 3735 751 3809 Sepias
761 3747 789 3788 ut
838 3734 875 3786 IX
879 3772 887 3800 ‚
895 3732 937 3798 36,
947 3731 1077 3806 cdibapha
1086 3732 1150 3805 tyria
1155 3732 1205 3802 jam
1213 3731 1297 3803 vulgo
1305 3732 1356 3784 fae·

282 3812 352 3866 sedes
370 3813 547 3868 mendicorum
564 3815 610 3868 iste
625 3834 688 3888 pons
703 3813 790 3866 Tiberi
840 3815 988 3870 uouendiu

283 3890 413 3965 impositos
421 3932 429 3953 ,
437 3893 548 3964 ideoque
556 3893 789 3966 hominumprtets·
873 3915 895 3964 7.
909 3893 1023 3949 Circaente
1033 3905 1182 3948 tomentum
1195 3893 1260 3945 Villi
1270 3892 1356 3948 iau·

282 3971 409 4024 reuntinm
417 3971 556 4042 frequentia
570 3972 707 4026 celebratus
718 3991 791 4026 com-
839 3973 888 4044 que
904 3972 992 4025 breves
1013 3984 1037 4024 et
1054 3971 1132 4046 palen
1148 3984 1267 4042 arcuque
1288 3983 1355 4024 stra-

282 4055 436 4102 memoratur
447 4051 513 4122 apud
521 4051 703 4104 Vetereszec.
712 4049 782 4102 ovid
839 4064 949 4114 menta,
983 4052 1015 4104 sd
1046 4049 1217 4106 iniercisndas
1246 4051 1354 4105 culcitas

283 4124 329 4178 ilii.
341 4125 399 4189 4¹83
410 4127 520 4181 Martini,
529 4127 563 4192 Χ,
576 4131 601 4191 5;
614 4127 789 4190 «iuream,
839 4128 952 4182 adhibita
967 4148 981 4180 a
1001 4129 1169 4204 pauperibus,
1183 4128 1228 4199 qui
1245 4151 1265 4182 s.
1284 4129 1353 4182 indis

287 4199 343 4268 13&
360 4203 406 4269 Ν,
430 4203 482 4256 nti
501 4206 541 4258 De
555 4219 630 4277 ponte
641 4205 747 4259 sublicio
758 4207 790 4260 ci.
841 4206 1000 4264 Circensibus
1010 4207 1054 4260 tali
1067 4219 1180 4261 tomento
1193 4207 1351 4270 atinum·
