2910 4954
323 472 380 514 too
666 513 671 536 ἵ,
750 452 816 517 DE
848 449 940 517 IRA

317 576 361 643 sit
377 573 564 655 vindicari,
581 575 640 643 sed
658 577 754 667 quasi
768 576 851 644 utile
864 603 874 641 .·
890 600 978 671 saepe
989 592 1101 646 autem
1115 577 1218 644 satius
1231 575 1296 644 luit
1308 575 1371 644 dis·
1449 659 1450 666 ἵ

317 687 475 756 simulare
487 693 512 772 ¹,
534 713 633 781 quam
650 689 779 758 ulcisci.

278 826 287 858 ¹
364 805 532 873 xxxnt.
553 806 783 873 Potentiorum
802 806 935 899 injuriae
959 806 1060 875 hilari
1078 807 1198 888 vultu,
1224 829 1294 874 non
1314 829 1372 898 pa-
1449 865 1450 884 ,

318 921 440 990 tienter
453 937 582 992 tantum
597 920 855 1010 ferendaesun13
876 923 1001 992 facient
1013 925 1156 1008 iterum,
1169 923 1197 990 si
1210 946 1246 990 se
1261 923 1373 990 iecisse
1449 915 1450 950 ¹

316 1033 535 1106 crediderint.
557 1041 628 1106 Hoc
646 1037 775 1105 habent
791 1039 972 1130 pessimum
986 1037 1089 1120 animi
1106 1060 1228 1130 magna
1245 1035 1373 1104 fortuna

315 1150 525 1221 insolentes:
551 1176 635 1244 quos
658 1151 838 1236 leserunt,
863 1169 899 1221 et
921 1151 1102 1222 oderunt¹.
1121 1153 1299 1222 Notissima
1314 1175 1374 1220 vox
1449 1201 1450 1230 ,

272 1299 287 1330 ι
314 1280 365 1332 est
384 1259 494 1358 ejus³,
514 1266 574 1358 qui
589 1267 626 1333 in
644 1265 737 1334 cultu
753 1289 874 1360 regum
894 1281 1127 1335 consenuerat.
1147 1265 1263 1358 Quum
1282 1265 1375 1334 illum

314 1381 452 1472 quidam
469 1381 697 1474 interrogaret
714 1407 722 1447 :
741 1379 920 1474 Quomodo
937 1375 1144 1450 rarissimam
1159 1405 1231 1449 rem
1246 1382 1283 1448 in
1301 1381 1375 1450 aula

312 1512 512 1566 consecutus
530 1511 640 1576 esset,
661 1497 893 1564 senectutem?
912 1523 928 1562 o
945 1497 1114 1589 lnjurias‚
1131 1496 1266 1587 inquit,
1286 1497 1375 1563 soci·
1449 1493 1450 1584 l

317 1639 332 1674 a
355 1609 497 1703 piendo,
516 1626 551 1677 et
569 1610 693 1704 gratias
706 1609 850 1704 agendo.
872 1636 888 1672 a
910 1610 1006 1703 Saepe
1024 1607 1108 1677 adeo
1124 1608 1284 1702 injuriam
1302 1611 1377 1676 vin·
1449 1621 1450 1692 ξ

212 1739 215 1746 ’
271 1733 286 1784 3
313 1727 420 1794 dicari
429 1751 497 1794 nou
511 1723 767 1817 expedit,utne
778 1723 875 1793 lateri
885 1723 1197 1819 quidemexpediat.
1212 1727 1377 1795 ocean

311 1843 458 1912 Pastoris
470 1837 640 1936 splendidi
656 1841 781 1933 equitis
794 1842 924 1910 romani
937 1841 1045 1910 filium
1058 1867 1164 1936 quum
1177 1843 1213 1908 in
1225 1841 1376 1911 custodia
1449 1869 1450 1934 t

263 2005 267 2012 -
312 1959 502 2042 habuisset,
524 1951 808 2050 munditiis⁴ejus
818 1972 854 2024 et
864 1957 1063 2026 cultioribus
1072 1957 1203 2051 capillis
1214 1957 1373 2040 offensus,
1449 1995 1450 2038 ,

313 2088 453 2168 rogante
469 2088 588 2166 patre,
605 2089 643 2140 ut
659 2072 800 2140 salutem
817 2073 881 2140 sibi
899 2073 961 2140 filii
979 2073 1198 2156 concederet,
1218 2073 1316 2164 quasi
1334 2071 1377 2140 de
1449 2063 1450 2126 l

313 2189 478 2282 supplicio
496 2189 569 2281 ejus
581 2187 790 2272 admonitos,
813 2187 891 2255 duci
903 2189 1057 2280 protinus
1070 2188 1182 2280 jussit.
1199 2191 1250 2256 Ne
1264 2203 1376 2256 tamma

313 2307 424 2374 omnia
448 2305 632 2374 inhumane
651 2305 777 2372 faceret
792 2304 969 2373 adversum
988 2317 1140 2397 patrem,
1161 2303 1206 2372 sd
1222 2299 1377 2373 eoenam⁵
1449 2365 1450 2400 ,

312 2421 407 2490 illum
430 2421 584 2490 invitavit
602 2444 642 2488 eo
661 2418 740 2506 die·,
760 2420 854 2488 venit
872 2422 1009 2503 Pastor,
1031 2418 1118 2486 nibil
1138 2419 1234 2488 vultu
1253 2443 1378 2512 expro·
1449 2463 1450 2504 ,

271 2537 286 2601 l
312 2538 446 2606 brente.
470 2537 666 2630 Propinavit
689 2536 739 2604 illi
761 2537 874 2605 Caesar
890 2525 1111 2614 heminam⁶‚
1131 2549 1167 2601 et
1188 2535 1303 2626 posuit
1326 2533 1378 2602 illi
1449 2577 1450 2632 ,

312 2649 505 2737 custodem,
525 2649 723 2743 perduravit
736 2651 857 2734 miser,
874 2673 942 2716 non
955 2649 1055 2716 aliter
1067 2673 1168 2740 quam
1180 2649 1209 2717 si
1224 2649 1287 2718 filii
1301 2675 1379 2718 san-
1449 2635 1450 2704 l

313 2770 450 2862 guinem
467 2767 612 2836 biberet.
636 2769 854 2859 Unguentum
868 2781 902 2832 et
917 2789 1056 2833 coronas
1071 2769 1080 2811 l
1097 2765 1202 2848 misit,
1217 2781 1252 2833 et
1264 2765 1381 2834 obser·

346 3000 367 3031 ι.
384 2979 572 3032 Dissimulare.
582 2979 643 3031 Noa
650 2977 753 3030 ultionis
765 2997 815 3029 cu-
864 2977 927 3050 pessi
936 2989 1003 3042 suot,
1015 2996 1090 3048 quam
1099 2977 1247 3043 intulerunt,
1253 2963 1379 3040 minium
1449 2995 1450 3050 j

310 3057 508 3132 pidinespscieru
515 3053 816 3125 circumdareuanuitlae
864 3074 947 3126 neque
964 3054 995 3107 iis
1015 3053 1087 3107 tacite
1106 3054 1247 3106 mutantur
1267 3075 1380 3127 quorum
1449 3057 1450 3068 ¹

310 3148 335 3188 et
345 3136 436 3190 sedete
447 3133 554 3201 ruentis,
569 3147 593 3186 et
604 3132 758 3186 oblivionem
770 3133 816 3185 in-
865 3150 939 3184 causs
958 3131 1078 3196 doluere,
1096 3131 1141 3184 sed
1160 3132 1193 3185 ob
1204 3153 1269 3204 quos
1281 3133 1381 3186 embe-
1449 3175 1450 3218 ,

309 3213 380 3284 juria
397 3212 529 3277 simulare,
550 3232 609 3264 mox
629 3209 814 3274 vindicaturum
865 3208 951 3262 scendi
965 3209 1099 3263 necessitas
1114 3222 1157 3262 est.
1449 3269 1450 3288 Χ

308 3293 352 3345 sed
363 3291 462 3362 injurios
474 3289 586 3344 nuciam
597 3309 623 3342 se
635 3286 740 3362 fingere.
898 3287 922 3340 3.
943 3289 1020 3352 Eius.
1045 3286 1125 3359 Cujus
1144 3299 1188 3339 eut
1203 3287 1265 3354 ubi,
1284 3288 1381 3362 ignoro

341 3372 462 3426 xxxtlt.
483 3375 551 3425 Atto.
572 3371 636 3422 lraru
661 3367 814 3420 dissimulare
865 3365 1096 3438 cumLipsioznsm
1104 3363 1136 3416 de
1144 3364 1381 3438 Aristippossliog.
1449 3425 1450 3432 ἵ

306 3469 371 3522 saepe
383 3449 443 3502 utile
457 3461 500 3501 est.
866 3451 946 3500 baert.
954 3448 978 3498 ll
987 3485 994 3505 .
1002 3446 1034 3516 67
1044 3484 1052 3511 ,
1064 3445 1094 3516 78
1103 3483 1110 3512 ,
1118 3465 1176 3498 cum
1184 3458 1248 3498 nott.
1256 3447 1380 3519 Mensg.)
1449 3513 1450 3516 Ἴ

304 3537 306 3542 ’
328 3545 365 3598 ¹ss.
378 3527 450 3600 Quos
457 3531 578 3581 loesemnt
586 3535 611 3578 et
619 3525 734 3578 odenms.
744 3521 813 3574 ldem
865 3545 918 3578 non
930 3522 1098 3597 cogitaverim.
1117 3523 1161 3576 Urs
1173 3523 1384 3593 possaitCouc-
1449 3517 1450 3526 ¹

306 3607 358 3657 l'ere
370 3619 395 3658 et
403 3605 493 3658 iisdem
509 3603 590 3657 verbis
601 3601 717 3665 Tacitus,
732 3599 814 3673 Agri·
863 3607 933 3656 fison
940 3603 1054 3654 dotcetas
1063 3619 1126 3654 sons
1134 3601 1261 3664 bomar,
1273 3612 1300 3654 et
1309 3621 1382 3654 sans
1449 3641 1450 3644 ,

307 3681 369 3736 colse
386 3703 439 3756 cap.
459 3689 491 3751 4²
510 3698 518 3732 ε
535 3705 548 3728 s
560 3679 694 3752 Proprium
710 3675 814 3730 humani
863 3680 978 3742 dummr,
989 3679 1381 3753 aiebstrirspudnosl'amosus.

307 3759 404 3832 ingenii
428 3773 466 3814 est
485 3760 566 3813 odisse
590 3778 665 3830 quern
687 3755 787 3811 laeseris.
800 3777 812 3800 a
895 3757 918 3822 4.
935 3758 1084 3810 ttmrdtrtts.
1102 3755 1224 3810 Pulchros
1242 3777 1332 3810 ornnes
1354 3771 1380 3808 et
1449 3777 1450 3796 1

306 3838 399 3892 Verius
410 3839 521 3904 Seneca,
531 3838 591 3910 quis
598 3835 719 3899 strictius,
732 3853 813 3906 neque
863 3847 973 3888 comatos
982 3835 1076 3887 oderat.
1088 3833 1192 3886 Sueton.
1205 3833 1286 3909 Galig.
1296 3855 1318 3888 c.
1333 3835 1382 3887 35.

306 3935 394 3968 omues
405 3917 473 3970 istius
485 3915 539 3970 vitii
551 3916 663 3979 incusat,
680 3913 750 3984 quod
760 3932 812 3964 non
896 3917 919 3965 5.
927 3913 975 3964 Ad
982 3930 1090 3965 cauom.
1102 3911 1142 3964 cf.
1150 3909 1254 3965 Sueten.
1265 3933 1319 3984 esp.
1331 3933 1381 3980 27,

306 3995 420 4048 omnium
433 4010 476 4050 est.
489 3995 613 4049 Caeterum
623 4005 683 4046 nota
693 3991 720 4043 id
731 4011 813 4064 super·
863 3991 892 4042 de
910 3989 1053 4042 crudelitate
1078 3989 1209 4062 Caligulae.

306 4071 445 4144 bingensis
459 4093 512 4126 non
527 4073 598 4126 malis
610 4071 669 4123 viris
681 4071 762 4122 solum
775 4070 813 4121 in·
893 4067 917 4122 b.
937 4065 1100 4132 Heminans3
1118 4069 1199 4140 ναις)
1218 4065 1300 4119 uncias
1317 4067 1386 4118 vini

306 4167 370 4212 esse,
384 4149 427 4201 sed
439 4162 463 4202 et
474 4149 573 4223 optimis
589 4147 733 4219 aliquando.
749 4147 811 4198 Earn
860 4165 905 4197 seu
925 4144 1059 4197 dimidium
1080 4145 1212 4197 sextarium
1229 4143 1345 4216 capiens.

306 4247 396 4300 nempe
410 4228 527 4300 injuriam
540 4226 721 4278 obliviscuntur
737 4245 811 4294 quarn
895 4244 916 4293 7.
938 4224 1103 4295 Unguentum
1124 4235 1149 4276 et
1168 4241 1278 4277 somnes.
1304 4222 1386 4274 Hae
