2896 4954
303 507 457 573 LIBER
482 508 569 586 Ill,
597 507 709 573 CAP.
736 506 894 574 XXIII.
1070 505 1125 565 151

77 650 166 716 quam
195 631 319 700 civium
351 633 439 700 tulit.
471 635 588 724 ltaque
618 656 722 723 quum
751 632 787 698 in
817 628 959 722 parvulo
985 625 1129 720 quodum

77 742 202 810 castello
214 745 325 812 Graeci
339 745 598 826 obsiderentur,
614 760 648 812 et
660 745 785 812 fiducia
800 743 864 811 loci
878 755 1133 810 contemnentes

77 855 197 926 hostem
220 861 324 928 multa
346 862 382 927 in
406 859 658 929 deformitatem
681 858 845 952 Antigoni
859 859 1076 949 jocarentur,
1099 870 1134 922 et

77 993 158 1040 nunc
177 987 340 1040 staturam
365 972 548 1056 humilem,
569 998 662 1042 nunc
684 973 837 1043 collisum
858 993 976 1038 nasum
998 966 1134 1035 deride·

78 1101 168 1154 rent:
198 1086 391 1170 «Gaudeo,
418 1090 551 1180 inquit,
578 1105 614 1157 et
636 1088 766 1181 aliquid
790 1087 872 1155 boni
899 1108 1022 1178 spero,
1044 1085 1072 1152 si
1096 1085 1134 1150 in

76 1205 185 1272 castris
207 1205 291 1272 meis
310 1193 482 1274 Silenum¹
509 1204 631 1273 habeo.
649 1231 664 1267 n
691 1204 808 1296 Quum
826 1203 889 1271 hos
901 1199 1034 1268 dicaces
1048 1199 1140 1266 lame·
1159 1214 1180 1264 s

75 1312 273 1398 domuisset,
295 1317 403 1410 captis
419 1319 468 1384 sic
485 1340 567 1385 usus
586 1332 655 1399 est,
675 1332 713 1385 ut
731 1340 788 1385 eos
807 1315 867 1409 qui
886 1313 1013 1382 militiae
1034 1312 1133 1380 utiles

74 1444 186 1512 erant,
209 1432 245 1497 in
265 1430 420 1500 cohortes
441 1431 673 1512 describeret,
696 1446 835 1498 ceteros
855 1428 1003 1522 praeconi
1028 1425 1143 1518 subji-⁴

74 1563 160 1614 aeret
176 1575 187 1631 3
207 1545 244 1614 id
258 1571 394 1639 quoque
408 1573 444 1616 se
458 1549 595 1642 negavit
610 1549 775 1616 facturum
796 1547 921 1627 fuisse,
942 1545 1008 1614 nisi
1029 1567 1135 1636 expe·

74 1661 157 1730 diret
173 1662 229 1730 his
243 1661 415 1731 dominum
429 1663 581 1746 habere,
598 1664 658 1754 qui
671 1677 737 1732 tem
753 1661 872 1730 malam
888 1660 1055 1729 haberent
1069 1658 1135 1727 lin-

74 1801 180 1867 guam.
212 1778 321 1869 Hujus
346 1783 475 1872 nepos²
504 1779 569 1847 luit
596 1774 806 1860 Alexander,
834 1777 893 1869 qui
921 1776 1070 1844 lanceam
1098 1775 1133 1841 in

73 1893 225 1960 convivas
252 1915 329 1961 euos
355 1895 560 1984 torquebat,
590 1895 650 1984 qui
677 1917 718 1962 ex
741 1893 874 1976 duobus
904 1893 1021 1960 amicis
1050 1913 1134 1982 quos

72 2008 164 2099 paulo
186 2024 266 2078 ante
285 2009 406 2093 retuli,
434 2009 578 2078 alterum
604 2010 684 2078 ferae
707 2009 855 2102 objecit,
880 2009 1025 2078 alterum
1050 2007 1129 2074 sibi.

55 2125 114 2200 ,Ex
130 2127 186 2194 his
203 2125 335 2194 duobus
352 2140 483 2207 tamen,
506 2127 566 2216 qni
582 2126 671 2194 leoni
685 2127 838 2219 objectus
855 2141 926 2206 est,
947 2118 1063 2194 vixit³.

114 2244 247 2311 XXIII.
269 2245 345 2310 Non
363 2241 484 2310 hahuit
496 2243 560 2310 hoc
577 2244 702 2312 avitum
718 2243 776 2312 ille
789 2245 930 2326 vitium,
953 2267 997 2311 ne
1017 2257 1133 2336 pater·

70 2383 143 2426 num
163 2353 340 2452 quideml.
361 2362 445 2427 Nam
464 2361 492 2428 si
513 2383 581 2452 qua
601 2360 667 2428 alia
686 2361 722 2428 in
740 2360 898 2453 Philippo
918 2360 1046 2443 virtus,
1070 2360 1133 2428 fuit

69 2489 100 2541 et
128 2475 415 2544 contumeliarum
441 2475 625 2568 patientia,
654 2477 776 2570 ingens
803 2477 1063 2546 instrumentum
1088 2477 1133 2544 ed

69 2591 205 2658 tutelam
219 2591 330 2683 regni.
352 2584 601 2659 Demochares⁵
619 2590 792 2673 adillum‚
813 2588 1131 2662 Parrhesiastes⁶0b

68 2707 205 2775 nimiam
218 2721 254 2776 et
263 2729 439 2800 procacem
449 2705 598 2800 linguam
608 2707 797 2801 appellatus
807 2757 816 2792 ,
828 2710 920 2778 inter
932 2709 1016 2778 alios
1025 2710 1133 2780 Athe·

68 2821 237 2890 niensium
265 2821 393 2915 legatos
424 2839 586 2906 venora13
612 2821 728 2889 audita
754 2821 903 2916 benigne
936 2822 1130 2916 legatione,
1160 2839 1163 2846 '

101 3008 121 3040 ι.
143 2989 276 3044 Silenum.
298 2989 393 3043 Bacchi
415 2990 532 3043 comitem
551 3003 576 3042 et
657 2991 750 3042 xx111.
764 2993 834 3042 Aac.
847 2991 888 3043 Al.
902 2992 1006 3065 exempl.
1020 3013 1136 3048 mansue·

65 3064 175 3120 silvestre
196 3087 296 3120 numen
313 3069 371 3140 qula
392 3066 515 3141 ignorat?
533 3067 574 3120 Ob
624 3067 956 3141 tudinia:Philippus,Alex.
965 3071 1133 3144 Magnetas.

66 3142 254 3198 deformitatem
277 3145 359 3198 Sileni
382 3146 496 3200 Socrates
516 3165 575 3197 eum
657 3145 1135 3218 4-Nonladuit...quidem.lleeiro-

66 3237 95 3270 ee
114 3235 278 3296 eomparatur
293 3221 382 3274 eodem
402 3224 454 3274 lere
477 3222 573 3286 modo,
624 3223 681 3275 nite
695 3223 724 3274 iu
738 3222 909 3276 Alexandrum
921 3245 973 3278 esse
983 3226 1047 3279 elata
1059 3241 1133 3300 patet.

65 3319 114 3369 quo
123 3299 167 3352 hie
180 3300 345 3373 Antigonus,
357 3320 396 3374 ap.
405 3299 506 3352 Platon·
515 3311 575 3352 tom.
659 3303 682 3352 5.
695 3299 877 3354 Demochares.
894 3303 1075 3358 Demosthenis
1086 3325 1133 3357 ue-

66 3375 558 3451 x‚p25t,abip.(vvott.p.101).
624 3381 1132 3452 posessororezcie.0rat.ll,adtse-

96 3475 116 3506 a.
130 3453 228 3524 Hujus
243 3475 328 3524 nepos.
343 3456 463 3510 Nostrum
479 3457 521 3510 hic
538 3477 577 3509 er·
625 3457 737 3511 eundum
755 3457 819 3512 alios
833 3462 887 3530 ejus
900 3463 1021 3530 ὰνέψιοςε.
1035 3463 1134 3530 &dulp-

63 3548 126 3583 rasse
141 3568 149 3594 ‚
171 3531 339 3584 manifestum
367 3545 404 3586 est
425 3550 432 3584 ε
452 3534 576 3606 Amyntas
624 3537 680 3599 δοῦς
690 3555 696 3588 :
708 3549 792 3590 orator
802 3538 895 3591 Athen.
907 3539 951 3610 qui
962 3552 986 3591 et
1000 3538 1132 3593 historiam

63 3609 130 3660 enim
143 3609 288 3663 Alexandri
300 3630 361 3664 avus
378 3611 433 3664 fuit.
451 3611 575 3667 Ceterum
624 3615 663 3667 aui
681 3615 800 3688 temporis
820 3629 963 3688 persecutns
981 3629 1035 3669 est:
1046 3617 1079 3669 ob
1092 3617 1132 3670 di-

62 3701 125 3760 patet
149 3689 184 3742 de
216 3687 277 3743 Cliti
300 3689 392 3756 cede,
416 3704 439 3743 et
459 3693 576 3766 Lysima-
625 3693 753 3746 caritatem
770 3694 896 3747 Thersites
913 3707 1031 3761 vocatus,
1047 3696 1134 3766 quiex

62 3765 108 3819 eho
124 3766 159 3819 ad
171 3767 298 3842 imparem
309 3787 367 3822 enm
382 3769 440 3822 seris
455 3769 483 3822 in
500 3789 575 3824 arena
624 3773 731 3825 Ilomeri
750 3773 831 3825 Iliade
846 3773 904 3825 satis
919 3793 1042 3847 superque
1057 3787 1133 3828 noun

61 3865 174 3918 pugnam
188 3847 459 3918 expositosermonem
471 3869 530 3902 esse.
624 3863 661 3902 est
688 3863 715 3903 nt
736 3850 905 3904 dicacissimus
930 3864 954 3902 et
975 3852 1133 3924 turpissimus

92 3923 117 3974 3.
136 3925 191 3977 Ea·
200 3925 245 3976 his
257 3927 358 3978 dnobus
359 3963 413 3979 .......
429 3927 576 3980 vixitfloc
625 3926 1132 4001 omnimssraecommadtrojamtlun

61 3999 282 4074 interpretamenti
294 4002 350 4055 loco
361 4003 487 4075 adjectum
497 4017 574 4078 puto,
626 4004 687 4056 dant
698 4003 807 4078 Ilesyeh.
819 4017 844 4058 et
857 4003 928 4058 Snid.

60 4080 575 4154 aitllnlrkops:frigetenimvelmaxime.
657 4083 681 4136 6.
702 4082 906 4136 Parrhesiastes.
931 4081 1020 4135 Greca
1048 4104 1096 4136 vox
1119 4105 1133 4136 a

61 4158 185 4223 Minime,
207 4157 255 4210 sed
275 4157 406 4212 seriorem
428 4160 503 4214 etlam
524 4161 576 4214 Iera
626 4161 915 4231 eappneledrhertass'n
927 4161 1048 4224 drhndo,
1063 4163 1133 4230 quasi

60 4235 205 4312 principem
219 4235 349 4310 eleganter
360 4237 451 4290 innuit.
562 4265 565 4272 v
626 4240 787 4309 snmus,
800 4237 973 4312 intempestive
983 4237 1115 4309 obloquor.
