2926 4958
226 460 296 528 ΔΙ)
321 455 494 528 sTolc.
520 455 723 528 Paltos.
748 458 843 528 LlB.
870 457 944 526 111.
1010 455 1123 544 clxxiii

59 605 115 688 ejus
135 604 255 689 species
275 616 363 678 suut,
384 621 450 684 quse
464 607 521 686 pr'o
537 600 605 662 ritae
619 601 783 674 varietate,
807 612 838 662 et
859 619 917 684 pro
939 599 1127 678 actionibus,

59 711 242 796 explicantur
262 733 270 771 z
293 731 352 773 nec
373 723 475 772 tamen
499 705 600 769 minor
617 707 667 784 ht,
688 720 739 769 aut
753 708 853 791 major
868 706 944 790 ipsa.
959 735 974 762 n
990 703 1129 788 (Seneca

59 817 144 900 Epist.
151 817 247 895 cxv.)
256 813 312 878 Sol
322 815 403 876 idem
415 859 424 890 ,
436 825 467 876 et
476 813 583 876 eadem
594 811 747 888 claritate,
761 813 786 875 si
801 825 958 897 pertenue
972 811 1128 890 foramen,

60 937 101 986 ant
113 937 273 1009 patentem
284 924 448 985 fenestram
459 919 581 981 intrarit
592 942 599 980 ι
609 941 666 982 nec
675 919 755 982 hunc
762 932 916 1002 patentem
926 917 1044 982 radium
1053 921 1130 1003 juste

59 1030 210 1113 praeferam
233 1027 322 1091 alteri
343 1026 546 1091 contractiori.
571 1023 644 1088 llaec
665 1023 760 1087 Stoici
774 1024 845 1102 alii,
866 1037 954 1108 atque
976 1025 1055 1088 inter
1076 1046 1131 1088 eoo

59 1134 201 1219 lheologi
219 1133 316 1196 nostri
338 1131 529 1204 dissentinutt
546 1145 576 1194 et
589 1145 671 1194 certe
686 1129 823 1193 Virtutes
837 1131 937 1215 specie
955 1131 1129 1204 distinctas,

60 1241 231 1304 excellentia
246 1240 339 1302 etiam
350 1239 504 1323 disparant
516 1263 524 1314 ς
539 1253 573 1300 ut
585 1235 800 1313 Prudentiam,
813 1259 878 1322 quae
891 1237 922 1300 in
936 1235 1066 1301 Ratione
1077 1259 1132 1300 no-

59 1347 200 1410 bilissima
221 1359 310 1432 parte
331 1345 457 1431 proprie
479 1345 534 1407 sita
552 1357 615 1422 est,
640 1365 766 1426 eamque
787 1343 925 1428 perlicit,
946 1343 1131 1405 nobiliorem

58 1453 175 1516 lustitia
185 1453 314 1524 volunt;
329 1452 409 1516 hauc
423 1450 623 1528 Fortitudini,
638 1451 727 1513 istam
738 1449 959 1534 Temperantia
972 1448 1128 1534 praelerric

60 1573 158 1622 duno
179 1560 294 1637 verbo,
319 1573 352 1620 ut
372 1580 494 1641 qumque
518 1579 626 1621 earum
647 1558 744 1642 magis
759 1559 798 1618 a'd
816 1555 980 1619 Rationem
994 1558 1130 1635 accedit,

61 1687 220 1749 earmnque
234 1665 412 1750 participat,
434 1665 478 1728 sic
498 1665 660 1728 meliorem
678 1685 752 1727 esse.
768 1663 810 1726 Ae
823 1661 977 1727 Virtutem
994 1665 1130 1747 ejusdem

61 1774 183 1855 speciei,
197 1787 273 1857 puta
283 1771 549 1856 Temperantiam,
559 1790 623 1833 uon
633 1771 786 1847 abnuunt,
800 1771 832 1831 iu
845 1791 878 1832 se
890 1771 1128 1847 consideratam,

62 1901 115 1941 uon
130 1882 253 1943 ratione
267 1880 333 1962 ejus
347 1899 491 1940 eorumve
505 1877 556 1960 qui
573 1877 705 1952 habent,
724 1879 863 1940 eamdem
876 1897 1041 1960 paremque
1055 1899 1132 1940 esse.

62 1985 148 2063 (Vide
158 1985 318 2048 'l'homam
333 2007 346 2046 1
362 1999 392 2048 ct
406 2007 423 2044 a
435 1997 537 2066 quaest.
547 1981 613 2061 66.)
622 1983 706 2046 Nam
717 2005 770 2046 eos
780 1983 831 2066 qui
842 1983 1032 2068 participant,
1043 1985 1131 2047 aliter

63 2105 143 2174 atque
153 2091 246 2154 aliter
255 2091 434 2174 dispositos,
445 2109 506 2151 non
517 2092 556 2152 ad
566 2090 704 2152 eamdem
715 2090 779 2172 ejus
789 2087 1007 2173 perfectionem
1018 2091 1133 2154 venire.

62 2196 130 2279 Qut
138 2221 194 2262 suo
206 2199 302 2261 etiam
314 2219 404 2260 seusu
413 2197 584 2276 verissima,
595 2195 768 2259 Stoicorum
775 2219 837 2260 nou
849 2199 938 2282 plane
950 2191 1131 2284 infringunt:

62 2305 108 2387 qui
117 2305 238 2368 nullum
251 2305 393 2383 Bonum,
404 2303 461 2366 nisi
475 2305 506 2365 in
517 2303 702 2388 perfectione
711 2317 741 2365 et
752 2325 871 2366 summo
885 2319 1059 2389 agnoscunt.
1071 2303 1133 2370 Sed

62 2427 174 2494 partem
189 2413 321 2475 alteram
334 2412 508 2474 videamus:
524 2439 539 2466 s
556 2409 658 2474 Nexas
673 2409 810 2474 Virtutes
824 2433 910 2490 esse,
924 2440 940 2468 u
957 2413 1005 2476 cni
1016 2428 1132 2476 senteu-

60 2521 97 2581 tia
113 2522 289 2604 subjicitur,
313 2541 406 2582 unam
419 2520 471 2602 qni
483 2517 593 2596 babet,
610 2539 717 2581 omues
730 2517 853 2582 babere.
870 2517 942 2584 Non
963 2521 1052 2583 nimis
1074 2521 1133 2585 hoc

62 2628 250 2712 inopinatum
267 2640 313 2690 est
329 2652 337 2686 ε
356 2640 386 2689 et
406 2639 524 2690 veteres
540 2626 633 2687 etiam
651 2623 829 2708 Philosophi
845 2626 969 2702 videre3
987 2647 1004 2689 e
1025 2627 1134 2709 quibus

61 2733 218 2810 nonnulli,
235 2761 250 2786 «ι
262 2753 354 2794 emam
366 2731 523 2794 Virtutem
537 2753 602 2795 esse
617 2745 811 2808 eensnenmt,
825 2733 881 2795 etsi
894 2732 996 2795 miultis
1006 2731 1133 2819 insigni-

61 2853 120 2902 tam
134 2840 296 2904 vocabulis
312 2867 328 2893 n
346 2861 432 2922 :qnae
447 2837 622 2901 Menedemi
640 2835 824 2901 Eretriensis
845 2839 991 2902 sententia
1010 2839 1085 2919 suit,
1104 2855 1134 2904 et

61 2946 213 3010 Aristonis
228 2943 310 3010 Chii.
323 2944 400 3008 Sunt
411 2946 463 3028 qui
477 2958 507 3007 et
520 2945 675 3007 Zenonem
685 2965 723 3006 eo
733 2944 870 3021 trahant,
883 2958 1006 3008 auctore
1016 2943 1134 3009 Plutar-

59 3053 115 3118 clto
126 3080 135 3118 :
146 3052 296 3138 quoniam
306 3053 444 3137 scripsit,
457 3079 473 3107 ιι
485 3050 697 3129 Prudentiarn,
711 3054 784 3114 dum
795 3073 883 3114 soum
895 3053 1001 3135 cuique
1015 3053 1130 3131 tribuit,
1220 3065 1228 3076 '

60 3183 125 3224 esse
131 3161 311 3232 Justitiam;
324 3162 396 3222 dum
405 3181 455 3223 res
466 3157 560 3242 eligit,
570 3155 835 3241 Temperantiarn;
845 3160 916 3220 dum
925 3159 1046 3237 tolerat,
1054 3158 1131 3222 For-

58 3269 232 3332 titudinem.
247 3295 262 3322 »
278 3263 399 3345 (Libro
413 3268 451 3328 de
461 3265 583 3327 Virtute
600 3264 742 3344 morali.)
760 3263 822 3327 Sed
832 3263 883 3347 epti
896 3279 1006 3350 negant
1018 3312 1027 3343 ,
1040 3287 1133 3330 excu-

59 3389 124 3436 sant
134 3396 212 3438 enm
219 3371 387 3435 Prudentiae
394 3371 517 3435 nomine
527 3369 691 3436 Scientiam
700 3371 889 3434 intellexisse.
900 3370 1053 3456 (Utsupra
1062 3371 1134 3448 Dis-

60 3497 129 3544 sert.
140 3481 343 3543 antecedente
354 3479 386 3541 in
398 3477 527 3558 Plutar.)
542 3475 604 3559 Qui
615 3491 716 3539 antem
733 3478 863 3562 negant?
877 3476 988 3556 Stoici,
1003 3501 1132 3560 quorum

58 3587 114 3651 hoc
131 3601 183 3650 est
196 3587 252 3670 (in
265 3585 376 3649 Stoboei
391 3583 558 3670 Eclogia)-:
574 3611 588 3640 ιι
607 3583 745 3646 Virtutes
762 3585 866 3670 plures
880 3606 960 3662 esse,
975 3599 1062 3668 atque
1080 3607 1132 3647 eas

59 3692 294 3780 inseparabiles.
310 3720 326 3747 a
343 3690 427 3774 Quid
442 3691 524 3754 enim
538 3693 576 3752 de
592 3689 761 3753 cohaesione
776 3711 851 3774 opus
866 3703 1020 3772 qrraerer'e,
1036 3691 1061 3753 si
1074 3712 1134 3754 una

60 3805 152 3864 modo
168 3800 232 3863 sit?
248 3797 309 3862 Sed
323 3798 517 3881 quaerebant,
532 3811 566 3858 ut
579 3795 659 3875 dixi,
672 3809 811 3861 veteres:
824 3811 913 3879 atque
929 3799 1004 3860 adeo
1017 3795 1134 3862 Seneca

60 3909 282 3989 quaerendum,
305 3906 384 3968 inter
404 3905 525 3986 prima,
547 3915 658 3965 censet.
682 3929 698 3956 o
717 3901 804 3964 Nihil
827 3916 951 3986 agetur,
968 3902 1085 3985 iuquit,
1109 3905 1135 3966 si

61 4015 244 4098 ignoramus
256 4011 327 4095 qnid
340 4011 446 4074 Virtus
460 4012 498 4074 sit
512 4033 520 4071 ε
536 4031 612 4087 rma,
625 4031 664 4072 an
677 4009 778 4093 plures
792 4032 800 4068 z
815 4024 975 4094 separatae,
990 4032 1028 4072 an
1040 4033 1132 4090 uerae,

60 4143 95 4184 ac
108 4123 163 4204 qui
180 4140 279 4182 unam
292 4119 403 4196 habet,
422 4133 545 4182 caeteras
560 4116 671 4180 habeat
685 4143 701 4171 »ι
720 4115 839 4201 (Epist.
854 4119 946 4195 xcv.)
960 4117 1133 4203 iterumque

62 4241 169 4290 monet
185 4225 264 4288 alibi
289 4249 297 4283 ε
316 4239 348 4288 et
362 4245 549 4306 quaeramus,
569 4251 584 4278 α
608 4223 679 4306 quid
693 4222 732 4284 sit
746 4221 852 4286 Virtus
874 4249 881 4284 ι
897 4245 976 4303 uua,
995 4225 1135 4309 pluresne

62 4336 128 4396 siut.
146 4363 163 4388 a
184 4330 261 4413 (De
274 4331 339 4392 Vit.
350 4332 431 4394 Beat.
441 4335 456 4410 )
467 4328 635 4394 Enimvero
652 4343 683 4391 et
695 4327 841 4412 Apuleius
854 4330 885 4391 in
898 4331 1043 4396 unitatem
1056 4333 1140 4394 incli-
