2896 4954
306 385 371 452 238
437 386 440 392 ’
589 375 1043 446 oncLEMENTla

303 513 371 581 alio
383 511 495 578 animo
507 523 675 578 rectorem
687 531 786 576 ouum
794 507 966 591 intuetur,
979 529 1082 600 quem
1094 555 1104 588 ,
1117 505 1147 572 oi
1156 505 1213 575 Dii
1228 506 1365 576 immor·

307 628 390 696 talea
411 638 610 718 potestatem
632 621 765 691 visendi
784 624 837 691 eui
858 623 1003 705 iaciant,
1024 623 1240 689 intueamur·
1263 643 1365 688 vene-

307 737 977 831 ranteaoolenteoque.Quidauteminon
987 735 1364 833 proximumillieloeom

307 872 401 926 tenet
413 857 443 923 ie
457 906 466 938 ,
479 856 540 947 qui
556 877 591 922 oe
602 877 642 921 ex
653 855 802 922 Deorum
812 869 935 921 natura
947 853 1049 946 gerit,
1061 851 1237 920 beneficuo
1247 873 1290 918 ae
1299 851 1365 917 lar·

308 997 388 1068 guo,
399 987 434 1040 et
444 973 480 1038 in
493 969 613 1038 melius
625 984 744 1062 potens
758 972 772 1038 Ρ
786 969 1057 1051 Haeoalleotare,
1074 967 1147 1036 haeo
1164 968 1293 1034 imitari
1306 965 1363 1033 de-

308 1102 363 1156 cet
382 1113 390 1152 :
407 1086 587 1152 maximum
598 1085 646 1152 ita
659 1083 801 1164 haberi,
820 1099 859 1152 ut
877 1083 1023 1175 optimus
1039 1078 1139 1150 simul
1157 1079 1324 1148 habeatur
1338 1083 1362 1143 ².

272 1235 281 1266 ι
357 1203 441 1270 XX.
460 1198 491 1266 A
507 1196 638 1268 duabus
657 1200 767 1268 canois
786 1193 937 1291 ³punire
958 1197 1120 1290 princeps
1137 1195 1243 1276 solet,
1270 1197 1298 1262 oi
1312 1209 1367 1261 aut

309 1339 345 1384 ae
363 1313 527 1396 vindicat,
549 1329 607 1382 aut
622 1313 738 1382 alium.
751 1312 851 1381 Prius
862 1311 905 1380 de
923 1335 963 1380 ea
978 1326 1074 1405 parte
1091 1309 1276 1392 disseram,
1296 1331 1366 1400 que

310 1429 613 1524 ipeumeoutingit.
627 1428 809 1497 Difficilius
823 1443 874 1496 eat
887 1427 979 1496 enim
995 1425 1178 1509 moderari,
1199 1425 1260 1493 ubi
1277 1423 1369 1490 dolo-
1428 1423 1429 1518 l

311 1541 364 1616 ri⁴
378 1545 523 1626 debetur
536 1545 640 1628 ultio,
657 1569 759 1638 quam
772 1545 831 1614 ubi
842 1543 995 1636 exemplo
1005 1538 1030 1611 ⁵.
1051 1545 1306 1636 Supervacuum
1321 1557 1369 1608 est

310 1662 465 1732 hocloco
481 1658 683 1743 admonere,
704 1684 747 1728 ne
761 1659 859 1728 facile
871 1658 1005 1742 eredat,
1024 1673 1062 1728 ut
1072 1683 1192 1727 verum
1202 1658 1365 1738 excutiat,
1428 1690 1429 1738 ῃ

310 1792 349 1846 ut
366 1777 568 1846 innocentie
587 1775 715 1857 faveat,
737 1790 773 1843 et
788 1789 972 1869 appareat,
993 1790 1117 1842 utnon
1137 1773 1304 1842 minorem
1316 1773 1366 1863 agi

310 1917 381 1960 rem
392 1892 635 1987 periclitantia,
653 1915 753 1983 quam
761 1890 906 1984 judicio,
923 1891 1006 1960 aciat
1019 1885 1031 1928 ⁶
1045 1919 1052 1956 ι
1066 1891 1131 1960 hoo
1139 1888 1365 1983 adjustitiam,
1428 1935 1429 1944 η

270 2053 286 2084 2
311 2033 380 2078 non
398 2009 442 2077 ad
456 2009 668 2077 clementiam
682 2009 844 2101 pertinet.
866 2011 966 2077 Nune
982 2012 991 2054 ⁷
1010 2007 1105 2076 illum
1118 2007 1317 2088 hortamur,
1334 2021 1369 2072 ut
1428 2005 1429 2084 s

311 2125 485 2194 manifeste
497 2125 607 2208 laesue,
620 2127 769 2192 animum
784 2127 821 2193 ln
836 2140 1001 2218 potestate
1009 2123 1150 2206 habeat,
1167 2139 1202 2192 et
1215 2148 1366 2219 poenam,

311 2244 340 2311 oi
359 2257 430 2310 tuto
453 2242 597 2334 poterit,
624 2239 749 2328 donet3
769 2243 821 2310 sin
839 2241 969 2324 minus,
996 2254 1184 2332 temperet3
1203 2240 1370 2333 longeque

313 2355 356 2424 ait
373 2356 409 2422 in
428 2355 519 2437 auia,
549 2379 650 2446 quam
670 2356 706 2422 in
726 2354 864 2434 alienia,
887 2353 1090 2421 exorabilior
1114 2352 1264 2444 injuriis.
1292 2354 1372 2418 Nam
1428 2351 1429 2384 ἶ

313 2467 595 2561 quemadmodum
613 2483 745 2537 nonest
761 2471 875 2562 magni
892 2469 1016 2551 animi,
1032 2469 1092 2560 qui
1106 2466 1148 2535 de
1160 2467 1275 2537 alieno
1289 2469 1372 2536 libe·

313 2585 394 2654 ralis
410 2602 480 2670 eet,
497 2583 558 2654 aed
573 2586 631 2654 ille
644 2586 703 2678 qui
716 2586 808 2678 quod
818 2587 917 2655 alteri
928 2585 1048 2668 donat,
1068 2586 1133 2653 sibi
1153 2584 1374 2653 detrahit:ita
1428 2593 1429 2638 t

314 2702 513 2770 elementem
522 2702 668 2786 vocabo,
688 2702 923 2771 noninaliono
935 2700 1051 2770 dolore
1062 2701 1215 2783 facilem,
1233 2698 1294 2769 aed
1302 2725 1374 2768 eum

314 2819 373 2907 qui
388 2841 493 2908 quum
511 2815 580 2882 suia
596 2815 740 2884 stimulis
762 2815 973 2908 exagitetur,
997 2839 1065 2882 non
1079 2813 1213 2908 prosilit
1229 2843 1239 2898 ς
1254 2815 1375 2906 quiin·

314 2930 437 3022 telligit
462 2931 576 3022 magni
597 2931 700 2998 animi
728 2953 822 3013 eoae,
848 2929 991 3023 injurias
1016 2931 1052 2998 in
1077 2954 1207 2998 summa
1229 2932 1374 3024 potentia
1428 2925 1429 2928 ’

350 3161 371 3195 ι.
380 3143 544 3196 Inmemor.
557 3141 713 3198 Haneeodd.
728 3141 823 3196 lectio·
904 3144 927 3196 5.
941 3141 994 3196 Ubi
1002 3145 1125 3202 esenrplo.
1137 3141 1253 3196 Publica
1260 3141 1374 3196 vindicte
1428 3163 1429 3188 t

315 3237 375 3270 nem
383 3218 454 3270 alteri
471 3222 648 3286 intueremur,
661 3239 719 3271 rum
737 3219 822 3291 lipsio
871 3235 952 3272 caure.
1428 3279 1429 3294 χ

316 3299 431 3372 prefero.
904 3296 1377 3366 &Appareotmtnonmr'noremagi

349 3397 372 3428 ι.
383 3375 531 3428 Habentur.
542 3373 611 3427 Male
619 3373 739 3428 nonnulli
748 3375 824 3448 aerip-
872 3393 926 3428 rem
934 3377 1376 3445 periclitantispnomiudkissriot·
1428 3363 1429 3436 ]

316 3453 481 3506 thiodem.
494 3452 616 3506 Universe
634 3453 704 3505 enim
717 3453 825 3530 disputet
873 3452 917 3506 Sie
935 3450 1063 3504 llndollna
1083 3451 1219 3525 Agricola,
1250 3453 1336 3526 lipsio
1356 3465 1378 3501 et
1428 3447 1429 3510 I

317 3531 427 3595 Seneca,
449 3551 497 3584 nec
515 3530 584 3584 locut
604 3531 711 3584 idoneor
724 3531 825 3584 alloru-
877 3528 993 3580 Gronov.
1016 3529 1230 3602 suifragantibus,
1251 3531 1378 3583 restituite
1428 3533 1429 3568 l

317 3611 382 3663 tioni
396 3610 429 3662 ad
440 3613 570 3662 Neronem
583 3622 626 3664 est.
872 3607 959 3668 libri„
982 3607 1000 3658 i.
1012 3628 1034 3662 e.
1046 3621 1074 3659 ut
1086 3609 1261 3661 innocentiam
1282 3609 1379 3680 adjuvet
1428 3577 1429 3668 l

350 3689 407 3744 XX.
426 3687 496 3740 Anu.
514 3687 635 3741 Vindicta
649 3687 768 3761 principie
783 3699 826 3740 ant
874 3698 938 3738 etot
953 3686 1046 3758 rogitet
1065 3685 1154 3759 judex,
1179 3688 1256 3740 etiam
1269 3709 1379 3758 qoumse
1428 3699 1429 3766 l

318 3764 430 3838 privata,
443 3779 485 3818 aut
494 3766 593 3839 publiea
603 3779 646 3818 ert.
876 3763 1001 3829 vindieat,
1015 3785 1068 3818 non
1076 3767 1201 3818 minorem
1210 3769 1379 3840 periclitantis.
1428 3767 1429 3832 Ϊ

352 3845 407 3898 &A
414 3847 620 3901 duobusramis.
634 3847 660 3899 ld
671 3859 721 3908 eet,
733 3846 775 3914 olo,
784 3846 825 3900 rel
873 3867 949 3918 quam
963 3847 1001 3898 rui
1012 3861 1149 3921 respectum
1163 3848 1313 3902 habendum
1326 3869 1380 3901 esse.
1428 3901 1429 3920 ἢ

319 3934 425 3994 propter.
436 3923 458 3974 E
470 3923 544 3975 codd.
554 3937 619 3977 recte
630 3924 729 3976 reduxit
742 3923 822 3976 Gron.
874 3926 917 3978 sic
923 3925 988 3978 bene
994 3926 1044 3978 loci
1051 3947 1151 3979 sensum
1160 3928 1262 4000 expedit
1268 3929 1379 3982 Gronov.
1428 3927 1429 3952 ¹

320 4001 418 4050 Antea:
432 3999 692 4054 Duabusdecousr's.
873 4006 1032 4057 Antemut
1042 4017 1156 4079 appareat
1165 4027 1219 4058 non
1231 4007 1319 4060 minna
1331 4026 1378 4059 rem
1428 4029 1429 4034 ¹

352 4077 375 4141 4.
392 4077 444 4128 Ubi
454 4079 546 4130 dolori.
563 4079 689 4150 Propria,
707 4097 788 4149 quum
799 4098 825 4132 te
872 4081 1051 4152 egi...„quam
1063 4083 1186 4154 judicie»,

319 4155 410 4228 aliquio
419 4156 538 4209 vindieat
906 4179 929 4228 7.
945 4159 1030 4211 Nune.
1047 4159 1145 4232 Spectat
1156 4161 1189 4214 ad
1204 4161 1376 4234 precedendo.
