2886 4958
426 427 601 498 CAPUT
626 427 711 496 XV.
1042 429 1104 496 38¹

32 561 127 644 erit,
150 575 312 652 tanquam
332 583 451 627 canem
476 581 588 626 acrem
604 562 628 640 ¹,
650 557 783 650 objecto
802 557 879 626 cibo
896 555 1023 640 leniet,
1042 579 1107 626 nec

31 675 273 770 indignabitur
289 674 421 767 aliquid
434 673 657 768 impendere,
678 688 717 740 nt
734 672 839 742 limen
858 687 1025 757 transeat,
1046 697 1106 742 co·

31 795 147 884 girant
159 807 194 860 et
207 793 245 860 in
257 790 417 885 pontibus
431 788 632 883 quibusdam
646 813 710 882 pro
723 791 868 860 tranaitu
881 789 968 860 dari.
985 793 1104 884 Itaque

29 910 82 978 iili
97 933 256 1002 qnoque,
273 909 429 1002 quiaquia
447 907 532 990 erit,
549 907 610 998 qni
626 906 693 974 hoc
711 906 970 976 salutationum²
986 907 1103 1001 pubii-

27 1017 134 1096 υιιιιι3
157 1041 313 1110 exercet,
341 1023 508 1094 donabit:
526 1025 590 1093 ecit
608 1047 721 1092 emere
743 1023 887 1093 venalia.
906 1023 969 1092 Ille
987 1025 1102 1118 pusilii

27 1145 137 1212 animi
151 1159 224 1228 eet,
239 1145 299 1235 qui
313 1141 378 1210 eibi
388 1142 521 1235 piacet,
535 1140 628 1234 quod
637 1141 775 1209 ostiario
787 1140 896 1209 libere
909 1140 1097 1234 respondit,

26 1261 126 1354 quod
143 1261 272 1354 virgam
286 1253 300 1302 ⁴
320 1259 394 1351 ejus
412 1258 540 1351 fregit,
568 1252 667 1348 quod·
682 1254 728 1324 ad
745 1254 919 1324 dominum
934 1259 1096 1341 accessit,

24 1397 63 1448 et
81 1379 182 1471 petiit
197 1377 325 1446 corium
341 1369 367 1440 ⁵.
386 1375 484 1443 Fecit
502 1398 537 1442 ae
550 1372 781 1443 adversarium
793 1365 806 1408 ⁶
820 1375 880 1466 qui
899 1373 1094 1460 contendit,
1123 1409 1139 1462 3

23 1513 62 1564 et
81 1511 121 1564 nt
138 1496 272 1575 vincat,
293 1515 357 1584 par
374 1491 452 1558 fuit.
476 1515 492 1552 a
510 1488 706 1584 disipiens
724 1491 875 1584 colaphis
892 1515 1093 1584 percueaua,

22 1609 114 1700 quid
129 1607 253 1677 saciet?
268 1633 284 1670 a
302 1602 395 1697 quod
408 1605 492 1673 Ceto
504 1607 528 1685 ²,
542 1628 647 1695 quum
656 1603 707 1671 illi
721 1627 967 1697 copercuaanm
980 1622 1091 1694 etaet3

22 1750 96 1794 non
122 1722 325 1805 excanduit,
348 1745 417 1790 non
442 1719 628 1791 vindicavit
648 1721 808 1813 injuriam
836 1747 844 1787 :
872 1744 937 1790 nec
965 1724 1096 1792 remisit

20 1837 184 1931 quidem,
203 1835 264 1904 aed
283 1837 403 1903 factam
424 1835 573 1928 negavit.
600 1834 730 1926 Majore
746 1836 858 1903 animo
875 1859 944 1904 non
957 1841 1097 1930 agnovit

20 1981 127 2050 quam
145 1955 341 2050 ignovisset.
359 1955 435 2020 Non
452 1950 512 2020 diu
531 1953 567 2018 in
581 1951 646 2020 hoc
663 1953 891 2040 haerebimus,
909 1955 987 2046 qnia
999 1957 1091 2025 enim

21 2072 155 2152 nescit,
177 2069 265 2136 nihil
287 2091 327 2135 ex
351 2067 406 2134 hia
426 2091 502 2160 qnae
523 2065 710 2135 creduntur
726 2068 815 2137 bona
831 2084 891 2136 aut
908 2069 1019 2152 maia,
1045 2071 1092 2138 ita

20 2185 135 2255 videri
148 2183 315 2278 sapienti,
332 2197 371 2250 ut
391 2181 547 2250 omnibus
560 2181 575 2248 Ρ
590 2182 665 2248 Non
684 2182 824 2274 respicit
836 2182 920 2274 qnid
938 2183 1092 2254 hominea

22 2323 127 2396 turpe
137 2299 319 2393 judicent,
336 2313 395 2366 aut
413 2299 574 2366 miserum
589 2325 599 2382 3
621 2320 690 2365 non
707 2298 735 2364 it
750 2322 818 2388 qua
834 2299 980 2392 populus
1003 2325 1012 2367 ε
1030 2299 1090 2371 aed

23 2438 60 2490 ut
74 2411 209 2488 oidcra⁸
225 2415 432 2486 contrarium
447 2411 574 2482 mundo
590 2414 656 2482 iter
669 2411 873 2499 intendunt,
891 2419 938 2484 ita
955 2417 1013 2486 hic
1026 2417 1089 2486 ad-

21 2560 141 2607 versus
153 2535 347 2627 opinionem
365 2531 538 2600 omnium⁹
554 2530 657 2600 vadit.

66 2655 148 2725 XV.
166 2651 319 2722 Desinite
336 2651 452 2742 itaque
473 2646 588 2717 dicere
610 2673 618 2714 :
644 2675 659 2710 v
679 2649 756 2716 Non
774 2651 919 2745 accipiet
932 2675 1016 2746 ergo
1034 2677 1088 2724 aa·
1114 2710 1123 2744 ,

52 2905 74 2938 ι.
90 2885 291 2936 Cammarrem.
302 2881 335 2934 Et
346 2880 394 2952 ipsi
408 2879 527 2952 janitores
576 2879 659 2943 tebet,
669 2879 853 2936 etadversarint
861 2882 881 2934 ir
890 2919 898 2946 ,
908 2885 1083 2952 nndaepeo'eur.
1189 2891 1193 2900 ‘

18 2983 108 3018 cenem
120 2980 204 3015 secum
213 2959 339 3013 habebant
347 2959 377 3010 od
391 2957 527 3010 ostinmal·
576 2957 1083 3036 lnpubliciojudiciia'mulctametpoenem

18 3043 124 3114 ligatum
135 3075 143 3102 ,
155 3051 179 3092 et
189 3049 275 3091 eatena
286 3048 358 3089 erant
367 3035 489 3100 adstricti,
499 3047 527 3088 ut
575 3035 636 3108 petit
654 3049 790 3090 aecusator.
808 3039 866 3090 Jain
885 3059 963 3110 quum
978 3045 1063 3094 vitam
1071 3082 1080 3107 ,

18 3139 99 3172 canes.
118 3117 162 3171 Cf.
172 3115 257 3170 Detn
266 3115 310 3168 lib.
322 3115 371 3178 111,
382 3133 434 3187 cap.
448 3113 490 3179 37,
503 3135 526 3168 π.
574 3119 745 3184 sangumem,
766 3127 845 3186 caput
868 3129 953 3187 petere
973 3119 1082 3188 dicitnr,

49 3218 71 3247 α.
80 3195 287 3249 Salutationem.
298 3191 402 3245 Praefert
416 3192 526 3264 Lipsius:
575 3192 664 3262 quidni
675 3193 794 3246 translato
804 3193 865 3248 inde
873 3197 950 3250 modo
960 3197 1082 3270 loquendi

18 3275 264 3328 aliisalutatorium.
575 3283 600 3322 et
617 3271 733 3324 dicetur:
749 3278 846 3326 cordam
859 3278 966 3346 petere?
979 3279 1083 3331 Accedit

48 3355 72 3407 3.
92 3353 244 3406 Publiewn.
259 3349 338 3418 Quasi
352 3348 472 3420 vectigal,
489 3371 525 3402 τι·
574 3348 657 3418 itaque
676 3349 709 3402 ad
730 3348 864 3403 dominum
887 3364 915 3406 ut
935 3368 1081 3422 accusator,

19 3427 524 3503 iunia,proadmiuioneadaalutendarn.
573 3447 649 3498 quem
664 3428 746 3482 atatim
763 3430 826 3484 dicit
841 3433 958 3486 incerere
969 3434 1082 3488 adveru-

47 3511 108 3573 W
105 3513 203 3576 r'rgam·
211 3507 264 3558 Seu
270 3504 421 3558 arundinem
429 3503 524 3557 edenb-
573 3505 648 3558 rium.
662 3506 747 3560 Nihili
759 3507 837 3582 igitur
852 3523 889 3564 eat
904 3510 982 3584 Liptii
994 3513 1082 3585 conjo-

18 3586 157 3639 movendos
166 3583 286 3658 indignor
298 3583 496 3654 importunom.
572 3597 642 3638 dura
652 3589 744 3656 :petiit
751 3588 845 3642 toturn.

48 3667 69 3716 5.
83 3663 201 3715 Con'ttm.
210 3660 239 3712 ld
251 3672 303 3727 est,
314 3659 400 3733 petiit,
411 3672 440 3712 ut
450 3659 524 3718 ostiae
604 3665 628 3718 ὃ,
638 3667 712 3718 Fecit
720 3669 942 3722 nadaver-sarium,
954 3670 1045 3724 flium
1057 3685 1081 3724 ει

18 3741 65 3795 rina
74 3739 311 3814 aervnevapnlaret,
323 3752 346 3791 ct
354 3737 402 3791 sibi
412 3739 444 3792 de
454 3739 522 3792 eoric
574 3760 687 3816 pugnam
693 3743 812 3798 adscivit:
825 3756 849 3798 et
857 3746 972 3816 quemvis
983 3748 1082 3815 vineat,

18 3822 64 3891 eina
74 3820 221 3886 satisfieret,
230 3840 259 3873 cx
271 3818 366 3872 Mureti
375 3819 522 3892 interprete·
572 3819 599 3871 in
612 3839 684 3892 tequo
698 3839 757 3872 cum
768 3819 813 3874 ilio
824 3822 899 3875 stetit.

18 3899 80 3952 tione
91 3918 172 3964 sene,
184 3918 198 3950 a
208 3897 341 3952 Gronovic
351 3896 473 3971 probata,
486 3898 523 3951 in·
606 3918 627 3967 7.
646 3899 718 3952 Otto.
732 3899 771 3952 cf.
789 3899 820 3952 de
836 3901 894 3966 ira,
907 3901 951 3956 lib.
963 3905 1006 3970 ΙΙ,
1026 3927 1079 3982 cap.

18 3978 99 4046 primia
108 3989 199 4030 contra
206 3975 338 4050 Lipaitun,
350 3976 475 4046 quintum
485 3977 522 4029 lo·
571 3973 618 4037 32,
631 3996 653 4030 a.

18 4055 106 4122 quendi
118 4059 129 4121 (
138 4065 220 4126 petere
232 4054 348 4118 corium)
359 4052 522 4107 dubitaverat.
604 4055 627 4106 8.
636 4052 743 4120 Sidera,
753 4054 858 4127 planeta·
868 4078 876 4122 ς
886 4063 999 4124 mundo,
1009 4065 1079 4118 celo.

18 4129 101 4186 Petere
109 4132 196 4195 enim,
206 4144 236 4184 nt
244 4143 360 4195 contat,
371 4143 407 4183 eat
416 4130 520 4183 verbnm
606 4152 630 4202 9.
644 4132 778 4186 Omnium.
793 4135 1005 4209 Imprudentium.

18 4205 148 4274 judiciale:
165 4219 234 4262 ector
245 4221 281 4262 ut
293 4214 404 4276 petr’tctr,
419 4212 467 4280 qui
474 4229 522 4277 pe-
607 4207 666 4262 XV.
676 4211 746 4272 Aac.
764 4210 849 4282 Cave,
867 4235 900 4269 ne
916 4217 1022 4274 modulo
1037 4234 1081 4275 ruo
