2896 4954
278 411 340 476 158
659 479 660 484 ,
717 407 783 476 DE
808 409 897 476 IRA

272 555 406 627 semper
416 533 490 602 baec
501 533 660 626 cogitatio
669 531 826 616 durabit,
843 529 938 604 vides
949 557 1050 625 quam
1064 534 1259 626 impacatam
1275 535 1337 602 tibi

273 649 452 718 denunties
463 651 567 720 vitam
585 676 592 716 ι
609 649 719 741 qualis
737 651 911 720 enituerit
929 673 1064 742 semper
1081 651 1266 718 tumentis?

235 794 244 826 ι
321 769 483 836 xxvfll.
507 766 626 859 Adjicc
639 791 753 850 nunc,
775 765 867 858 quod
880 765 946 832 nisi
961 764 1050 832 bene
1065 779 1098 832 te
1111 766 1183 858 ipse
1194 789 1337 834 succen-

274 882 365 952 deris
381 889 405 966 ¹,
431 899 465 951 et
484 882 629 951 subinde
645 903 786 964 causas,
814 879 938 973 quibus
960 879 1166 962 stimuleris,
1192 903 1336 948 renoua-

273 1002 394 1084 veris²,
404 1023 463 1068 sua
473 1015 594 1092 sponte
600 1001 651 1068 ira
661 997 825 1080 discedet,
838 1013 873 1066 et
881 999 972 1066 vires
984 996 1034 1064 illi
1046 988 1132 1065 dies³
1145 997 1334 1066 subtrahet:

274 1129 400 1207 quanto
415 1113 520 1182 satius
538 1126 589 1182 est
605 1136 626 1180 a
643 1129 674 1182 te
693 1112 785 1181 illam
803 1113 915 1194 vinci,
936 1135 1070 1204 quamn
1087 1106 1144 1180 se!
1168 1113 1257 1182 Huic
1269 1113 1340 1180 ira·

273 1231 398 1312 sceris,
419 1226 543 1296 deinde
562 1227 635 1312 illi3
658 1229 784 1312 servis,
801 1227 926 1296 deinde
941 1226 1096 1314 libertis3
1115 1228 1337 1322 parentibus,

274 1342 398 1412 deinde
411 1343 530 1411 liberis
543 1371 553 1428 3
568 1345 676 1426 notis,
690 1341 815 1412 deinde
829 1345 965 1437 ignotis.
981 1342 1116 1435 Ubique
1126 1342 1217 1410 enim
1230 1365 1340 1410 causae

274 1473 456 1552 supersunt
470 1507 479 1540 ,
500 1457 567 1526 nisi
580 1458 780 1553 deprecator
792 1452 946 1528 animus⁴
960 1460 1112 1527 accessit.
1131 1459 1219 1527 istnc
1233 1473 1267 1526 te
1280 1457 1341 1526 illo

273 1573 369 1642 furor
394 1575 526 1667 rapiet,
554 1573 651 1642 illinc
668 1574 763 1658 alio,
784 1589 818 1642 et
841 1574 938 1644 novis
956 1571 1106 1642 subinde
1121 1574 1340 1642 irritamentis

235 1721 249 1752 ι
274 1689 480 1774 orientibus,
496 1689 751 1760 continuabitur
764 1691 875 1759 rabies
885 1684 910 1757 ⁵.
925 1690 1000 1783 Age
1007 1689 1146 1774 infelix,
1158 1707 1192 1758 et
1202 1689 1340 1783 quando

273 1803 431 1872 amabis?
461 1804 492 1874 Ο
520 1828 619 1897 quam
648 1803 774 1872 bonum
798 1819 930 1898 tempus
955 1803 992 1872 in
1018 1825 1056 1872 re
1083 1803 1170 1872 mala
1192 1800 1335 1898 perdis!

273 1916 410 2007 Quanto
434 1917 647 2006 nuncsatius
669 1931 763 1999 erat,
786 1918 910 1985 amicos
932 1939 1076 2009 parare,
1097 1917 1252 1984 inimicos
1271 1917 1338 1984 mi-

270 2033 412 2133 tigare,
435 2033 694 2126 Rempublicam
719 2031 977 2115 administrare,
1009 2033 1192 2104 transferre
1218 2034 1255 2100 in
1284 2057 1340 2101 res

275 2148 473 2218 domesticas
496 2173 654 2243 operam,
686 2173 787 2241 quam
811 2150 1095 2243 circumspicere,
1128 2147 1212 2242 quid
1236 2151 1338 2219 alicui

275 2267 382 2356 possis
400 2265 511 2332 facere
524 2263 603 2332 mali
617 2314 626 2346 ,
645 2263 737 2356 quod
750 2280 809 2334 aut
823 2263 981 2358 dignitati
994 2265 1090 2358 ejus,
1105 2281 1163 2333 aut
1175 2267 1339 2358 patrimo·

276 2380 354 2462 nio,
379 2396 438 2448 aut
455 2381 589 2474 corpori
613 2381 737 2449 vulnus
756 2377 912 2474 infligas!
937 2405 1041 2474 quum
1062 2380 1098 2448 id
1123 2382 1185 2450 tibi
1207 2384 1341 2452 contin-

277 2518 358 2590 gere
376 2481 449 2565 sibe
468 2498 652 2588 certamine
669 2520 710 2564 ac
722 2497 875 2589 periculo
891 2521 959 2565 non
975 2499 1100 2590 possit,
1121 2499 1250 2566 etiamsi
1262 2524 1340 2567 cum

234 2623 250 2674 s
277 2607 438 2677 inferiore
457 2605 648 2693 concurses.
669 2611 827 2678 Vinctum
844 2610 925 2678 lieet
943 2611 1109 2704 accipias,
1130 2625 1164 2678 et
1184 2611 1230 2678 ad
1245 2611 1341 2679 arbi·

276 2722 378 2788 trium
400 2737 494 2790 tuum
513 2725 603 2794 omni
623 2717 816 2816 patientiae⁶
835 2723 1021 2816 expositum
1039 2749 1046 2789 :
1064 2747 1151 2816 saepe
1172 2724 1277 2792 nimia
1289 2726 1342 2791 vis

275 2833 458 2905 caedentis⁷
477 2854 535 2907 aut
545 2839 725 2908 articulum
740 2839 812 2906 loco
825 2841 945 2921 movit,
961 2855 1021 2908 aut
1032 2833 1197 2908 nervum⁸
1213 2841 1250 2908 in
1264 2839 1337 2920 bis,

309 3079 430 3133 XXVIII.
442 3083 514 3135 Ano.
531 3083 611 3156 Igitur
628 3083 783 3136 humanitate
867 3103 890 3152 7.
901 3082 994 3135 Nimia
1009 3086 1052 3136 uis
1062 3083 1195 3144 cadentis,
1212 3093 1259 3134 etc.
1267 3081 1340 3134 Dum

275 3154 360 3208 utaris.
832 3157 1005 3211 vehementius
1018 3159 1239 3233 properantiusque
1252 3160 1341 3234 plagas

311 3233 662 3290 1.Suoeeaderts.l.s.tram
680 3236 783 3289 anseris.
832 3234 939 3301 inmitis,
957 3249 1001 3288 aut
1014 3257 1044 3288 ex
1059 3235 1169 3289 articulis
1186 3257 1268 3289 unum
1285 3239 1340 3290 ali-

310 3336 332 3366 π.
346 3313 484 3367 Causas...
496 3315 661 3367 mactamus.
671 3313 728 3366 IIoc
737 3326 782 3378 est,
831 3333 907 3384 quem
918 3333 930 3364 s
940 3312 997 3366 loeo
1009 3333 1055 3365 suo
1064 3312 1219 3378 dimovebis,
1230 3313 1343 3366 autden·

276 3408 359 3444 causas
369 3391 716 3462 ncrastibilinxeris,quibus
725 3409 784 3442 era·
832 3402 881 3442 tem
895 3409 1002 3464 nrmpes.
1012 3390 1072 3443 vid.
1086 3403 1131 3442 not
1147 3411 1184 3462 aq.

275 3489 379 3524 nescens
397 3471 447 3541 jam
460 3482 484 3522 et
495 3469 674 3541 elanguescens
690 3469 727 3522 ira
743 3489 784 3522 ex·
864 3467 889 3520 8·
919 3467 1041 3521 Nervam.
1071 3467 1198 3520 Dentibus
1229 3469 1343 3532 scilicet;

275 3548 406 3600 suscitetur
417 3559 550 3600 sterescat.
831 3561 940 3613 namque
949 3543 1049 3597 dentem
1058 3565 1106 3614 qua
1114 3545 1226 3618 gingiuae
1235 3547 1345 3620 implan-

308 3624 332 3676 3.
348 3625 421 3678 Dies.
432 3625 550 3698 'lempna
832 3633 897 3674 tatur
907 3621 1048 3692 infixumque
1063 3622 1150 3688 sedet,
1167 3643 1260 3676 nervus
1278 3626 1344 3695 qni-

308 3704 331 3767 4.
343 3700 622 3769 Deprecatorom'mus.
635 3701 710 3754 Ratio
719 3701 782 3754 iram
832 3697 890 3750 dam
909 3699 1014 3752 interior
1032 3713 1158 3772 pererrat;
1171 3702 1214 3754 cui
1223 3703 1344 3774 quidem,

274 3781 371 3831 sedans.
831 3775 893 3828 dum
905 3776 967 3829 dens
982 3777 1053 3842 vivit,
1067 3797 1153 3830 sensus
1166 3779 1249 3844 Inest,
1261 3781 1345 3834 exciso

309 3859 331 3908 5.
345 3856 543 3908 Continuabitur
552 3857 646 3909 metes.
658 3855 700 3910 Ab
710 3857 746 3908 ira
755 3857 782 3908 in
832 3855 907 3908 dente
918 3855 1002 3919 abeat,
1013 3855 1047 3908 ita
1059 3869 1086 3910 ut
1094 3857 1164 3910 vivat
1174 3877 1268 3911 nervias
1279 3897 1287 3922 ,
1299 3860 1344 3912 aed

253 3939 259 3956 ⁸
274 3931 338 3982 iram
348 3953 427 4002 usque
440 3945 464 3984 et
474 3953 552 4004 usque
566 3933 666 3986 desilies
679 3947 707 3986 ut
716 3954 783 3988 con·
831 3932 963 3998 hebescat,
976 3953 1056 4003 neque
1068 3933 1119 4006 jam
1131 3954 1205 3987 eausa
1215 3937 1347 3989 sensatio—

273 4011 359 4062 tinuus
369 4011 419 4082 jam
430 4009 473 4063 liat
485 4025 541 4064 tuus
551 4012 594 4066 ills
605 4013 683 4066 luror.
832 4032 893 4064 num
908 4013 940 4065 ait
950 4034 956 4076 ς
968 4025 995 4065 at
1007 4013 1171 4067 erediderunt
1178 4017 1285 4069 Veteres
1301 4031 1347 4070 ant

306 4087 329 4138 b.
338 4087 485 4140 Patients'oe.
493 4088 523 4140 ld
530 4101 565 4141 eat
573 4091 657 4154 ,omni
662 4089 783 4163 supplicio
832 4090 937 4144 credere
950 4089 997 4144 visi
1014 4105 1090 4156 sunt,
1103 4093 1237 4165 exstirpato
1248 4094 1346 4158 dente,

271 4161 342 4234 quod
349 4163 400 4235 pati
410 4164 528 4236 possibile
536 4177 585 4230 cst,
595 4167 665 4220 omni
674 4165 783 4239 injuria.
832 4168 914 4220 statim
927 4181 952 4220 et
963 4187 1069 4220 nervum
1086 4169 1223 4244 exstirpari.
