2910 4954
311 477 354 568 76
748 481 814 546 DE
848 479 939 547 tna

310 605 426 674 dando
453 629 521 673 nou
550 608 628 674 irati
660 610 823 702 populum
856 625 1011 692 movent,
1042 609 1103 677 sed
1135 611 1257 677 iratum
1293 609 1377 677 benc

309 738 460 816 ugentes.
479 725 521 790 Et
539 722 631 817 apud
645 722 781 816 judices
800 727 938 819 itaque,
956 743 991 794 ct
1003 728 1040 794 in
1055 728 1236 811 concione,
1254 743 1289 794 et
1302 727 1378 795 ubi-

310 857 455 930 cumque
473 839 577 944 siieni
595 842 699 909 animi
719 843 767 910 ad
782 859 934 912 nostrum
947 834 1271 939 arbitriumsagendi
1287 859 1377 926 sunt,

312 954 410 1023 modo
424 941 528 1039 iram,
551 957 648 1026 modo
669 975 816 1042 metum,
834 960 933 1028 modo
948 939 1212 1029 misericordiam
1228 1014 1237 1046 ,
1254 978 1293 1030 ut
1308 961 1380 1028 aliis

310 1071 532 1154 incutiamus,
554 1074 620 1165 ipsi
641 1074 872 1143 simulabimus
895 1099 902 1140 ε
922 1091 957 1142 et
975 1099 1064 1169 saepe
1084 1076 1120 1144 id
1135 1075 1227 1168 quod
1241 1077 1315 1144 veri
1334 1075 1381 1142 ai-

274 1211 287 1244 s
311 1186 421 1256 iectus
438 1210 508 1255 non
525 1185 738 1274 effecissent,
758 1191 872 1260 effecit
886 1191 1029 1258 imitatio
1047 1191 1241 1260 affectuum.
1263 1195 1381 1258 rLan-

315 1302 458 1396 guidus,
480 1306 613 1397 inquit,
631 1309 764 1376 animus
777 1325 848 1390 est,
870 1307 930 1399 qui
944 1309 995 1374 iro
1009 1323 1113 1374 earet.
1132 1335 1148 1370 n
1169 1309 1297 1374 Verum
1312 1321 1379 1386 est,

247 1493 250 1498 ,
315 1418 343 1486 si
364 1419 452 1486 nihii
471 1419 574 1489 habet
593 1423 646 1490 ire
663 1423 843 1492 valentius.
866 1427 938 1491 Nec
956 1406 1121 1490 iatronem
1139 1435 1272 1516 oportet
1288 1443 1381 1500 esse,

316 1555 381 1600 nec
397 1533 570 1627 predam
590 1559 654 1604 uec
673 1536 951 1619 misericordem,
973 1559 1038 1604 nee
1051 1535 1247 1606 crudelem¹
1270 1560 1279 1600 :
1296 1535 1385 1602 illius

316 1651 417 1718 nimis
444 1651 553 1719 mollis
576 1653 731 1734 animus,
755 1653 857 1746 hujus
881 1655 983 1721 nimis
1011 1653 1118 1722 durus
1143 1667 1219 1720 cst..
1236 1653 1384 1745 Tempe·

316 1761 408 1835 'ratus
430 1770 474 1836 sit
492 1771 626 1863 sapiens
644 1796 652 1835 ε
670 1785 705 1836 et
729 1769 848 1837 adres
875 1771 995 1838 fortius
1016 1768 1165 1863 agendas
1184 1793 1253 1837 non
1277 1770 1383 1848 iram,

315 1883 377 1950 sed
394 1885 461 1952 vim
479 1885 652 1955 adhibeat.
720 1927 723 1936 ·

277 2026 287 2058 1
364 2001 490 2069 XVIII.
509 2003 680 2094 Quoniam
694 2027 770 2095 quae
787 2002 832 2070 de
846 2003 897 2070 ira
910 1978 1129 2094 quieruntur,
1147 2002 1382 2079 tractavimus,

246 2141 253 2146 ·
275 2145 289 2176 ι
314 2115 514 2186 accedamus
523 2119 567 2186 ad
578 2119 728 2187 remedia
741 2121 828 2213 ejus.
846 2121 921 2188 Duo
934 2133 1065 2201 autem,
1079 2133 1116 2186 ut
1126 2120 1268 2212 opinor,
1286 2133 1381 2184 suut:

316 2253 360 2302 ne
372 2233 562 2304 incidamus
576 2237 613 2304 in
630 2236 738 2318 iram,
761 2251 796 2302 ct
811 2259 855 2302 ne
875 2236 911 2303 in
925 2235 977 2302 ira
992 2259 1182 2328 peccemus.
1202 2235 1247 2303 Ut
1262 2235 1299 2301 in
1314 2257 1387 2301 cor-

316 2375 436 2446 porum
455 2377 554 2436 cura,
576 2350 644 2420 aliis
669 2352 711 2419 de
737 2351 863 2420 tuendo
881 2351 1097 2436 valetudine,
1126 2351 1191 2418 ulia
1215 2351 1259 2419 de
1286 2351 1387 2418 resti·

319 2467 444 2536 tuenda
459 2473 485 2551 ²,
507 2484 676 2562 praecepta
695 2483 773 2535 sunt
793 2495 800 2533 ι
817 2469 864 2535 ita
880 2468 980 2536 aliter
1000 2471 1085 2536 iram
1101 2468 1265 2536 debemus
1281 2467 1390 2562 repei-

278 2596 292 2646 3
319 2584 412 2666 iere,
451 2585 550 2654 aliter
586 2608 823 2679 compescere,
859 2601 897 2654 ut
924 2586 1110 2654 vincamus.
1147 2584 1316 2677 Quaedam
1348 2581 1392 2650 ed

319 2702 510 2769 universam
529 2702 630 2786 vitam
659 2701 867 2794 pertinentia
893 2703 1136 2796 praecipieutur
1158 2728 1165 2766 :
1187 2725 1226 2767 ea
1246 2701 1284 2766 in
1305 2699 1393 2768 edu-

318 2811 521 2901 cationem³,
538 2836 572 2886 ct
590 2819 627 2886 in
641 2819 818 2910 sequentis
834 2835 986 2911 tempora
1001 2817 1210 2887 dividentur.
1228 2799 1400 2886 Educatio

320 2937 496 3005 maximam
524 2935 757 3028 diligentiam,
783 2935 1035 3029 plurimumque
1059 2935 1274 3030 profuturam
1299 2935 1397 3003 desi·

324 3103 383 3157 sire
400 3107 545 3176 χρῦνταιτᾷ
562 3105 672 3173 σχήματι.
685 3103 783 3155 Vereor
795 3115 832 3154 ts-
880 3124 930 3176 que
942 3104 1050 3178 primum
1060 3101 1136 3156 iiuete
1147 3103 1219 3175 quasi
1229 3101 1359 3154 doctrina
1370 3099 1400 3152 dc

321 3203 381 3236 men
389 3221 397 3248 ,
405 3197 432 3235 ut
440 3182 534 3256 dogma
543 3182 672 3248 Stoicum,
684 3181 757 3234 «sola
766 3183 832 3234 bona
882 3181 1096 3255 temperamentis,
1107 3192 1233 3232 utrocant
1240 3219 1247 3244 ,
1255 3179 1399 3238 duonum,

321 3282 379 3338 quse
396 3263 517 3326 honesta,
533 3281 595 3325 nec,
614 3261 664 3315 nisi
679 3261 831 3326 honestum,
881 3279 957 3330 quam
972 3259 1080 3311 maxime
1099 3279 1128 3311 er
1144 3257 1307 3332 Hippocratis
1328 3275 1401 3329 prae-

324 3341 462 3414 qttidquam
476 3341 537 3394 utile
551 3361 612 3406 esse,
623 3363 635 3386 s
648 3361 740 3414 purum
750 3339 836 3392 illiba:
882 3338 958 3414 ceptis
970 3337 1001 3389 de
1012 3337 1061 3389 hoc
1072 3357 1108 3388 re.

324 3435 426 3494 tumque
438 3435 544 3474 maneat.
917 3417 1013 3470 ndito
1021 3418 1053 3467 de
1060 3415 1156 3468 terenda
1164 3413 1331 3474 valetudine,
1341 3413 1403 3464 ulia

359 3523 380 3554 1.
391 3501 446 3554 Nec
457 3503 584 3554 latronem
588 3537 627 3552 .....
641 3517 685 3551 nec
695 3500 832 3551 crudelem.
881 3499 914 3548 de
928 3497 1094 3548 restituendo.
1106 3492 1207 3568 Duplex
1222 3493 1299 3544 enirn
1317 3490 1409 3543 medi-

324 3579 404 3648 Qnasi
425 3579 492 3632 dicat
507 3578 640 3630 :Mediam
662 3576 728 3628 viam
748 3587 833 3628 tencre
883 3576 938 3626 rina
952 3586 1001 3625 cst:
1015 3571 1064 3624 aiis
1076 3571 1197 3624 nimirum
1210 3589 1261 3642 qua
1279 3566 1408 3620 valetudo

323 3658 409 3723 decet,
424 3671 448 3712 et
458 3657 489 3710 ab
506 3670 613 3729 utroque
629 3653 744 3728 margine
763 3673 833 3725 ecque
883 3651 948 3704 mela
960 3689 967 3714 ,
977 3651 1020 3703 ubi
1028 3649 1166 3724 ingruerit,
1176 3659 1331 3705 amovetun
1341 3644 1403 3706 aiis,

324 3737 474 3801 distantem
497 3759 579 3808 neque
596 3734 722 3788 latrocinii
737 3747 833 3798 auctor,
883 3749 960 3802 quam
980 3729 1106 3785 immerito
1124 3726 1275 3800 negligunt,
1296 3723 1406 3776 facilem

325 3838 406 3886 neque
424 3815 525 3868 victima
543 3815 590 3876 sis;
613 3835 694 3885 neque
716 3809 834 3883 injuriam
884 3808 944 3861 iicet
960 3806 1149 3878 atqueutilcm,
1164 3823 1214 3876 qua
1231 3804 1302 3855 bona
1324 3821 1407 3854 cave-

325 3897 432 3959 inieres,
445 3916 493 3948 nec
506 3895 617 3969 paiiare,
632 3907 677 3946 stc.
886 3900 942 3951 tur,
961 3905 992 3938 ne
1007 3884 1096 3958 fugiet
1107 3883 1181 3934 liene
1191 3883 1298 3946 ὑγιεινὴν
1310 3891 1409 3932 vocant

358 3970 454 4026 XVIII
463 3975 531 4026 Atto.
541 3969 837 4043 Sequitursecundalibri
887 3964 997 4036 (galdet
1024 3963 1170 4036 iryge'ene),
1193 3981 1207 4012 e
1229 3979 1318 4033 greca
1347 3977 1411 4010 voce

325 4071 380 4126 pars
391 4089 398 4116 ,
411 4071 467 4122 quae
476 4051 556 4124 primo
569 4049 711 4125 praeseripto
725 4047 839 4100 contine·
886 4045 969 4107 ὑγιὴς,
983 4061 1073 4094 sanus.

327 4143 376 4194 tur,
388 4149 420 4180 ne
433 4127 534 4181 inirem
547 4127 697 4180 incidemus.
713 4126 837 4194 Quasdam
921 4119 944 4174 3.
956 4121 1149 4173 Educationem.
1162 4117 1290 4190 Designat
1311 4131 1414 4188 tempus

327 4202 700 4280 premittunturdesnimisstd
711 4203 838 4276 irampius
888 4201 914 4252 h.
927 4200 943 4251 I.
958 4199 1027 4269 quod
1044 4198 1091 4250 sub
1107 4195 1287 4250 educatoribus
1307 4209 1335 4248 ct
1352 4213 1414 4246 ms-

327 4281 411 4335 minus
429 4282 530 4356 pronis,
546 4280 729 4354 cognoscendis
741 4298 747 4332 :
761 4280 839 4334 ideo·
891 4278 974 4352 gistris
986 4276 1092 4349 transigi
1102 4275 1174 4329 solet.
1186 4273 1229 4327 Sis
1241 4275 1335 4336 indis.
1349 4276 1367 4326 i.
1379 4295 1417 4332 e,
