2930 4956
290 483 366 566 xxvj
533 475 601 546 DE
628 475 754 548 VITA
776 475 845 547 ΕΤ
870 479 1117 552 SCRIPTIS

288 618 462 702 lternmque
477 644 484 680 ε

326 769 328 774 ,
451 720 511 776 lam
524 719 603 786 satis«,
616 721 686 788 diri,
700 741 770 776 mere
782 722 946 786 vindicastis,

450 809 548 864 Parcite
561 811 622 866 diro
623 849 700 868 .....
705 851 735 882 ,..

288 910 380 992 Quod
396 912 470 973 item
485 913 528 974 ad
541 910 719 990 Claudium,
741 915 797 978 etsi
816 915 918 978 virum
937 939 944 974 ε
961 929 991 978 et
1011 913 1098 978 Deos
1113 913 1184 980 Deo
1205 917 1270 978 vult
1282 938 1363 1000 par-

288 1039 380 1098 cere,
398 1019 517 1104 poetica
535 1019 718 1084 adulatione.

701 1156 862 1224 CAPUT
882 1158 945 1222 Vl.

576 1291 652 1374 Opes
665 1293 746 1374 ejus,
761 1294 856 1366 villa,
872 1294 939 1371 ogn'
947 1335 957 1368 ‚
964 1293 1072 1376 sanus.

328 1415 390 1482 Sed
403 1419 443 1481 ab
459 1419 565 1483 exsilio
576 1443 716 1514 reversus
727 1423 828 1486 statim
838 1423 869 1483 in
883 1423 1044 1507 splendore
1061 1423 1170 1485 iterum
1181 1422 1250 1504 luit}
1265 1442 1363 1507 opum

287 1527 351 1608 jam
365 1538 451 1602 tunic,
462 1538 493 1588 et
505 1539 573 1589 ante
587 1528 688 1590 aulam
701 1575 710 1606 ,
721 1528 832 1613 largus.
847 1528 930 1592 Nam
941 1543 1028 1613 pater
1042 1551 1094 1594 eas
1104 1531 1269 1611 reliquerat
1280 1574 1290 1606 ‚
1303 1551 1364 1592 nec

289 1652 396 1722 omnes
413 1654 471 1694 sure
485 1633 633 1696 iudustriae
649 1649 700 1697 aut
713 1634 838 1697 fortunae
854 1635 954 1698 debet.
969 1634 1039 1722 lpse
1056 1639 1094 1698 ad
1107 1650 1239 1698 matrem
1256 1660 1263 1696 z
1279 1665 1294 1690 o
1310 1635 1365 1698 Tu

291 1737 484 1802 filiafamilias
516 1739 716 1832 locupletibus
739 1741 808 1806 filiis
832 1741 913 1804 ultro
935 1742 1096 1805 contulisti.
1127 1769 1141 1795 υ
1168 1738 1266 1829 (Cap.
1292 1741 1368 1820 14.)

244 1848 248 1856 “
289 1841 517 1907 Liberalitatem
531 1847 595 1936 ejus
609 1846 730 1924 laudat,
751 1868 789 1909 eo
808 1848 905 1932 magis
924 1849 1005 1934 qnod
1025 1847 1057 1908 in
1073 1848 1242 1928 locupletes,
1259 1860 1292 1908 ut
1308 1847 1364 1926 ait,

290 1971 348 2014 nec
363 1971 435 2014 saue
450 1965 582 2036 egentes·
606 1949 680 2015 llaec
698 1967 766 2015 ante
787 1953 890 2016 aulam
912 1967 969 2017 :at
991 1954 1024 2016 in
1040 1953 1108 2038 ‘ipsa
1133 1953 1268 2036 ingentes
1291 1973 1370 2036 opes

290 2059 441 2148 quaesivit,
461 2059 523 2121 sive
537 2058 637 2143 potius
651 2058 804 2149 venientes
817 2059 897 2152 nltrq
912 2059 1041 2126 admisit.
1052 2057 1216 2142 Plerosque
1230 2059 1310 2120 enim
1327 2079 1367 2120 ex

289 2164 434 2248 principis
449 2165 652 2229 munificentia
672 2163 777 2228 babuit
792 2188 801 2226 ι
818 2180 906 2254 atque
924 2167 989 2250 ipse
1010 2167 1051 2255 ita
1067 2168 1105 2228 ad
1122 2165 1304 2258 Neronem,
1332 2151 1367 2226 in

289 2270 398 2334 Tacito
421 2286 525 2335 nostro
542 2296 549 2330 ι
568 2300 583 2328 ιι
598 2271 666 2347 Tu,
679 2272 793 2355 inquit,
809 2272 938 2356 gratiam
951 2271 1152 2350 immensam,
1167 2273 1364 2334 innumeram

289 2378 450 2461 pecuniam
464 2379 571 2441 dedisti
586 2404 593 2451 ;
612 2381 691 2443 adeo
708 2392 742 2440 ut
758 2377 937 2462 plerumque
958 2378 1036 2440 intra
1059 2398 1109 2441 me
1128 2378 1193 2463 ipse
1214 2379 1337 2441 volvam
1356 2403 1366 2438 ε

289 2485 352 2548 Ubi
369 2499 413 2548 est
425 2484 544 2547 animus
556 2483 608 2546 ille
621 2485 749 2549 modieis
762 2485 942 2548 contentus?
957 2484 1050 2549 Tales
1063 2484 1169 2550 bortos
1184 2485 1320 2560 instruit,
1333 2499 1370 2548 et

251 2657 253 2660 ,
288 2613 344 2677 per
357 2591 420 2654 baec
443 2590 615 2654 suburbana
636 2591 763 2664 incedit,
793 2605 823 2653 et
837 2591 928 2653 unde
945 2611 1087 2674 agrorum
1107 2590 1232 2674 spatiis,
1249 2604 1280 2653 et
1298 2604 1370 2652 tam

289 2698 352 2761 lato
374 2699 486 2760 faenore
513 2697 685 2760 exuberat?
711 2724 727 2751 n
754 2695 843 2776 (Lib.
868 2693 981 2774 XIV.)
1005 2695 1086 2758 Nota
1106 2695 1229 2778 hortos,
1250 2697 1370 2774 villas,

289 2827 401 2890 agros,
416 2805 528 2879 benus,
545 2803 648 2867 onmia
662 2804 729 2866 laxe
742 2816 771 2866 et
783 2803 926 2865 ubertim.
941 2801 999 2865 Vis
1013 2803 1124 2866 iterum
1135 2801 1234 2866 Taciti
1246 2803 1343 2865 verba
1357 2851 1369 2882 ‚

189 2915 192 2922 '
289 2913 342 2973 sed
355 2911 394 2972 ab
409 2911 510 2972 alieno
527 2929 581 2973 ore
596 2923 625 2972 et
639 2909 747 2972 sensui
761 2937 776 2964 c
791 2906 1052 2987 calumniatores,
1065 2909 1182 2989 inquit,
1199 2908 1292 2970 variis
1299 2910 1373 2970 cri-

288 3010 502 3080 minationibus
514 3013 663 3080 Senecam
682 3015 879 3094 adoriuntur,
897 3029 1052 3098 tamquam
1071 3016 1226 3099 ingentes,
1250 3028 1282 3076 et
1293 3017 1371 3097 pri-

290 3137 389 3185 vatum
411 3145 501 3207 supra
525 3125 649 3186 modum
668 3136 786 3186 erectas
808 3143 904 3207 opes,
928 3122 1025 3186 adbuc
1042 3135 1165 3206 augeret
1190 3150 1197 3180 ε
1220 3124 1368 3204 quodque

287 3229 381 3291 studia
399 3230 510 3292 civium
523 3231 554 3292 in
569 3250 602 3292 se
623 3242 754 3292 verteret
773 3253 780 3288 ε
799 3228 958 3292 hortorum
975 3249 1092 3312 quoque
1113 3231 1302 3305 amoenitate,
1331 3245 1368 3292 et

287 3336 429 3399 villarum
467 3335 689 3420 magnificentia
720 3337 805 3418 quasi
840 3337 1010 3421 principem
1044 3339 1320 3421 supergrederetur.
1344 3364 1362 3394 ι

287 3443 418 3522 (annal.
431 3443 543 3521 xlv.)
554 3441 598 3506 Et
608 3441 829 3527 Suiliusqapnd
843 3445 1001 3521 eumdem,
1017 3446 1142 3522 modum
1156 3444 1247 3506 etiam
1262 3465 1364 3526 opum

287 3553 455 3635 expressit:
474 3577 489 3609 ι
505 3549 576 3632 Qua
596 3550 761 3634 sapientia,
776 3550 884 3631 quibus
907 3549 1157 3633 pbilosophorum
1176 3550 1357 3632 praeceptis,

288 3658 366 3720 intra
388 3657 619 3740 quadriennium
640 3658 728 3740 regine
749 3655 908 3734 amicitiae,
923 3669 971 3718 ter
985 3657 1096 3718 millies
1116 3654 1204 3720 ttSS.
1222 3658 1369 3740 paravis-

287 3767 354 3827 set?
374 3764 481 3828 Romae
494 3777 672 3828 testamenta
686 3778 717 3826 et
735 3763 848 3841 orbos,
863 3762 945 3825 velut
956 3763 1095 3846 indagine
1110 3764 1174 3846 ejus
1187 3765 1254 3847 capi
1273 3787 1281 3824 ι
1298 3763 1368 3826 lta-

286 3871 360 3933 liam
382 3885 412 3934 et
430 3872 619 3955 provincias,
640 3870 789 3936 immenso
809 3869 919 3932 laenore
938 3869 1062 3930 hauriri.
1079 3895 1093 3922 n
1110 3867 1192 3948 (Lib.
1206 3866 1311 3946 Xlll.)
1330 3869 1369 3933 la

288 3980 395 4042 modus
403 3978 492 4042 nobis
506 3991 601 4056 esset,
618 4007 633 4034 o
648 3979 816 4062 septuagies
830 3977 986 4059 quinquies
1000 3989 1125 4040 centena
1138 3975 1234 4038 millia
1244 3973 1368 4061 Philip-

289 4086 437 4168 picorum.
446 4113 460 4139 υ
470 4083 556 4169 Opes
568 4085 747 4168 paeneregiae
757 4129 766 4160 ,
776 4084 876 4146 fateor
890 4106 896 4142 ε
912 4085 965 4145 sed
978 4084 1015 4144 de
1025 4082 1115 4144 malis
1124 4080 1239 4144 artibus
1250 4095 1281 4144 et
1291 4103 1370 4166 cap-

290 4205 408 4268 satura,
424 4194 505 4274 quod
522 4193 675 4275 adjungit,
699 4209 907 4274 aspernamur.
925 4187 1039 4251 Habuit
1060 4203 1130 4251 ante
1147 4208 1271 4252 censum
1290 4211 1368 4251 mn-

282 4320 396 4381 gnum‚
412 4311 444 4359 ut
458 4298 519 4360 dixi
536 4322 543 4357 ε
561 4312 591 4360 ct
607 4298 638 4359 in
652 4297 773 4381 copiosa
794 4295 846 4357 illa
868 4295 957 4370 aula,
973 4309 1004 4359 et
1023 4295 1123 4379 ampla
1142 4316 1176 4358 re
1190 4293 1359 4376 Romana,
