2926 4958
214 365 727 438 aDsT01c.Pfl1LOS.
756 368 854 438 LlB.
881 369 971 436 III.¹
1013 369 1135 456 clxxvii

69 511 253 586 Stoicorum,
269 515 344 577 scite
364 513 433 576 dici.
450 509 507 575 Est
521 526 553 575 et
572 513 706 576 definitio
728 515 794 598 ipsa
815 511 947 588 Gaudii,
977 513 1069 596 paulo
1089 513 1140 575 lu-

71 623 139 698 sior,
152 642 244 704 mam
259 621 291 683 in
301 618 437 696 Laertio,
453 633 485 682 et
498 641 564 702 quae
579 617 739 684 Fiduciam
752 641 872 702 quoquc
882 623 934 698 (dc
948 642 1007 703 qna
1019 619 1139 698 monui)

71 727 195 790 includit.
208 726 303 789 Addit
315 725 433 789 Seneca
447 751 454 786 r
471 754 486 780 «ι
501 724 605 809 ltaque
619 725 768 811 Virgilius
781 773 789 804 ,
800 749 894 810 quum
909 728 997 804 dicit,

364 871 593 930 .......Etmala
608 872 699 925 mentis

366 961 488 1016 Gaudia:

74 1079 175 1140 diserte
189 1078 316 1160 quidem
327 1079 422 1156 dicit,
439 1080 493 1142 sed
507 1100 617 1162 parum
632 1083 757 1165 proprie
771 1104 778 1155 ς
801 1081 919 1143 mrlltmr
933 1081 1014 1144 enim
1029 1082 1146 1144 malum

74 1181 223 1247 saudim
247 1198 302 1246 est
321 1212 336 1239 u
355 1183 428 1248 Nou
448 1184 552 1249 hercle
565 1232 575 1264 ,
599 1207 696 1269 neque
716 1187 815 1249 malos
834 1188 988 1270 sequitur,
1012 1188 1082 1270 quia
1111 1209 1148 1248 ex
1258 1229 1261 1236 ι

75 1292 132 1352 sola
143 1290 269 1352 Virtute
285 1303 330 1353 est
346 1315 354 1351 :
371 1319 387 1346 u
399 1292 432 1352 in
442 1293 667 1374 qualrurdatum
678 1314 803 1356 necesse
820 1307 883 1372 est,
900 1293 973 1356 relit
988 1294 1086 1372 nolit,
1102 1316 1147 1356 sc·
1245 1297 1261 1362 ,“

76 1413 176 1478 quatur
188 1397 331 1478 hilaritas
343 1399 505 1474 continua,
524 1413 555 1462 et
570 1399 669 1462 letitia
683 1399 744 1462 alta
761 1413 850 1482 atque
870 1422 907 1462 ex
926 1401 988 1463 alto
1005 1403 1146 1478 veniens,

76 1520 103 1568 ut
120 1530 186 1588 quae
201 1507 265 1570 suis
278 1509 422 1590 gaudeat,
437 1529 495 1572 nec
511 1509 630 1590 majora
649 1507 821 1570 domesticis
841 1509 952 1592 cupiat.
970 1537 985 1562 ι»
1012 1507 1151 1587 (Seneca
1200 1559 1205 1572 .

77 1611 121 1676 De
134 1613 200 1676 Vit.
214 1612 304 1676 Beat.
315 1635 381 1697 cap.
397 1613 442 1694 4.)
452 1612 559 1677 Habes
572 1615 672 1698 ipsum
688 1615 767 1677 istud
778 1613 934 1678 Gaudium
944 1615 1034 1698 plene
1045 1615 1154 1678 descri-

77 1734 176 1800 ptum,
201 1721 229 1782 si
252 1721 405 1783 scrutaris.
425 1717 618 1800 Fundatum,
642 1721 761 1802 inquit,
785 1721 817 1782 in
839 1743 914 1804 rupe
936 1720 991 1784 illa
1013 1720 1153 1784 Virtutis.

79 1824 205 1909 Reliqua
219 1827 329 1910 gaudia
346 1825 537 1906 adventicia,
555 1841 586 1890 et
602 1827 724 1890 infirma
740 1841 827 1900 sunt;
842 1839 931 1910 atque
945 1855 960 1883 a
972 1827 1035 1890 haec
1048 1829 1158 1909 quibus

81 1933 241 1996 delectatur
253 1932 381 2017 vulgus,
402 1947 527 1997 tenuem
542 1932 661 1996 ltabent
680 1953 716 1997 ac
729 1933 933 2017 perfusoriam
947 1933 1133 2016 voluptatem
1147 1955 1155 1994 ε

83 2051 109 2098 ct
121 2043 333 2122 quodcunque
346 2040 539 2104 invecticium
559 2035 702 2125 gaudium
720 2053 786 2118 est,
807 2039 1003 2103 fundamento
1023 2055 1117 2104 caret.
1140 2069 1155 2094 n

83 2145 198 2232 (Epist.
209 2149 326 2230 mn.)
342 2145 517 2228 lterumque
533 2147 607 2210 alibi
624 2171 631 2208 r
651 2175 667 2202 u
681 2145 857 2231 Fragilibus
871 2148 1025 2225 inuititur,
1041 2149 1093 2230 qui
1107 2151 1159 2211 ad-

83 2255 208 2318 venticio
222 2255 310 2316 latus
325 2267 387 2327 est;
402 2253 495 2340 exiliit
511 2254 673 2338 gaudium,
689 2256 771 2335 quod
783 2254 915 2316 intrarit
931 2283 947 2308 »
960 2251 1034 2338 (Ep.
1045 2257 1160 2334 xcvtr.)

83 2357 178 2423 Aliter
189 2361 284 2445 plane
298 2359 401 2423 inisto
413 2374 521 2423 est:et
536 2387 551 2415 u
570 2361 646 2446 illud
656 2382 693 2422 ex
707 2382 740 2422 se
755 2373 857 2428 ortum
874 2361 963 2423 fidele
976 2361 1157 2444 firmumque
1233 2372 1234 2378 ’
1302 2324 1304 2330 ¹

82 2481 136 2538 est,
148 2481 178 2532 et
186 2467 308 2545 crescit,
320 2481 351 2530 et
361 2471 400 2531 ad
410 2481 580 2531 extremum
589 2489 685 2550 arsque
694 2469 896 2552 prosequitur.
907 2497 922 2522 ι»
932 2466 1037 2552 (Ibid.)
1052 2463 1101 2530 Er
1115 2489 1159 2545 sc,
1217 2471 1220 2478 '

83 2574 193 2655 iuquit,
203 2588 306 2636 ortum
321 2597 329 2633 a
343 2575 374 2635 id
388 2586 444 2652 cst,
457 2595 493 2636 cx
502 2572 628 2648 Animo,
637 2575 669 2635 in
678 2596 739 2657 quo
749 2573 865 2637 Virtus.
877 2571 994 2637 Seneca
1004 2594 1059 2636 suo
1068 2569 1163 2635 Luci-

83 2679 126 2741 lio
144 2705 152 2740 :
172 2707 188 2734 α
206 2679 293 2744 ΝοΙο
305 2679 362 2742 tibi
373 2701 508 2762 unquam
517 2682 622 2744 deesse
630 2677 803 2755 Larium,
828 2681 901 2742 volo
916 2681 1001 2742 illam
1014 2680 1070 2742 tibi
1081 2680 1165 2741 domi

83 2789 190 2851 nasci:
207 2802 372 2864 nascetur,
390 2788 416 2850 si
434 2779 527 2851 modo
549 2789 629 2851 intra
644 2789 778 2872 teipsum
795 2789 842 2851 sit
857 2787 983 2853 Caetera
997 2788 1165 2851 hilaritates

83 2917 147 2958 non
164 2896 295 2980 implent
307 2909 431 2980 pectus,
447 2896 501 2958 sed
515 2895 647 2958 frontem
664 2897 821 2958 remittunt
842 2918 850 2956 ε
866 2896 949 2959 leves
967 2910 1053 2973 srmt,
1066 2897 1168 2958 nisitu

83 3002 168 3065 sorte
177 3003 296 3086 judicas
304 3003 392 3064 illum
403 3005 550 3087 gaudere,
563 3003 614 3086 qui
622 3004 710 3065 ridet.
720 3002 849 3066 Animus
860 3002 951 3066 debet
962 3025 1028 3066 esse
1044 3004 1167 3081 alacer,

83 3122 115 3170 et
131 3109 254 3181 fidens,
269 3121 301 3172 et
314 3109 518 3193 superomnia
528 3123 654 3172 erectus.
669 3135 684 3166 a
700 3105 743 3172 Et
751 3111 852 3172 statim
868 3133 875 3169 ε
894 3137 909 3164 u
923 3107 993 3172 lloc
1004 3111 1168 3194 gaudium,

82 3217 123 3278 de
144 3237 210 3298 quo
229 3216 360 3297 loquor,
379 3215 511 3278 solidum
531 3228 597 3292 est,
617 3229 648 3277 et
666 3218 747 3297 quod
768 3215 837 3300 plus
855 3227 959 3300 pateat
982 3217 1170 3278 introrsus.»

81 3320 212 3406 (Epist.
225 3323 339 3400 xxm.)
351 3319 444 3382 Plailo
455 3320 597 3384 Judaeus:
612 3348 628 3376 o
640 3319 722 3402 Quia
732 3322 822 3405 igitur
834 3323 866 3383 in
878 3322 951 3385 solis
961 3321 1066 3383 Animi
1078 3322 1174 3383 Bonis

81 3429 260 3514 genuinum
279 3440 310 3490 et
323 3428 476 3491 sincerum
490 3427 643 3510 reperitur
661 3425 837 3506 Gaudium,
859 3428 928 3490 ideo
944 3431 976 3489 in
998 3435 1032 3488 sd
1051 3428 1176 3508 quisque

82 3535 225 3620 Sapiens
245 3537 372 3619 gaudet,
390 3555 454 3596 non
470 3534 504 3595 iu
524 3535 583 3605 iis,
609 3557 675 3618 quae
692 3535 772 3598 circa
794 3535 936 3618 ipsum.»
955 3533 1068 3615 (Quod
1088 3533 1177 3596 Bono

83 3641 168 3706 Mal.
180 3641 297 3718 insit)
310 3639 396 3725 Ergo
408 3641 487 3704 bene
498 3655 603 3705 noster
613 3663 703 3726 supra
715 3643 831 3704 dixerat
842 3688 851 3719 ,
864 3670 879 3697 «
892 3641 1015 3720 Altum,
1029 3655 1059 3703 et
1070 3663 1106 3703 cx
1117 3642 1179 3703 alto

85 3753 235 3829 veniens,
252 3750 386 3832 itemque
397 3749 573 3812 continuum
587 3771 663 3812 esse.
674 3779 688 3806 ιι
702 3748 788 3812 Idem
801 3749 894 3811 alibi:
912 3777 926 3803 «ι
938 3747 1071 3831 Aliquod
1082 3750 1181 3832 potius

84 3861 216 3922 bonum
236 3878 415 3920 mansurum
432 3857 629 3941 circumspice
654 3883 661 3919 ε
682 3857 800 3919 nullum
817 3870 920 3918 autern
939 3870 1005 3928 est,
1023 3857 1081 3920 nisi
1101 3860 1183 3938 quod

86 3969 221 4030 animus
230 3963 374 4028 exscribi
384 3964 508 4028 invenit.
517 3961 591 4026 Sola
599 3965 692 4027 virtus
703 3978 825 4047 praestat
833 3965 974 4048 gaudium
981 3977 1180 4047 perpetuum,

86 4095 245 4140 securum
258 4097 266 4130 ε
280 4074 373 4135 etiam
383 4072 491 4155 siquid
503 4071 612 4148 obstat,
626 4071 751 4136 nubium
762 4074 854 4134 modo
870 4072 1030 4134 intervenit
1042 4117 1050 4148 ,
1062 4093 1127 4151 quse
1139 4071 1185 4130 in-

86 4185 136 4247 [ra
153 4181 325 4258 ferrantur,
349 4201 407 4243 nee
432 4200 565 4261 numam
589 4180 670 4242 diem
697 4179 825 4240 vincunt.
845 4207 859 4232 »
877 4177 995 4261 (Epist.
1011 4179 1135 4253 xxvu.)
1154 4173 1185 4236 Ο

235 4295 247 4346 l
