2896 4954
317 355 378 445 178
766 355 834 424 DE
857 355 947 424 lllA

315 507 332 544 a
354 480 452 564 silio,
479 477 540 548 sed
561 481 774 572 ignominia,
801 479 862 548 sed
892 479 1016 548 damam
1043 480 1194 550 afficere.
1219 507 1237 546 a
1266 483 1372 574 Magis

311 595 450 689 ignosco
470 596 525 679 ei,
542 595 603 688 qui
618 596 741 666 vulnus
754 597 883 664 inimici
896 646 905 679 ,
923 619 1023 688 quam
1039 599 1099 689 qui
1114 597 1259 666 insulam
1272 602 1280 632 ¹
1297 622 1373 666 con-
1434 630 1435 656 r

310 712 476 805 cupiscit,
491 711 549 778 hic
567 711 659 779 euim
673 735 741 780 non
762 727 892 780 tantum
911 711 990 780 mali
1010 713 1114 780 animi
1132 727 1204 796 est,
1229 711 1291 780 sed
1310 737 1371 804 pu·

310 824 389 892 silli.
415 825 492 893 Sive
514 820 557 891 de
581 823 709 892 ultimis
736 825 912 920 suppliciis
934 828 1084 919 cogitas,
1109 827 1178 894 sive
1203 822 1246 893 de
1270 814 1372 896 levio‘-

309 942 426 1028 ribus,
449 942 651 1034 quantulum
670 957 721 1010 est
740 943 923 1035 temporis,
949 967 1017 1036 quo
1035 959 1094 1012 aut
1111 943 1169 1010 ille
1192 967 1295 1036 poena
1317 968 1371 1011 sua

309 1079 528 1157 torqueatur,
545 1078 604 1131 aut
622 1078 659 1131 tu
673 1064 799 1132 malum
819 1062 980 1158 gaudium
1000 1090 1040 1132 ex
1054 1065 1165 1134 aliens
1182 1066 1373 1160 percipias?

268 1195 284 1248 5
309 1185 383 1251 Jam
396 1182 507 1274 ipsum
520 1181 678 1273 spiritum
691 1182 932 1274 exspuimus¹‚
949 1182 1088 1250 interim
1103 1181 1183 1250 dum
1198 1183 1369 1250 trahimus.

309 1300 397 1367 Dum
417 1298 508 1365 inter
526 1296 680 1381 homines
697 1319 835 1380 sumus,
858 1296 1005 1366 colamus
1024 1299 1268 1367 humanitatem
1286 1326 1293 1365 :
1310 1323 1372 1366 non

310 1413 424 1481 umori
444 1412 624 1503 cuiquam,
641 1435 710 1480 nou
730 1411 882 1505 periculo
896 1413 1001 1480 simus
1019 1439 1027 1478 ι
1043 1412 1269 1498 detrimenta,
1289 1415 1374 1506 inju-

310 1526 400 1610 rias,
418 1526 582 1608 convicia,
593 1524 822 1594 vellicationes
836 1541 1111 1611 contemnamus,
1127 1544 1162 1596 et
1176 1552 1298 1622 magno
1310 1528 1375 1596 ani·

312 1662 366 1709 mo
382 1639 501 1708 brevia
520 1639 667 1708 seramus
689 1637 913 1708 incommoda.
935 1641 1024 1712 Dum
1043 1642 1265 1734 respicimus,
1288 1639 1375 1734 quod

310 1757 429 1840 aiunt,
447 1780 689 1849 versamusque
706 1780 789 1840 nos,
807 1757 879 1851 jam
898 1759 1083 1827 mortalitas
1101 1759 1223 1827 aderit.

347 1969 369 2002 s.
382 1949 506 2004 Insulam
516 1949 610 2004 eeodd.
621 1947 728 2023 pretuli.
740 1950 822 2002 Antea
871 1950 899 2002 in
909 1949 999 2002 insulis
1010 1949 1052 2003 vel
1064 1951 1160 2003 luterni
1174 1950 1214 2003 rel
1227 1949 1313 2022 AEgsi
1322 1969 1377 2002 aua·

308 2029 536 2098 punctione-adom,
547 2048 569 2081 e.
579 2048 649 2103 cap.
660 2028 823 2082 Erasmlllu·
869 2028 905 2080 ris
918 2028 1034 2101 relegari.
1050 2028 1199 2095 luvenalis,
1214 2027 1266 2080 Sat.
1282 2029 1310 2088 l,
1330 2028 1375 2097 73:

312 2121 378 2161 retus
407 2107 511 2161 dederat
529 2109 671 2178 pusulam,
699 2105 770 2178 quod
799 2119 824 2158 et
873 2129 887 2154 s
906 2105 981 2160 Ande
997 2105 1094 2178 aliquid
1108 2105 1226 2158 brevibus
1241 2104 1335 2176 Gyaris
1355 2115 1378 2155 et

312 2187 411 2260 Lipsius
420 2186 542 2260 probarit.
549 2183 695 2238 intendenti
704 2184 821 2256 liquebit,
875 2201 973 2235 earcere
982 2181 1097 2256 dignum.
1106 2205 1119 2228 κ
1126 2182 1205 2234 Tacit.
1213 2181 1278 2234 Bisa
1287 2182 1330 2234 lils·
1341 2181 1366 2232 ll
1375 2196 1383 2230 :

313 2258 409 2318 uniaris
427 2267 528 2318 inimici
542 2263 575 2316 ad
589 2275 714 2326 mortem,
732 2261 826 2333 dequa
878 2261 1013 2314 «Plenum
1037 2261 1128 2314 exsiliis
1149 2279 1226 2312 snare.
1239 2282 1253 2306 s
1280 2259 1312 2312 Et
1332 2259 1382 2330 ipse

314 2341 399 2417 paullo
420 2353 479 2395 ante
491 2359 573 2394 sermo
587 2352 654 2405 erat,
668 2351 788 2414 spectare,
802 2349 828 2389 et
877 2341 989 2392 Annuus
1001 2340 1029 2391 iu
1045 2339 1145 2391 Corsica
1158 2337 1242 2389 insula
1255 2336 1386 2388 exsulave-

314 2424 447 2486 s'osulom,
463 2439 518 2490 que
527 2432 556 2472 ut
565 2418 645 2471 levius
655 2416 716 2489 quid
727 2415 828 2468 vulneri
876 2429 932 2477 ηις
946 2436 1021 2488 quam
1039 2417 1072 2468 ob
1087 2433 1187 2468 eausam
1198 2433 1231 2465 ne
1242 2411 1342 2464 mireris
1354 2408 1386 2462 ad

316 2497 460 2573 opponitur,
467 2496 636 2560 adeasilium,
646 2492 826 2569 ignominiam:
877 2493 967 2548 insule
979 2513 1074 2546 nomeu
1085 2493 1154 2546 huuc
1163 2491 1347 2544 exhorrescere.

317 2576 426 2646 ideoque
448 2594 592 2628 sermonem
617 2593 699 2644 neque
723 2571 829 2642 longiu—
912 2591 935 2623 s.
948 2571 1116 2639 Exspuimus
1119 2605 1241 2622 .............
1250 2566 1390 2620 trobs'nws.

284 2689 292 2716 ¹.
318 2672 398 2724 quum
412 2673 494 2723 neque
511 2651 604 2708 durum
618 2670 686 2716 esse,
700 2649 769 2720 quod
786 2659 829 2700 ta·
879 2651 999 2701 Nostrum
1012 2647 1167 2720 exspuimus,
1179 2645 1291 2698 alienum
1303 2657 1390 2696 extra-

319 2751 378 2784 tueu
398 2731 495 2804 lipsius
511 2730 634 2783 censelsat.
647 2757 681 2768 -
697 2727 829 2778 Insulam·
878 2724 970 2778 hirnus.
983 2724 1076 2778 Sensus
1091 2745 1151 2798 ergo
1163 2742 1170 2776 z
1182 2723 1241 2775 Jam
1253 2741 1301 2774 uos
1313 2721 1391 2774 morti

320 2809 418 2862 Notum
434 2807 508 2860 etiam
526 2802 719 2860 adolescentulis
730 2816 766 2856 est
777 2802 831 2854 im·
879 2803 1008 2877 propiores
1019 2801 1184 2865 advenimus,
1200 2800 1261 2853 dum
1274 2801 1303 2852 in
1315 2820 1393 2852 mor-

321 2883 385 2960 perii
410 2883 566 2962 temporibus
586 2882 673 2937 solitos
699 2880 830 2956 optimates
879 2881 1077 2956 temptetipites
1089 2879 1151 2934 alios
1163 2878 1343 2951 impingimus.
