2926 4958
239 465 738 538 ADsTOIC.PH1LOS.
765 467 859 536 LIB.
887 467 940 534 II.
1053 471 1128 556 cxxj

74 606 213 688 etreliqua
224 607 291 688 ejus
301 627 404 668 sensns
416 609 532 670 desunt.
544 605 716 689 Supplenda
726 607 833 683 facile,
846 629 882 671 ex
902 589 969 669 aliis
979 632 986 680 ;
996 609 1046 688 qui
1057 607 1130 670 Ma-

74 728 175 776 nentem
203 711 421 788 Phantasiam,
445 713 548 775 volunt
572 713 738 776 Notionem
758 735 835 776 esse.
857 712 902 775 Ita
924 715 1006 776 enim
1026 729 1133 797 praeter

74 819 278 894 Plutarchum,
294 820 383 883 Philo
393 820 417 882 J
418 823 517 884 udaeus
531 844 538 880 ε
558 850 572 876 u
584 821 751 885 Notionem
765 844 850 894 esse,
865 823 1050 886 reconditum
1062 843 1134 886 con·

74 942 176 1010 ceptum
193 951 202 988 :
222 928 494 1004 deliberationem,
511 930 643 1009 ejusdem
659 943 773 992 certam
785 930 998 1013 prolationem.
1015 957 1029 982 n
1044 927 1134 1010 (Lib.

76 1031 151 1114 Quod
159 1035 253 1098 Dens
262 1033 433 1114 immutab)
441 1031 502 1097 Sed
515 1034 644 1118 amplius
659 1035 786 1098 Cicero:
800 1063 815 1090 u
831 1031 976 1116 Equibus
985 1037 1135 1100 memoria

74 1141 192 1204 oritur.»
211 1140 290 1222 Quae
306 1139 421 1204 Graecis
430 1154 476 1204 est
486 1150 628 1223 periremel
637 1140 716 1204 hanc
729 1141 773 1202 illi
788 1148 895 1224 μόνιμον
905 1149 948 1204 καὶ
960 1149 1081 1224 σχετικὴν
1092 1151 1138 1205 τύ-
1233 1137 1236 1144 s

75 1273 142 1308 reru
155 1248 278 1316 dicunt;
292 1274 306 1299 ιι
318 1245 457 1308 stabilem
468 1261 498 1308 et
507 1247 692 1308 habitualem
702 1247 944 1330 impressionem.
963 1275 977 1300 »ι
993 1246 1135 1319 Deinde,

75 1353 1047 1435 «ceteraautemsimititudtnibusconsuuie1·Quietanmemoria
1057 1355 1138 1416 inon

74 1473 135 1540 puto
145 1482 152 1515 :
164 1481 228 1522 nee
236 1459 280 1522 sic
290 1457 392 1521 Stoici.
408 1457 474 1520 lmo
489 1459 548 1520 illis
561 1474 630 1542 post
639 1460 841 1522 memoriam?
854 1469 981 1544 Εμπιιρία
991 1462 1138 1537 succedit,

75 1566 188 1628 metire
203 1587 296 1638 usus,
314 1579 344 1626 et
356 1565 494 1628 definitur
504 1610 513 1637 ,
524 1570 554 1629 ‘ro'
566 1579 617 1629 τῶν
630 1571 752 1650 ὁμοιιδῶν
766 1581 869 1650 perporo
881 1573 973 1634 πλῆθος
992 1592 999 1628 :
1014 1595 1029 1622 u
1043 1567 1141 1629 multi-

75 1672 136 1730 tudo
148 1670 372 1732 memoriarum
387 1671 607 1744 consimilitnu,
623 1699 638 1726 »ι
652 1669 744 1750 (Plut.
755 1673 792 1734 de
803 1669 923 1750 Placit.)
941 1675 1020 1754 quod
1032 1673 1140 1736 Cicero

76 1789 168 1856 postea
191 1777 309 1860 tangit,
336 1778 388 1838 sed
410 1798 519 1859 parum
539 1777 592 1859 (si
606 1777 667 1840 laec
689 1778 804 1842 sincera
829 1779 953 1852 omnia)
969 1779 1141 1862 distinguit.

76 1877 207 1956 Deinde,
224 1911 239 1936 u
252 1883 332 1945 effici
343 1903 379 1944 ex
387 1882 424 1944 iis
431 1883 553 1945 notitias
562 1905 676 1944 rerum.
688 1911 704 1937 ι»
716 1883 824 1964 Neque
832 1883 881 1946 bic
896 1887 970 1947 ordo
980 1905 1037 1967 pro
1051 1882 1142 1946 Grae-

77 1988 130 2064 cis,
155 1991 210 2071 qui
226 1989 318 2052 hodie
334 1989 456 2070 quidem
468 2003 599 2066 exstant,
615 2004 666 2052 aut
681 1989 756 2050 mihi
775 1991 833 2052 sint
849 1991 905 2052 risi
924 2015 930 2048 ε
947 1991 998 2072 qui
1010 1987 1143 2054 Notitiae

78 2107 103 2154 et
114 2093 274 2157 Memoriae
289 2107 320 2156 et
333 2093 401 2156 Arri
415 2097 612 2156 antemittunt.
629 2093 771 2160 Clausula
789 2109 854 2171 est,
875 2123 890 2150 u
912 2099 1055 2158 accedere
1075 2095 1143 2158 Ra-

77 2202 198 2279 tionem,
215 2205 302 2265 etad
317 2200 502 2286 Sapientiam
513 2203 672 2286 pervenire
687 2231 721 2281 o,
734 2205 815 2284 qnod
826 2204 1016 2266 verissimum
1027 2216 1072 2266 cst
1087 2227 1095 2264 a
1110 2217 1140 2266 et

77 2307 150 2370 idern
171 2308 287 2374 Cicero
304 2329 368 2372 sese
387 2308 535 2393 explicet:
554 2337 568 2364 u
584 2307 722 2372 Primum
735 2323 780 2372 est
796 2309 1015 2393 intelligentia,
1035 2309 1142 2372 deiude

77 2417 319 2498 consequentirun
335 2437 439 2478 rernm
454 2437 524 2480 cum
538 2416 645 2499 primis
658 2417 826 2498 conjunctio
841 2430 870 2478 et
886 2415 1115 2499 comprehensio
1136 2438 1144 2473 r

78 2541 110 2580 ex
121 2543 180 2603 qno
195 2522 356 2597 videlicet,
372 2524 444 2605 quid
460 2543 495 2585 ox
509 2523 674 2606 quibusque
691 2523 782 2586 rebus
796 2502 959 2600 elfleiatur,
973 2523 1062 2603 idque
1079 2519 1147 2582 Ra-

78 2625 170 2702 tione,
179 2626 400 2702 concludimus,
413 2627 602 2711 singulasque
613 2650 663 2690 res
672 2627 847 2691 delinimus:
861 2649 897 2689 ex
907 2647 967 2708 quo
978 2625 1120 2689 Scientia.
1130 2651 1146 2679 ι·

79 2731 120 2807 (ΙΙ
138 2732 190 2794 De
202 2732 278 2796 Nat.
288 2730 403 2810 Deor.)
419 2731 573 2795 Nimirum
588 2712 761 2798 Dialecticae
775 2734 906 2814 quodam
921 2733 1011 2794 ductu
1021 2736 1090 2814 λόγῳ
1105 2737 1148 2794 καὶ

79 2844 187 2923 impp·
202 2853 330 2917 utentes,
345 2837 477 2902 Ratione
491 2855 522 2902 et
538 2824 797 2916 Ratiocinatione,
813 2853 929 2903 certum
945 2838 1149 2922 comprehen-

78 2945 191 3022 dimus,
207 2959 241 3006 et
254 2946 391 3007 notiones
404 2945 473 3006 illas
487 2945 663 3008 stabilimus.
676 2944 781 3008 Habes
796 2947 833 3008 de
849 2946 972 3026 quaesito
992 2968 999 3003 :
1017 2965 1054 3006 an
1069 2945 1149 3006 aliud
1170 2951 1182 2959 ’“

78 3051 250 3114 desideras?
265 3049 349 3112 Atto.
366 3049 533 3136 Superaddi
552 3053 588 3114 de
602 3052 840 3124 Artisrcialibue,
857 3073 922 3132 quae
936 3064 1038 3114 nostra
1056 3072 1149 3134 opera

79 3160 303 3239 producantur,
326 3159 478 3240 quomodo
496 3159 526 3220 id
541 3159 613 3220 fiat?
628 3155 712 3220 Ltus.
733 3156 843 3224 Cicero
864 3159 917 3220 ille
931 3160 1012 3220 idern
1028 3159 1121 3241 tangit
1140 3181 1148 3216 ε

81 3288 95 3319 u
111 3261 220 3344 Quum
235 3284 341 3325 rerum
354 3261 504 3326 Nationes
525 3263 557 3324 iu
573 3263 682 3326 animis
696 3263 785 3341 bant,
801 3265 826 3327 si
841 3277 893 3326 aut
905 3283 964 3326 usu
974 3265 1084 3345 aliquid
1097 3285 1152 3326 co-

79 3371 195 3452 gnitum
218 3369 276 3448 sit,
298 3383 350 3434 aut
364 3370 593 3452 conjunctione,
618 3384 669 3432 aut
689 3343 902 3447 similitudine,
926 3384 977 3433 aut
992 3370 1152 3434 collatione

81 3476 207 3538 rationis
229 3475 312 3539 :hoc
323 3489 452 3556 quarto,
468 3478 549 3557 quod
562 3487 730 3538 extremum
746 3477 832 3560 posui
848 3522 857 3553 ,
872 3475 1029 3537 Bonorum
1047 3475 1153 3537 notitia

82 3598 125 3644 est
139 3583 253 3646 facta.»
271 3580 353 3662 (ΠΙ.
365 3579 415 3644 De
427 3579 554 3659 Finib.)
574 3579 722 3644 Senecam
746 3583 777 3643 id
796 3582 942 3659 illustret,
961 3581 1013 3662 qni
1035 3579 1153 3644 Lucilio

81 3689 247 3768 querenti,
263 3716 279 3742 «r
296 3686 460 3769 Quomodo
484 3690 523 3750 ad
545 3709 602 3750 nos
627 3689 700 3750 boni
722 3689 897 3770 honestique
914 3690 1019 3750 notitia
1044 3710 1155 3772 perve-

83 3795 195 3858 nisset?
205 3822 222 3848 n
231 3792 411 3878 Respondit,
425 3821 440 3848 ιι
452 3791 523 3856 Hoc
536 3813 592 3856 uos
603 3795 713 3857 docere
725 3807 863 3856 naturam
873 3815 933 3856 non
944 3794 1087 3878 potuisse.
1096 3791 1157 3857 Sed

83 3902 174 3964 nobis
189 3898 329 3980 (Stoicis)
343 3902 481 3978 ridetur,
496 3901 612 3983 iuquit,
628 3901 798 3964 observatio
808 3901 991 3984 collegisse,
1010 3888 1040 3962 et
1053 3923 1156 3963 rerum

84 4027 162 4091 saepe
177 4008 326 4071 factarum
340 4008 419 4070 intc'r
431 4029 462 4070 se
477 4008 620 4079 collatio,
637 4029 693 4091 per
704 4008 874 4091 analogiam
889 4021 992 4069 nostro
1006 4007 1159 4069 intellectu

85 4127 114 4173 et
127 4113 247 4175 bonrnn
264 4126 295 4176 et
306 4113 466 4176 honestum
483 4115 672 4196 judicante.»
690 4112 807 4198 (Epist.
823 4117 904 4192 cxx)
916 4111 956 4175 Et
970 4113 1105 4196 pluscula
1116 4112 1157 4174 ihi

86 4221 155 4282 ride
176 4243 185 4277 ε
202 4223 255 4282 sed
266 4220 364 4302 magis
377 4217 532 4282 Laertium
548 4221 615 4283 vide
628 4265 638 4296 ,
649 4221 700 4301 qui
715 4221 833 4304 plenius
846 4220 908 4284 bac
922 4234 951 4283 et
965 4242 1000 4283 cx
1015 4242 1080 4284 asse
1094 4234 1159 4281 tra-

87 4327 140 4388 dit.
156 4355 174 4382 «
186 4324 306 4388 Eorum
319 4347 383 4406 quc
396 4342 569 4404 noscuntur,
583 4329 677 4408 inquit
691 4328 807 4406 (idest,
820 4326 1020 4403 Notitiamm)
1033 4327 1091 4391 alia
1105 4348 1161 4408 per
