2902 4958
292 414 354 500 sii
725 421 792 490 DE
819 421 908 488 tta

286 546 352 614 nisi
371 545 517 616 Catilina
530 597 541 629 ,
556 547 628 640 jam
642 549 678 616 in
692 573 792 618 omne
808 549 938 618 facinus
957 571 1076 616 manns
1094 546 1278 614 exeroens?
1295 545 1358 612 bic

286 661 384 730 illum
407 679 486 732 ante
508 663 646 733 bustum
668 663 716 756 Q.
745 665 879 734 Cetuli¹
908 661 1087 758 osrpebat,
1115 662 1359 756 'gravissimos

287 777 454 848 mitissimi
477 781 544 850 viri
567 781 740 850 cineribus
758 807 765 847 :
786 805 890 874 supra
907 805 992 874 quos
1009 780 1062 848 vir
1082 778 1162 848 mali
1180 777 1357 870 exempli,

287 896 460 988 popularis
475 913 610 980 tamen,
631 913 666 966 et
679 921 748 964 non
762 913 830 966 tam
844 899 1012 966 immerito
1026 919 1127 988 quam
1142 895 1243 964 nimis
1259 917 1360 960 ama-

287 1025 361 1093 tus,
380 1035 443 1104 per
460 1011 632 1082 stillicidia
645 1013 846 1106 sanguinent
862 1011 977 1082 dabat.
994 1015 1127 1108 Dignus
1139 1027 1212 1082 erat
1224 1012 1362 1079 Marios

286 1127 347 1218 qui
369 1126 428 1196 illa
454 1144 650 1221 pateretur,
677 1127 771 1220 Sylla
792 1129 852 1221 qni
872 1127 1030 1221 juberet,
1052 1126 1198 1196 Catilina
1219 1125 1280 1216 qni
1306 1125 1362 1191 fa-

286 1257 400 1326 ceret;
421 1241 481 1310 sed
500 1241 643 1336 indigna
661 1243 866 1336 Respublica
883 1269 960 1337 quse
979 1246 1016 1311 in
1036 1267 1158 1336 eorpus
1175 1267 1273 1312 suum
1292 1267 1363 1337 pa-

244 1371 261 1424 3
286 1358 371 1427 riter
395 1375 430 1426 et
453 1359 600 1428 hostium
625 1375 660 1427 et
681 1351 881 1428 vindieum³
902 1358 1032 1452 gladios
1052 1361 1232 1454 reciperet.
1258 1359 1365 1453 Quid

285 1475 425 1564 antiqua
444 1475 669 1568 perscrutor?
686 1473 788 1542 Modo
807 1475 848 1542 C.
867 1475 980 1542 conr
997 1475 1132 1542 Sextum
1152 1477 1362 1569 Pupiniam,

284 1588 340 1656 cni
360 1603 457 1680 pater
476 1602 550 1655 erat
571 1588 782 1669 oonsularis‚
806 1587 1008 1656 Betilienum
1027 1583 1188 1656 bassum⁴
1205 1606 1363 1681 quaesto-

285 1727 357 1772 rem
385 1727 482 1772 snum
506 1703 737 1795 procuratoris
759 1703 811 1770 sui
837 1703 967 1787 filium,
990 1703 1141 1796 aliosque
1165 1720 1200 1772 et
1221 1707 1366 1797 equites

285 1843 440 1888 romanos
457 1834 493 1886 et
512 1811 711 1886 senatores⁵
731 1843 800 1886 uno
820 1815 877 1886 die
897 1819 1042 1910 flagellis
1059 1818 1205 1903 cecidit,
1229 1823 1362 1904 torsit,

283 1961 353 2004 non
367 1934 581 2030 quaestionib,
599 1931 660 2002 sed
673 1933 776 2002 animi
791 1957 904 2002 causa.
923 1932 1057 2003 Deinde
1073 1932 1159 2002 adeo
1175 1935 1366 2028 impatiens

284 2051 349 2118 fuit
367 2046 565 2117 differendae
584 2045 785 2140 voluptatis.
807 2073 909 2140 qoam
929 2050 1052 2144 ingens
1072 2047 1256 2117 crudelitas
1279 2052 1366 2142 ejus

283 2167 357 2234 sine
375 2163 537 2232 dilatione
550 2161 730 2256 poscebat,
750 2164 838 2231 utin
853 2179 949 2256 xysto
962 2161 975 2200 ⁶
994 2181 1222 2234 maternorum
1238 2166 1367 2234 horto-

319 2421 339 2454 t.
351 2400 385 2472 Q.
396 2396 535 2464 ceretto.
548 2395 668 2459 Catulus,
678 2393 707 2446 C.
717 2394 794 2447 Marii
841 2397 906 2462 tuit,
926 2397 992 2452 tloet.
1003 2401 1036 2452 de
1047 2397 1212 2452 Stasimum}
1226 2411 1252 2452 et
1264 2399 1367 2454 Rube-

283 2476 400 2550 collega,
412 2472 518 2527 inbelle
530 2471 653 2525 cimbrico
663 2469 795 2524 celeberri·
842 2471 916 2524 nium
928 2486 1034 2527 secutus.
1044 2473 1116 2526 Ettle
1125 2473 1199 2527 Sexto
1207 2474 1324 2548 Papinio
1337 2487 1366 2529 et

283 2573 349 2620 mus,
358 2553 403 2625 qni
414 2565 469 2625 post
479 2573 494 2605 a
506 2551 535 2604 C.
547 2550 631 2603 Mario
641 2548 794 2624 proscriptus
842 2550 874 2601 tle
881 2548 968 2604 Cassio
976 2549 1099 2605 Betillino
1107 2551 1368 2626 (sieappellatDion.

282 2632 444 2706 semetipsum
457 2629 590 2682 interiecit.
603 2628 723 2694 (Ernesti
735 2625 793 2678 lnrl.
843 2625 911 2680 Cass.
929 2629 1005 2694 htx,
1019 2632 1068 2696 15)
1088 2631 1200 2703 exposuit
1212 2630 1265 2682 Dio
1280 2632 1367 2703 eju-

282 2711 340 2764 bist.
353 2711 407 2763 Cio.
426 2711 523 2764 Wezel
535 2708 567 2759 atl
583 2705 638 2758 Cio.
656 2703 725 2756 Brut
737 2724 793 2776 pag.
841 2725 890 2776 que
904 2706 1053 2780 epitomator
1069 2709 1182 2762 Zonaras
1196 2709 1251 2776 (cf.
1270 2711 1366 2788 lntpp.

284 2789 333 2863 296
345 2791 396 2860 sq.)
410 2787 518 2840 Bostum
529 2785 584 2855 ejus
599 2796 666 2836 trans
679 2781 793 2835 Tiberim
842 2781 872 2834 sd
880 2783 959 2836 Dion.
969 2783 1157 2853 Cass.l.mem.)
1165 2785 1254 2838 eodem
1263 2791 1364 2856 modo,

283 2879 353 2930 erat,
374 2865 419 2918 ubi
442 2864 555 2916 Marium
574 2860 710 2928 carpetas,
731 2859 749 2911 i.
770 2877 792 2908 e.
842 2878 892 2930 qno
909 2861 1002 2914 Noster
1017 2880 1024 2914 ε
1039 2863 1293 2937 praeterquamquod
1315 2866 1366 2919 ille

284 2943 457 2996 interficiebat.
841 2936 983 2992 Betilienus
1004 2942 1094 2994 llassus
1111 2940 1178 3016 aputl
1197 2941 1317 2994 Dionem
1339 2959 1369 2998 es

318 3042 341 3072 a.
359 3019 548 3074 Gmoissimns.
562 3017 641 3092 lipsii
659 3015 715 3068 eorl.
728 3035 793 3086 μνι-
841 3015 968 3070 Zonaram
980 3019 1091 3072 Cassius
1103 3019 1248 3074 Betillinns
1260 3025 1368 3076 norati-

284 3101 407 3150 or'ssimus
420 3099 499 3161 livor,
512 3095 581 3148 unde
595 3095 675 3146 iacere
692 3093 790 3148 voluit:
841 3107 923 3147 natur.
946 3095 1016 3148 Libri
1039 3098 1125 3170 scripti
1145 3116 1152 3150 :
1173 3099 1366 3166 Bestiarum,

280 3195 354 3244 grav.
374 3175 462 3244 liquor
478 3173 517 3225 vel
540 3174 622 3244 potius
636 3173 793 3238 gravissim

283 3256 399 3323 liquore,
417 3250 449 3304 (le
471 3250 569 3304 inferiis
590 3259 659 3317 χοαῖς
679 3249 792 3322 rogitans

284 3331 317 3384 ob
325 3349 432 3402 sequens
439 3329 583 3381 stillicidia.
595 3329 654 3378 non
663 3327 793 3380 assentior.

284 3407 423 3481 tautologia
447 3407 516 3458 enim
541 3417 604 3458 esset
628 3405 793 3458 manifestior.

283 3516 316 3528 -
330 3490 526 3550 Gravissimns,·
538 3483 734 3538 inimicissimus.

315 3569 340 3620 3.
353 3565 494 3617 Vindictam
502 3564 615 3615 Muretus
625 3583 638 3614 e
649 3563 792 3634 conjectura

283 3643 388 3694 mutavit
400 3642 544 3704 intirim,
556 3640 640 3693 neseio
649 3661 735 3711 qnare.
746 3641 792 3694 Far

283 3721 400 3774 omnium
428 3721 552 3774 librorum
578 3718 653 3771 lectio
674 3737 680 3770 :
699 3731 792 3792 spectat

284 3799 353 3850 enim
366 3798 498 3851 manifeste
511 3799 544 3851 arl
556 3798 692 3862 Sullanos,
706 3796 790 3849 vindi-

283 3896 339 3928 eare
354 3897 380 3929 se
396 3890 421 3928 et
433 3895 540 3930 asserere
556 3893 697 3948 oppressam
710 3873 790 3924 Rem-

283 3952 351 4026 pnbl.
365 3953 392 4005 in
409 3953 549 4006 libertatern
567 3971 657 4026 prese
675 3953 788 4003 serentes.

283 4057 316 4068 —
325 4029 462 4098 Recipeeet.
477 4033 534 4084 lloe
546 4043 597 4096 est,
608 4030 759 4084 admitteret·

316 4108 341 4170 4.
362 4105 519 4161 Betilienum
538 4109 658 4162 Bassum
677 4109 789 4175 (sumt

281 4181 420 4237 Belienum
435 4183 552 4240 Bassum
564 4187 575 4252 )
588 4187 702 4238 Gronov.
717 4187 787 4238 resti·

841 3170 1003 3236 Betheem,
1015 3171 1175 3239 Briss'ersnm,
1191 3173 1365 3244 Beuum,

840 3244 1015 3303 Betilienum.
1034 3251 1176 3305 Betilienns
1195 3251 1287 3304 Bassus
1308 3273 1367 3308 oe·-

842 3324 920 3380 cttrtit
932 3326 959 3379 in
970 3328 1051 3380 reteri
1061 3349 1176 3382 nummo.

875 3406 898 3456 5.
910 3406 1040 3476 Aliaeque
1056 3419 1082 3459 et
1098 3428 1138 3478 eq.
1155 3428 1220 3460 mm.
1239 3417 1267 3460 et
1277 3427 1368 3462 sersa-

842 3489 909 3533 tores
916 3481 949 3535 atl
958 3483 1059 3536 Erasmi
1071 3483 1111 3536 etl.
1122 3485 1257 3538 ordinavi:
1267 3499 1368 3542 antea:

841 3559 910 3610 alios
921 3571 1052 3614 senemr-es
1064 3571 1089 3614 et
1099 3566 1198 3634 equites
1209 3562 1369 3619 {lernam

841 3635 903 3688 Mos
914 3639 1004 3707 iugem
1016 3640 1175 3693 cmdettsos:
1186 3654 1261 3694 antea
1269 3644 1369 3712 inger

841 3723 892 3765 tem
908 3717 1059 3768 erudelitas.
1076 3717 1140 3770 Feci
1152 3740 1166 3771 e
1177 3719 1287 3772 leetiotte
1299 3723 1368 3774 eod.

840 3810 880 3866 ap.
896 3791 998 3846 Gruter.
1009 3798 1112 3866 eisquies
1126 3799 1279 3850 erudelitas.
1292 3798 1368 3872 Ejus

839 3870 1029 3927 crudelissimus
1045 3875 1148 3928 animus
1159 3877 1276 3950 poposcit
1289 3875 1367 3932 bane

840 3949 1002 4023 voluptatem.

872 4027 896 4082 6.
914 4033 950 4085 Χ
943 4045 1013 4104 ysto.
1028 4033 1213 4088 Ambulatione
1227 4033 1276 4088 sab
1293 4033 1367 4090 dive

838 4123 896 4163 ante
904 4111 1039 4184 porticum.
1051 4112 1163 4166 Ernesti
1168 4111 1243 4168 Clas.
1254 4111 1312 4165 Cic.
1322 4114 1367 4168 Si·

838 4187 941 4259 gnificat
952 4201 1036 4242 sutem
1049 4189 1166 4256 Seneca,
1177 4190 1306 4263 porticum
1320 4191 1368 4243 ele
