2900 4944
452 507 625 578 cspur
649 510 736 578 xx.
1048 497 1112 581 515

54 671 164 714 rerum
182 646 248 714 hoc
265 645 402 712 nomine
421 643 547 738 petias
561 651 680 736 ogam'
697 669 705 707 ε
723 665 790 733 quo
808 644 898 711 enim
912 644 1034 714 melius
1052 671 1113 742 ge·
1140 665 1155 719 3

51 767 133 830 nere'
150 763 325 856 negotium
344 781 453 829 meum
472 783 575 853 agere
590 761 701 852 potuit
717 764 729 792 ¹
751 760 766 826 Ρ
783 783 888 827 unum
905 785 959 827 me
978 759 1115 831 donavit

52 873 234 946 omnibus:
257 876 317 946 uni
335 877 418 944 mihi
442 900 569 944 omnes.
590 875 771 967 Quidquid
787 875 942 961 habebo,
963 903 1028 944 neo
1041 903 1115 946 sor·

53 989 131 1058 dide
146 991 331 1060 custodiam
346 1041 355 1071 ‚
383 1014 447 1058 neo
464 985 608 1082 prodige
623 1011 778 1081 spargam
791 1011 799 1074 3
814 988 901 1056 nihil
920 991 1026 1083 magis
1039 1017 1117 1084 pos-

52 1103 167 1172 sidere
180 1129 233 1173 me
243 1103 395 1184 credam,
416 1102 617 1195 quambene
629 1100 752 1169 donata
770 1127 778 1168 ε
800 1125 868 1169 non
882 1127 1036 1184 numero,
1052 1128 1117 1172 neo

53 1217 204 1310 pondere
219 1209 427 1298 beneiieia³‚
445 1239 509 1284 neo
526 1214 616 1297 ulla,
636 1217 701 1282 nisi
722 1215 920 1308 accipientis
938 1211 951 1260 ⁴
971 1219 1116 1285 aestima-

55 1334 175 1416 tione,
209 1329 368 1425 pendam.
392 1333 571 1425 Nunquam
590 1313 632 1395 id'
650 1331 734 1398 mihi
759 1331 899 1399 multum
919 1333 1006 1412 erit,
1027 1333 1119 1425 quod

53 1447 178 1542 dignus
194 1448 353 1540 accipiet.
365 1445 468 1514 *Nihil
489 1437 659 1538 opinionis
678 1471 796 1529 causa,
815 1449 927 1516 omnia
946 1451 1120 1516 conscien-

54 1565 107 1630 tiae
129 1563 251 1631 fuciom
272 1555 285 1596 ⁵
309 1587 316 1627 ε
341 1549 467 1654 populo
487 1573 571 1629 teste
599 1561 674 1628 fieri
699 1562 857 1646 credam,
880 1562 1048 1655 quidquid
1067 1587 1119 1631 me

53 1679 191 1750 conscio
209 1673 221 1714 ⁶
242 1678 374 1746 faciam.
393 1675 526 1744 Edendi
543 1676 609 1744 erit
617 1675 827 1768 bibendique
842 1677 933 1761 finis,
953 1677 1121 1745 desideria

57 1813 189 1867 naturae
205 1795 434 1887 restinguere,
451 1817 519 1860 non
538 1791 679 1886 implere
697 1792 830 1876 alvum,
847 1810 882 1861 et
902 1797 911 1840 ⁷
931 1796 1117 1863 exinanire.

54 1919 124 2008 Ego
139 1915 258 1983 amicis
271 1913 457 2006 jucundus,
476 1912 623 1978 inimicis
640 1911 731 1977 mitis
743 1927 777 1978 et
790 1903 912 1979 facilis⁸
927 1963 938 1996 ,
958 1913 1122 1981 exorabor

53 2050 238 2124 antequam
262 2054 383 2123 roger,
405 2029 556 2110 honestis
581 2025 742 2121 precihus
764 2050 951 2126 occurram.
976 2031 1123 2098 Patriam

55 2169 166 2214 meam
176 2165 249 2212 esse
260 2141 425 2210 mundum
440 2142 543 2208 seiam
555 2141 583 2221 ⁹,
606 2155 641 2207 et
656 2139 818 2234 praesides
829 2138 909 2208 deos
923 2168 930 2206 :
943 2142 1006 2210 hos
1021 2169 1124 2236 supra

54 2281 119 2339 me,
144 2261 307 2351 uirosque
320 2282 375 2325 me
386 2274 494 2334 stare,
519 2255 682 2324 hetorum
697 2255 936 2349 dictorumque
951 2281 1120 2328 censores.

59 2375 357 2468 Quandocumque
365 2390 477 2443 autem
486 2377 640 2440 natura¹⁰
650 2372 957 2466 spiritumrepetet,
973 2378 1126 2444 eutrotio

55 2491 216 2560 dimittet¹
225 2495 249 2572 *,
262 2505 402 2558 testatus
411 2487 521 2570 exibe,
529 2487 652 2556 honam
666 2511 719 2556 me
730 2491 968 2559 conscientiam
979 2514 1122 2572 amasse,

56 2607 146 2675 hona
173 2605 285 2675 studia
306 2631 314 2670 ε
337 2603 464 2672 nullius
489 2627 552 2697 per
571 2627 624 2671 me
647 2602 838 2672 libertatem
862 2604 1125 2691 diminutum,u

56 2726 196 2792 nemine
211 2745 330 2792 meam.
346 2726 373 2756 ¹²
391 2747 407 2782 o

91 2949 114 2980 ι.
127 2926 188 2996 Ego
199 2929 376 2996 sic-...·ogam.
390 2923 430 2976 Cf.
443 2923 475 2976 sd
486 2923 524 2986 il,
538 2921 570 2974 de
654 2922 677 2975 8.
687 2921 893 2994 Egon-sacillo.
904 2922 942 2976 Cf.
952 2924 984 2978 de
994 2924 1056 2978 otio
1067 2927 1127 3001 Sep.

56 3007 115 3068 irs,
129 3025 144 3055 s
164 3001 208 3067 ,3.
619 3001 708 3054 xvlll
728 3001 754 3065 4
957 3009 960 3023 ·

91 3106 115 3136 2.
127 3023 337 3152 Q7w....pomis?
345 3077 572 3148 Qmmmmeiiori
651 3098 676 3152 9.
690 3039 863 3130 lintrium...
875 3083 966 3132 eciam.
979 3079 1020 3134 Ci.
1033 3081 1085 3136 cic.
1097 3083 1127 3136 de

57 3163 159 3216 ratione
171 3157 221 3210 mei
233 3175 319 3211 curem
333 3175 435 3229 gerere,
450 3175 490 3209 res
503 3174 571 3208 mess
619 3153 664 3208 fin.
676 3149 777 3226 111,‘14
786 3183 820 3196 -
829 3157 978 3210 Notavimus
990 3158 1040 3229 jem
1051 3181 1127 3232 quam

58 3231 572 3381 ²⁸if‘1’vfflm.....umfimous
621 3233 1131 3390 hhffil'{3255523233232233133

59 3392 249 3448 guncilinum.
622 3385 653 3439 tis
673 3406 724 3439 esse
743 3389 878 3442 mundum.
901 3391 976 3445 Unde
995 3393 1045 3464 jem
1065 3407 1131 3468 petet

95 3475 119 3539 4.
135 3471 300 3540 Accipientis.
311 3467 339 3521 Si
347 3468 378 3521 sit
385 3466 509 3521 beneficio
519 3467 575 3540 dig·
622 3465 794 3531 zeepmittm
803 3463 905 3518 illorum
916 3469 1055 3542 sapientem
1063 3471 1132 3523 tuis-

61 3571 120 3603 ,Μ
622 3563 647 3596 se
658 3582 666 3609 ,
677 3555 702 3596 et
712 3543 766 3599 hee
780 3543 913 3620 Chrysippi
924 3550 1053 3622 responsio
1065 3549 1132 3603 dilu-

97 3631 122 3680 5.
133 3624 213 3679 Nihil
219 3624 510 3695 opinimis.....sac10m.
518 3622 575 3695 Lip-
623 3621 678 3674 ride
697 3619 727 3674 fit
744 3619 774 3674 ad
788 3621 957 3677 Athenienses
973 3625 1012 3698 jus
1025 3627 1132 3680 civitatis

60 3709 117 3760 sius
136 3703 223 3756 laudet
241 3715 354 3754 nostrum
368 3701 399 3754 de
414 3701 451 3752 ira
466 3699 572 3765 lil,4r,
623 3699 756 3752 offerentes
770 3717 777 3751 τ
789 3701 847 3752 Une
861 3704 1132 3777 esttapientisoivitu,

62 3809 86 3840 α.
102 3782 273 3838 conscientie
284 3779 386 3834 satisfiet
397 3795 403 3829 :
416 3779 482 3832 nihil
494 3779 521 3832 irs
532 3781 574 3831 fa·
623 3795 713 3850 nempe
731 3776 798 3829 orbis
810 3777 949 3831 universus.

60 3861 293 3918 mmlaboremus.
659 3873 697 3907 to.
710 3853 824 3907 Nudum.
838 3855 857 3905 l.
869 3875 890 3906 e.
904 3856 949 3909 dii.

94 3943 121 3994 6.
130 3941 387 3994 consonemus
394 3949 417 3989 et
425 3937 574 3989 sententium
660 3953 697 3988 rs.
705 3931 788 3986 Ratio
800 3937 917 3989 dimittet.
928 3937 1052 3992 Suiridio.

60 4033 175 4081 secururs,
186 4014 328 4069 dedividit
339 4026 363 4066 et
373 4013 483 4066 Gateker
492 4013 578 4065 sdAn·
662 4029 698 4062 ιι.
711 4013 844 4064 Ammine
855 4029 951 4069 mom.
964 4015 1097 4072 Erasmus
1112 4033 1135 4072 et

61 4097 149 4176 tpnin.
160 4094 208 4162 lli,
219 4093 241 4164 S
253 4091 278 4160 4,
288 4115 312 4167 p.
321 4091 362 4162 69.
380 4095 460 4145 Antea
471 4093 559 4144 nescio.
626 4085 704 4138 libros
725 4087 822 4162 aliquot
836 4111 938 4161 sequor.
949 4118 982 4133 ·-
997 4096 1081 4172 Lipsio
1097 4099 1136 4151 iu-

98 4195 123 4242 7.
136 4171 276 4226 mendis..
294 4172 440 4224 exuensne.
454 4167 493 4221 Gi.
508 4167 580 4220 Con·
625 4179 751 4240 terprete‚
765 4186 851 4222 sensus
864 4184 913 4224 est:
924 4172 990 4230 nulli
1008 4174 1035 4227 in
1047 4196 1087 4230 me
1098 4176 1137 4248 jus

59 4251 111 4306 soi.
126 4248 160 4301 sd
173 4248 248 4301 Hele.
262 4247 317 4313 IX,
333 4264 369 4300 ιο.
629 4245 682 4297 fuit.
695 4247 790 4298 Animo
801 4250 882 4302 menei
894 4265 990 4306 erectus
1003 4267 1028 4307 et
1039 4253 1110 4308 iiber.
