2896 4954
294 467 361 532 156·
734 477 797 543 DE
823 477 912 546 IRA

285 598 429 690 quisque
442 601 524 669 vitio
543 603 601 670 fiat
620 603 848 698 imprudens?
866 602 1095 699 imprudentia
1113 627 1175 698 par
1189 605 1226 672 in
1240 606 1351 674 omni·

248 745 262 776 π
286 719 351 788 hus
376 725 598 815 patrocinium
618 741 680 794 est.
711 753 727 790 s
744 725 840 818 Quid
858 728 967 820 ergo?
984 727 1119 818 inquis,
1142 727 1281 819 impune
1301 726 1350 794 illi

288 837 417 905 erist»
437 843 544 923 Puta,
573 857 605 908 te
635 841 723 910 velle
754 869 761 907 :
792 858 903 911 tamen
926 867 993 911 non
1022 844 1100 911 erit.
1129 841 1278 911 Maxima
1300 858 1350 911 est

288 955 376 1021 enim
403 955 497 1025 lactae
520 957 654 1050 injurio
677 982 796 1050 poeua,
820 959 939 1028 fecisse
956 987 965 1044 3
990 983 1055 1028 nee
1072 959 1251 1052 quisquam
1272 982 1350 1053 gra-

286 1069 361 1137 vius
377 1071 546 1155 afficitur,
567 1097 668 1166 quam
687 1075 747 1166 qui
764 1071 809 1142 ad
828 1075 1031 1168 supplicium
1050 1075 1259 1168 peanitentiae
1279 1089 1350 1142 tra·

286 1184 391 1255 ditur.
406 1189 564 1281 Denique
576 1188 620 1256 ad
631 1189 863 1262 conditionem
873 1213 988 1259 rerum
1004 1192 1228 1260 humanarum
1240 1191 1350 1284 respi-

286 1300 444 1370 ciendum
479 1319 553 1387 est,
586 1319 623 1373 ut
654 1307 806 1374 omnium
840 1303 1067 1374 accidentium
1099 1305 1189 1398 aequi
1216 1303 1352 1396 judiees

287 1417 391 1484 simus
404 1423 429 1484 ¹:
443 1420 581 1512 iniquus
594 1434 706 1488 autem
719 1437 790 1503 est,
807 1422 867 1513 qui
886 1443 1061 1490 commune
1074 1419 1353 1514 vitiumlsingulis

248 1541 262 1594 ³
286 1535 423 1626 objecit.
445 1539 520 1604 Non
543 1553 595 1606 est
612 1538 778 1632 AEthiopis
801 1540 892 1606 inter
911 1561 989 1606 suos
1008 1539 1214 1633 insignitus²
1235 1538 1350 1620 color3

285 1675 349 1720 nec
367 1653 462 1722 rufus
483 1646 609 1722 crinis³
627 1671 662 1723 et
679 1669 814 1724 coactus
835 1655 870 1722 in
893 1654 1019 1724 nodum
1039 1654 1131 1749 apud
1148 1658 1347 1724 Germanos.

285 1769 473 1861 Utrumque
488 1769 587 1838 decet
596 1765 624 1837 ⁴.
641 1771 736 1840 Nihil
749 1772 785 1838 in
798 1793 869 1838 uno
880 1768 1053 1862 judicabis
1061 1769 1211 1839 notabile
1224 1786 1285 1838 aut
1294 1770 1353 1838 ϊω-

285 1881 387 1966 dum,
408 1885 501 1978 quod
519 1889 612 1980 genti
631 1911 699 1955 suae
719 1886 892 1980 publicum
908 1902 970 1956 est.
993 1885 1037 1953 At
1054 1887 1118 1954 ists
1131 1909 1208 1978 quae
1223 1886 1347 1968 retuli,

285 2001 385 2068 unius
400 1989 553 2096 regionis
571 2019 673 2095 atque
694 1996 834 2098 anguli⁵
853 2001 1061 2072 consuetudo
1076 2001 1231 2070 defendit
1246 2030 1256 2086 3
1272 2000 1350 2070 vide

285 2142 376 2186 nunc
394 2135 520 2210 quanto
539 2122 575 2187 in
593 2120 646 2188 his
658 2121 784 2214 justior
803 2121 903 2187 venia
917 2121 979 2203 sit,
997 2143 1073 2211 quse
1090 2143 1153 2213 per
1169 2133 1277 2187 totum
1292 2141 1352 2211 ge·

247 2241 261 2302 t
285 2257 348 2302 nus
367 2235 551 2302 humanum
564 2237 701 2330 vulgata
714 2251 805 2304 sunt.
824 2235 951 2304 Omnes
964 2235 1149 2304 inconsulti
1168 2251 1202 2303 et
1222 2237 1348 2327 impro-

285 2346 355 2414 vidi
370 2371 505 2430 sumus,
521 2373 636 2418 omnes
655 2351 797 2432 incerti,
818 2350 977 2442 queruli,
994 2350 1174 2418 ambitiosi.
1192 2348 1289 2441 Quid
1301 2348 1352 2418 le-

286 2465 438 2533 nioribus
463 2449 574 2534 veritis
595 2466 690 2536 ulcus
711 2467 883 2560 publicum
907 2466 1104 2536 abscondo?
1129 2489 1245 2534 omnes
1272 2466 1351 2533 mali

286 2606 411 2650 sumus.
430 2583 610 2677 Quidquid
622 2585 737 2676 itaque
756 2585 792 2651 in
810 2583 876 2651 alio
895 2583 1183 2676 reprehenditur,
1199 2581 1237 2649 id
1248 2606 1353 2650 unus-

285 2699 429 2791 quisque
448 2702 485 2768 in
499 2725 559 2768 suo
572 2703 649 2770 sinu
663 2701 826 2768 inveniet.
843 2697 939 2792 Quid
953 2699 1045 2768 illius
1058 2699 1221 2794 pallorem
1235 2749 1244 2780 ,
1262 2699 1354 2767 illius

287 2817 425 2885 maciem
442 2819 565 2886 notas?
583 2817 777 2912 pestilentia
794 2811 882 2884 cst⁶.
904 2815 1111 2884 Placidiores
1127 2816 1243 2906 itaque
1263 2816 1353 2882 inri-

285 2955 357 3000 cem
378 2933 481 3002 simus
496 2962 505 3016 3
524 2933 602 3001 mali
616 2935 706 3001 inter
720 2931 823 3000 malos
836 2933 991 3001 vivimus.
1006 2934 1081 3002 Una
1094 2955 1149 3000 res
1165 2956 1227 3000 nos
1240 2931 1352 3000 lacere

284 3169 423 3222 necessario
441 3181 465 3222 et
476 3169 547 3240 qussi
558 3187 603 3222 suu
614 3181 718 3239 sponte,
733 3185 791 3220 eum
840 3185 942 3220 marsos.
953 3167 1046 3220 Nostrs
1056 3166 1132 3220 lectio
1142 3159 1240 3220 bcudm
1249 3184 1352 3220 sensum

285 3258 401 3316 sequetur
412 3247 456 3318 qui
468 3247 588 3319 injurium
601 3247 695 3300 lecerit.
857 3241 934 3295 remit
951 3255 975 3294 et
989 3243 1049 3296 huic
1066 3244 1123 3296 loeo
1144 3244 1313 3298 necessarium
1328 3256 1352 3294 st

320 3343 340 3375 ι.
352 3325 476 3378 Omnium
517 3327 617 3392 judices
627 3328 718 3376 sinsus.
729 3323 791 3374 Om·
841 3265 962 3390 loquendi
972 3321 1049 3374 modo
1061 3321 1162 3374 conciso
1174 3359 1181 3386 ‚
1193 3342 1245 3393 quo
1255 3322 1352 3374 seneca

285 3402 328 3453 nia
342 3402 405 3473 juste
420 3402 571 3455 aestimemus
588 3419 644 3472 que
662 3405 724 3454 torte
744 3403 791 3454 tor·
841 3395 934 3459 utitur·
947 3415 1059 3469 congrue
1069 3393 1219 3472 expre'ssum·

284 3491 345 3531 tuns
355 3479 520 3546 accidunt3et
530 3499 614 3533 rerum
623 3480 791 3533 humanarum
874 3477 897 3526 5.
909 3475 1016 3544 Αημιίὶ.
1028 3475 1062 3527 Ut
1074 3475 1151 3528 modo
1164 3476 1192 3527 in
1208 3494 1261 3548 esp.
1273 3479 1303 3530 2⁵
1317 3477 1351 3527 vi·

286 3569 379 3610 natum
391 3559 498 3611 maxime
509 3576 622 3629 congrus
631 3571 697 3610 sunt.
841 3551 925 3605 dimus
935 3573 941 3614 3
953 3555 1067 3621 angustus
1076 3553 1124 3604 hoc
1135 3553 1163 3604 in
1173 3553 1230 3604 loco
1242 3553 1351 3625 spatium

318 3653 340 3686 a.
352 3635 506 3706 Insignitas,
516 3637 535 3688 l.
549 3657 570 3688 e.
583 3635 692 3688 inismis.
842 3633 956 3702 designat
964 3642 1151 3703 perangustum.
1165 3629 1211 3682 ste
1221 3629 1353 3692 Horatius,

317 3713 340 3764 3.
348 3711 528 3783 Rususcrinis.
538 3715 578 3766 De
586 3714 644 3765 rulo
652 3713 720 3765 crine
730 3711 792 3764 Gor·
841 3709 885 3763 lib.
896 3711 932 3772 lt,
944 3710 995 3761 0d.
1008 3709 1093 3772 ii‚str.
1102 3709 1131 3772 4:
1144 3727 1157 3753 κ
1170 3705 1216 3757 llle
1227 3717 1353 3758 terrarum

285 3809 436 3854 manorum,
449 3791 480 3842 sd
492 3792 610 3844 Rhenum
626 3790 741 3863 inprimis
753 3789 792 3842 in·
842 3787 905 3840 mihi
915 3799 1004 3861 prester
1015 3804 1101 3838 omnes
1114 3783 1230 3858 Angulus
1238 3784 1314 3836 ridet.
1327 3805 1342 3830 ι

285 3864 583 3933 colentium3ride'l'arit.
593 3869 624 3922 de
632 3869 698 3921 Mor.
704 3868 791 3920 Germ.
874 3877 897 3924 6.
911 3867 987 3938 Quid
994 3866 1284 3932 utimpattorem....est
1294 3862 1353 3914 llos

266 3939 268 3944 ’
286 3963 338 4018 esp.
352 3947 374 4011 4.
385 3944 424 3998 ct.
437 3959 460 3999 et
473 3947 560 3999 Nostri
573 3947 619 4021 Ep.
629 3945 753 3998 ultimam.
842 3939 936 3996 malum
945 3961 1080 3996 commune
1090 3939 1164 3992 nobis
1173 3939 1295 3991 omnibus
1304 3953 1355 3992 est:

320 4025 342 4088 4.
359 4023 503 4092 Utrumque
517 4025 697 4076 decetllrasm.
710 4021 791 4076 etalii.
842 4043 888 4076 nec
902 4021 921 4074 ii
937 4021 1018 4094 magis
1032 4030 1090 4072 sunt
1108 4015 1247 4089 culpandi,
1262 4015 1310 4084 qui
1323 4013 1357 4067 ob

288 4107 322 4153 At
347 4100 500 4154 Grutenrse
527 4100 648 4152 librorum
673 4100 791 4152 varietate
843 4099 908 4154 luem
931 4099 1040 4168 aliquem
1060 4111 1239 4156 communem,
1260 4092 1282 4144 si
1297 4090 1358 4162 quis

287 4179 438 4247 secittnpud
443 4181 585 4232 Germanos
592 4180 675 4230 virum
682 4179 792 4241 dedecet·
843 4175 957 4229 inciderit
969 4213 977 4239 ,
989 4174 1099 4248 pallent,
1112 4191 1188 4242 quam
1200 4190 1289 4224 omnes
1303 4169 1358 4222 bc-

287 4257 358 4311 nulls
372 4257 571 4328 interpunctione
585 4257 649 4308 isola
664 4269 718 4327 post
732 4255 793 4308 Gen.
842 4257 922 4308 mines
934 4291 940 4318 ,
951 4273 1030 4322 quum
1040 4249 1100 4304 mali
1109 4250 1166 4302 siut.
