2910 4954
319 499 475 566 LIBER
500 497 561 578 11,
590 499 703 564 CAP.
731 499 903 564 XXVII.
1096 503 1140 590 89

80 631 166 698 alteri
184 645 402 697 contumaces
415 643 494 696 sunt
509 655 519 700 t
537 643 696 718 tanquam
707 625 839 719 judicio
854 679 864 710 ‚
883 651 952 695 non
966 644 1143 696 consuetu·

81 745 173 828 diue,
209 761 244 812 et
273 759 346 812 arte
373 739 568 824 tractandi,
608 741 761 833 quadam
792 740 994 834 quibusdam
1031 745 1142 836 subje-

80 877 173 928 citol'fl
193 876 276 929 sini.

120 977 266 1044 XXVII.
290 973 395 1065 Atqui
408 988 446 1041 ut
458 973 513 1040 his
525 973 626 1040 irasci
640 971 779 1039 stultum
797 961 871 1054 est,
893 974 940 1039 ita
957 975 1090 1065 pueris,
1108 990 1142 1041 et
1170 999 1180 1032 ι

82 1115 139 1157 uon
162 1088 307 1156 multum
331 1112 352 1156 a
375 1111 558 1180 puerorum
575 1084 758 1179 prudentia
781 1080 996 1153 distantibus.
1019 1087 1143 1156 Omnia

83 1206 162 1272 enim
179 1206 243 1272 ista
257 1221 416 1298 peccata,
433 1201 524 1298 apud
537 1225 670 1294 aequum
681 1197 855 1292 judicem,
869 1223 934 1292 pro
948 1201 1142 1270 innocentia

82 1319 474 1414 habontimprudentiam
487 1325 512 1386 ¹.
529 1316 693 1410 Quadam
711 1320 827 1395 sunt²,
845 1341 920 1408 quta
938 1341 1061 1384 nocere
1074 1341 1142 1386 non
1170 1360 1184 1390 α

83 1449 236 1526 possunt,
254 1435 450 1527 nullamque
463 1434 530 1500 vim
546 1432 611 1498 nisi
628 1430 815 1498 beneficam
833 1444 868 1496 et
882 1429 1062 1498 salutarem
1079 1431 1143 1498 ha-

85 1549 160 1617 bent
175 1579 184 1634 3
201 1566 241 1618 ut
262 1552 319 1620 Dii
342 1549 546 1619 immortales
565 1539 590 1628 ³,
613 1547 673 1637 qui
692 1569 756 1612 nec
772 1543 890 1612 volunt
911 1543 1053 1628 obesse,
1080 1569 1145 1613 neo

83 1682 217 1758 possunt
235 1693 242 1732 :
257 1682 379 1734 natura
391 1667 482 1734 enim
495 1663 561 1731 illis
572 1663 662 1731 mitis
676 1676 711 1728 et
723 1659 856 1754 placida
868 1677 920 1728 est
935 1713 943 1743 ‚
964 1677 1031 1730 tam
1044 1663 1145 1755 longe

84 1799 203 1852 remota
223 1783 268 1852 ab
285 1784 396 1852 aliena
416 1781 565 1875 injuria,
589 1803 690 1871 quam
714 1803 734 1846 a
760 1802 820 1844 sua
833 1773 860 1844 ⁴.
888 1779 1071 1846 Dementes
1088 1781 1148 1846 ita-
1171 1793 1186 1846 3

83 1923 144 1988 que
161 1915 195 1966 et
208 1899 321 1991 ignari
334 1897 488 1965 veritatis
506 1894 574 1962 illis
588 1895 756 1986 imputant
768 1894 929 1962 saevitiam
946 1894 1066 1975 maris,
1089 1894 1148 1960 im-

85 2011 228 2104 modicos
251 2012 402 2092 imbres,
435 2009 654 2103 pertinaciam
695 2008 842 2090 hiemis3
872 2030 977 2099 quum
1008 2007 1161 2104 interitu⁴

85 2128 166 2196 nihil
185 2129 332 2210 horum,
353 2151 430 2220 quae
447 2125 548 2226 nobis·
562 2139 687 2192 nocent
701 2139 909 2216 prosuutue,
929 2121 973 2190 ad
990 2146 1052 2190 nos
1069 2147 1150 2216 pro-

86 2248 154 2336 prie
181 2246 363 2340 dirigatur.
397 2247 473 2311 Non
505 2243 596 2310 enim
631 2266 693 2309 nos
721 2264 822 2308 causa
848 2234 1005 2308 Mundo⁵
1034 2265 1149 2308 sumus

87 2361 224 2429 hiemem
243 2375 459 2452 aestatemque
475 2352 649 2426 referendi
662 2351 694 2440 ⁶3
710 2380 787 2423 suas
806 2357 868 2422 ista
887 2355 981 2448 leges
997 2352 1146 2434 habent,

87 2477 207 2566 quibus
220 2477 336 2546 divina
346 2481 561 2546 exercentur.
580 2474 687 2541 Nimis
702 2496 763 2540 nos
775 2473 995 2564 suspicimus,
1013 2471 1041 2538 si
1054 2469 1150 2562 digni

89 2595 181 2662 uobis
203 2593 381 2672 videmur,
407 2607 547 2684 propter
567 2613 652 2681 quos
680 2603 771 2656 tanta
802 2591 1031 2654 moveantur7.
1057 2583 1151 2652 Nihil

89 2787 139 2838 bus
151 2790 228 2840 Antea
237 2787 366 2859 legebatur
378 2805 385 2838 ;
396 2788 521 2840 sicmutis
532 2787 590 2836 oni·
641 2803 693 2835 ram
707 2783 837 2835 divisionis
848 2795 942 2854 partem
950 2783 1046 2856 pergit,
1060 2781 1091 2834 de
1102 2781 1152 2834 iliis

89 2865 198 2916 molibus
214 2885 222 2918 ‚¹
237 2868 302 2935 quia
320 2867 396 2916 natm
417 2874 457 2916 est
476 2865 589 2930 injuria,
641 2881 731 2934 nempe
738 2861 811 2913 rebus
818 2880 873 2931 qum
882 2863 1152 2914 nonsuntsinesensu.

89 2947 141 2996 nisi
148 2981 186 2998 .....
676 2940 698 2990 3.
730 2939 768 2990 Ut
786 2939 838 2990 Dte·
859 2943 1030 2992 immortales.
1050 2939 1153 3012 Dogma

123 3022 224 3074 xxvtl.
241 3023 312 3074 Ass.
330 3021 416 3094 Pergit
431 3022 457 3074 in
474 3021 518 3084 iis,
537 3037 592 3090 qute
642 3017 754 3069 Stoicum
767 3029 792 3068 et
802 3015 1099 3070 Academiciscommune
1108 3029 1151 3068 est.

90 3101 163 3171 priori
174 3103 251 3175 capite
266 3101 346 3173 posita
357 3115 432 3163 sunt,
445 3113 470 3152 et
481 3099 593 3173 piuribus
643 3093 696 3147 Cic.
712 3094 742 3145 de
757 3095 810 3144 Off.
824 3094 867 3146 lib.
880 3095 937 3160 Ill,
954 3115 1007 3168 cap.
1026 3095 1074 3156 as;
1092 3093 1153 3164 ibiq.

91 3179 197 3252 explica,
643 3173 747 3246 interpp.
763 3173 801 3224 (ΖΓ.
814 3185 838 3223 et
849 3171 926 3246 Lipsii
945 3172 1057 3244 Physiol.
1070 3171 1114 3224 iib.
1124 3173 1152 3234 l,

130 3275 146 3309 ¹.
160 3259 306 3312 omnim...
315 3261 527 3328 r'mpmdmtiam.
540 3258 594 3307 im·
643 3271 696 3324 cap·
710 3271 746 3304 ro.

92 3337 217 3407 prudentia
229 3351 283 3400 est,
296 3357 346 3408 qua
363 3357 433 3390 suom
448 3336 497 3388 sibi
513 3337 595 3387 iuno-
676 3329 700 3392 4.
714 3329 742 3380 A
762 3349 822 3382 sua.
844 3331 892 3403 ipsi
911 3330 1015 3402 injurias
1033 3327 1083 3400 pati
1101 3345 1154 3378 non

92 3413 194 3467 centiam
208 3415 356 3476 vindicent;
371 3415 429 3467 ioco
442 3411 595 3466 innocentie
644 3421 753 3480 possunt.

91 3503 129 3541 est
138 3491 164 3544 iis
172 3493 347 3568 imprudentia.
361 3493 478 3546 Gataker.
488 3491 519 3544 ad
533 3494 594 3542 An-
677 3491 699 3539 5.
708 3487 844 3542 dinudat.
854 3511 874 3541 e.
885 3489 952 3562 Deo,
961 3502 1055 3540 nature
1061 3506 1155 3538 rerum.

93 3570 170 3624 tortio.
176 3574 218 3626 lib.
229 3575 293 3636 vn,
302 3593 359 3646 pag.
369 3573 411 3630 ὣς
424 3572 449 3624 T
447 3571 592 3632 iedemnu,
677 3565 703 3618 6.
716 3567 840 3620 Hiemem
849 3578 1017 3636 aestatemque
1024 3565 1155 3636 referendi.

93 3647 166 3701 Geor
174 3654 220 3703 der
229 3654 327 3720 spekuI.
340 3649 412 3703 Phil.
425 3649 470 3702 lib.
485 3649 522 3704 ΙΙ.
538 3667 594 3720 pag.
644 3645 731 3713 Quare
742 3645 833 3698 hiemis
845 3646 984 3716 notatisque
994 3643 1061 3696 vices
1071 3661 1156 3715 perpo-

91 3725 229 3799 53o,seqq.
644 3737 688 3776 tuo
698 3738 861 3776 renoventur.

128 3824 149 3856 2.
163 3806 291 3876 Quadam
300 3815 369 3858 sunt.
380 3803 465 3871 Quam
475 3803 597 3876 superiori
680 3822 703 3866 7.
712 3803 853 3854 ii'imisnos
859 3804 1022 3868 suspicimus.
1029 3797 1089 3850 iiaee
1097 3817 1157 3850 eon·

91 3883 597 3954 rapitedirisionemindicaverat‚dieens:
646 3892 683 3931 tra
712 3879 856 3932 Stoicorum
881 3877 975 3952 dogma
998 3897 1005 3931 t
1030 3875 1157 3927 Mundum

93 3961 289 4016 [roscimanne
295 3963 349 4028 tis,
359 3973 405 4014 eto.
414 3975 467 4014 tum
479 3964 599 4030 Eoepn'o·
648 3957 761 4008 Deorum
773 3953 938 4008 et'hominum
948 3973 1022 4006 eausa
1029 3951 1158 4004 conditum

90 4038 310 4108 :thamniticam
320 4039 469 4110 iisaquibus
481 4038 598 4109 injuriam
648 4055 718 4100 esse,
730 4034 852 4107 disputata
866 4053 917 4086 esse
927 4071 934 4098 ,
945 4045 1032 4106 patete
1046 4029 1114 4094 Cio,
1128 4029 1159 4078 de

90 4116 202 4190 “cipere
228 4141 281 4174 nou
308 4139 455 4194 possumus,
476 4121 599 4186 quadam
649 4115 708 4166 Nat.
720 4107 1158 4183 Deor.‚lib.U‚eap.14,53,iio.
1241 4135 1243 4142 ‹

92 4207 158 4246 svnt
167 4194 307 4252 stue‘semu
310 4237 357 4253 ......
369 4197 434 4250 hant
447 4215 530 4248 rursus
541 4196 600 4248 arri·
650 4193 680 4244 de
692 4193 791 4255 Finit,
802 4191 846 4242 lib.
857 4192 893 4242 ΙΙΙ
904 4227 911 4250 ,
922 4209 975 4259 rep.
985 4207 1015 4240 ao
1032 4186 1063 4236 de
1072 4181 1159 4242 Ossic„

92 4271 134 4339 pit
152 4285 172 4322 et
183 4275 350 4344 persequitun
369 4287 393 4326 et
409 4293 477 4326 nune
492 4272 523 4324 ad
538 4272 598 4324 alte·
650 4271 692 4322 tib.
704 4272 711 4319 Ι
721 4309 728 4333 ,
740 4290 791 4341 rap.
804 4289 816 4332 7
828 4288 833 4317 ι
843 4267 940 4318 otPim.
952 4267 982 4316 N.
994 4265 1027 4316 ii.
1039 4263 1081 4314 iib.
1093 4263 1157 4324 Vll,
