2894 4954
493 414 673 484 CAPUT
701 418 728 482 1.
1080 425 1147 490 285

78 545 190 616 borant
200 553 226 630 ¹,
242 527 464 642 dignitatem²
478 545 574 631 dico,
589 563 624 616 ot
635 545 840 642 eloquentiae
853 547 996 632 famam,
1009 564 1045 619 et
1052 552 1150 645 qnid·

77 663 154 754 quid
169 662 214 732 ad
227 663 376 768 alienpm
401 665 604 758 suffragium
617 665 730 746 venit,
745 655 855 748 ¹,mora
869 647 1115 737 ¹convalescere
1136 697 1145 756 3

77 796 108 847 et
120 806 192 874 quae
210 807 307 850 veras
323 783 413 851 vires
437 773 597 876 parant³,
620 795 655 848 et
681 804 757 876 quae
773 759 826 847 ⁸nd
841 779 1048 874 placendum
1070 785 1148 854 fuco

77 897 218 991 quodam
229 893 501 983 subornanturl,
521 912 719 994 exspectant
734 923 861 983 annos,
887 897 998 970 donec
1025 903 1147 996 paula-

77 1017 130 1084 tim
147 1018 294 1087 colorem
311 1015 519 1088 diuturnitas
530 1010 657 1085 ducat⁵
674 1043 682 1082 ε
703 1014 764 1085 sed
777 1042 841 1112 ego
853 1005 989 1104 vereor,
1008 1045 1053 1089 ne
1066 1047 1148 1091 oon·
1205 1083 1210 1086 .

75 1135 234 1220 suetudo,
256 1162 332 1230 quae
358 1135 462 1205 rebus
483 1133 851 1218 affert'oonstantiam,
877 1135 944 1204 boe
968 1137 1089 1206 vitium
1109 1141 1146 1208 in

75 1279 125 1322 me
139 1255 242 1323 altius
253 1253 348 1350 figat.
370 1255 456 1324 Tam
468 1253 637 1322 bonorum
650 1276 752 1343 quam
764 1251 929 1321 malorum
944 1253 1046 1349 longa
1062 1281 1146 1325 con·
1170 1265 1187 1318 3

74 1363 240 1437 versatio⁵
260 1393 409 1437 amorem
427 1363 552 1436 induit.
571 1367 651 1434 Haec
663 1365 768 1432 animi
786 1367 876 1434 inter
886 1382 1072 1463 utrumque
1087 1370 1147 1440 du-

104 1583 124 1615 ι.
137 1564 173 1616 In
183 1566 293 1634 speciem
309 1565 440 1618 laborant.
454 1562 582 1614 Omnium
632 1559 695 1613 clari
701 1559 797 1614 natales
806 1598 814 1626 ,
824 1561 873 1615 elta
881 1563 971 1627 virtus,
981 1566 1147 1638 pecuniosim.

72 1639 142 1702 rodel.
159 1661 200 1715 sp.
217 1642 290 1696 Grut.
302 1641 393 1706 lectio,
414 1639 585 1715 praeteruni-
632 1659 720 1692 mensa
739 1641 792 1704 vis,
814 1644 901 1709 etc.);
929 1643 1064 1716 dignitates
1085 1670 1146 1724 ergo

71 1739 125 1772 eum
138 1719 232 1774 Colon.
245 1720 302 1774 eod.
315 1720 360 1792 qui
374 1719 453 1772 babet
465 1722 494 1771 in
501 1737 582 1787 spem,
632 1738 714 1773 causae
730 1731 789 1771 sunt
801 1719 934 1793 dignitatis
944 1759 951 1785 ,
963 1722 1075 1798 dignitas
1085 1747 1147 1781 vero

72 1817 83 1848 e
94 1799 247 1870 compendio
257 1796 386 1851 scribendi
402 1809 497 1848 ortum.
509 1794 585 1868 Dig-
632 1798 744 1850 effectus.
751 1797 830 1850 Porro
841 1818 917 1868 quarn
923 1800 998 1854 facile
1009 1805 1113 1858 effectus
1124 1819 1148 1859 et

72 1878 148 1945 nites,
157 1876 313 1947 eloquentiae
323 1876 403 1940 sama,
414 1885 459 1927 etc.
467 1872 585 1926 laborant
632 1889 822 1930 csusaunnmet
832 1875 902 1930 idem
910 1878 1037 1945 videntur,
1045 1903 1148 1957 praser-

73 1955 98 2007 iu
110 1955 236 2028 speeiem,
245 1952 332 2008 omnia
340 1963 470 2027 agunt,ut
480 1948 583 2021 quando
632 1950 679 2003 tim
687 1951 709 2006 si
718 1951 1047 2010 eutidemcutsimillimum
1055 1961 1146 2014 utrius·

71 2033 257 2104 splendescant,
270 2046 345 2103 atque
355 2031 383 2082 iu
394 2027 482 2085 oeulos
493 2025 584 2080 homi·
632 2049 681 2099 que
688 2049 783 2083 nornen
790 2030 834 2084 sit!
842 2031 968 2110 quodbsl.
977 2035 1071 2088 factum
1078 2037 1147 2090 vide-

71 2131 129 2166 num
142 2113 285 2166 incurrant.
308 2111 351 2164 sic
361 2109 426 2162 bene
440 2108 527 2162 locum
542 2127 585 2162 er·
632 2125 697 2160 mus.
705 2107 782 2161 Aliud
790 2130 893 2182 quoque
903 2111 1003 2178 forsan,
1017 2114 1147 2184 quamim·

72 2190 135 2258 pedit
147 2191 250 2255 Gron,
264 2189 378 2264 lipsium
388 2201 413 2240 et
427 2188 500 2261 Cesp.
511 2187 584 2240 Bar·
632 2204 775 2258 pugnamus
784 2186 1146 2265 opinionem‚firrnarepotest,

71 2268 148 2323 thium
159 2274 290 2337 refutans,
300 2269 363 2322 loeis
374 2267 502 2322 multisad
509 2287 583 2320 usum
633 2282 724 2338 nempe
744 2267 772 2317 el
783 2267 824 2317 ad
837 2271 955 2320 alienum
969 2269 1147 2340 suffragium

70 2358 109 2400 τοῦ
130 2351 259 2404 laborare
278 2353 306 2402 in
323 2351 432 2420 aliquid
447 2347 582 2412 sdductis,
633 2342 702 2412 quod
720 2363 779 2396 mox
790 2346 911 2415 sequitur.
928 2346 979 2399 Sed
993 2369 1046 2400 non
1058 2350 1148 2402 suffre-

72 2425 269 2494 Quiutil.VlIl,
281 2447 310 2493 ²3
322 2427 418 2480 Seneca
430 2426 461 2479 de
474 2426 515 2478 Ira
527 2427 583 2490 111,
606 2439 613 2448 “
632 2419 675 2493 git
694 2420 737 2473 bic
754 2420 934 2496 intelliguntur
950 2444 1007 2496 quae
1026 2425 1146 2480 advocata

73 2507 115 2570 41,
128 2527 157 2572 s,
173 2507 208 2560 de
221 2506 296 2560 Brev.
311 2506 356 2558 vit.
369 2525 390 2558 e.
404 2524 448 2576 19,
458 2503 481 2556 3.
495 2515 542 2556 eto.
633 2500 758 2554 concione
764 2501 857 2555 dantur
863 2501 980 2577 publicet
992 2507 1036 2558 sed
1046 2507 1090 2560 illa
1096 2528 1145 2579 qua

93 2603 122 2634 u.
134 2584 313 2654 Digm'tntem.
330 2582 524 2636 Existimatione
538 2581 583 2634 bo·
633 2578 717 2632 aliena
736 2583 800 2634 facts
812 2582 882 2636 teciti
895 2585 1086 2658 prosequimur,
1097 2607 1147 2662 ap-

68 2679 98 2712 ns
119 2663 367 2730 (consideration).
392 2660 467 2712 Hanc
493 2679 583 2712 vocem
633 2656 804 2730 probatiomt
814 2658 906 2732 gallice
917 2661 1058 2734 stpssruges.
1172 2703 1173 2706 ,

69 2738 162 2811 erplieo
176 2740 210 2792 de
230 2739 378 2792 auctoritate
398 2737 514 2812 publica,
530 2757 551 2790 e,
562 2757 584 2790 c.
667 2735 692 2790 3.
709 2735 777 2808 Qua
786 2759 864 2792 veras
875 2743 945 2794 vires
952 2753 1060 2811 parunt.
1073 2743 1147 2811 Qua-

66 2817 204 2882 senatoris,
228 2836 285 2888 quae
307 2816 383 2869 initio
399 2816 540 2889 pervasit,
561 2829 585 2870 et
633 2835 785 2868 cumrerum
794 2816 968 2870 auxilioveras
980 2821 991 2886 (
1000 2839 1053 2872 uon
1063 2822 1146 2897 specie

66 2913 140 2946 omne
151 2896 181 2948 id
193 2895 286 2967 quode
296 2896 383 2950 favore
393 2907 418 2948 et
428 2914 530 2950 assensu
540 2893 585 2948 ho·
595 2945 598 2948 .
633 2905 731 2947 tantum
744 2893 875 2961 valentes)
890 2895 955 2948 vires
968 2896 1147 2973 adipiscimur:

68 2971 164 3024 minum
185 2973 305 3046 pendeat.
317 2972 419 3046 Lipsius
437 2985 462 3024 et
479 2973 584 3026 Grono-
634 2991 695 3024 narn
710 2992 810 3040 parare
829 2985 865 3026 est
887 2978 1030 3044 acquirere.
1050 2979 1146 3032 Earum

66 3049 119 3102 rius
129 3052 141 3118 (
152 3051 201 3123 qui
210 3051 298 3104 multis
305 3049 426 3123 exemplis
435 3050 585 3123 usuphrasis
634 3070 694 3102 vero
701 3049 789 3124 primm
796 3063 855 3104 sunt
862 3051 977 3104 virtutes.

66 3127 192 3181 illustrato
205 3129 314 3202 explieat
324 3130 352 3181 el
361 3128 483 3182 taboram
489 3130 518 3180 in
526 3147 586 3197 spe·
668 3132 691 3197 4,
702 3129 741 3182 Et
749 3147 809 3198 quoe
819 3131 1003 3184 subamarum
1016 3132 1148 3188 Omentnr

65 3209 136 3274 rtem,
146 3207 241 3260 omnia
249 3226 325 3280 agere
334 3204 367 3258 ad
377 3205 583 3271 ostentationem,
634 3208 792 3264 extrinsecus.
804 3199 952 3263 deniensis
963 3208 1003 3262 his
1015 3231 1073 3283 qum
1082 3231 1149 3285 prte-

65 3285 95 3336 sd
116 3306 261 3360 pompam,
282 3298 312 3338 ut
331 3283 536 3358 conspiciantur,
557 3296 587 3336 ut
634 3287 711 3340 missa
723 3286 815 3361 legisti.
828 3287 941 3361 lutellig.
959 3286 1146 3359 eloquentiam,

66 3379 200 3439 conspecta
209 3365 277 3430 sint,
287 3377 363 3436 atque
371 3364 399 3416 in
407 3363 494 3418 oculos
502 3362 586 3415 bomi-
634 3377 659 3417 et
670 3377 758 3418 ctetera
769 3364 795 3416 id
808 3384 896 3439 genus.

64 3461 123 3496 num
144 3442 301 3506 incurrant,
321 3442 382 3496 vid.
402 3455 456 3494 not.
477 3440 585 3514 praeced.
667 3447 691 3497 5.
705 3447 873 3498 Colorem......
885 3446 971 3498 ducat.
986 3444 1102 3519 Explicet
1114 3443 1146 3498 de

63 3519 125 3587 lin.)
146 3521 180 3574 de
192 3521 299 3588 labore,
313 3541 389 3593 quem
402 3520 507 3574 ambitio
521 3541 585 3573 eon·
623 3521 691 3594 suco
704 3523 774 3593 quod
785 3543 861 3596 supra
873 3535 916 3574 est.

62 3614 144 3654 sumat
155 3602 187 3654 iu
209 3599 335 3675 dignitate
354 3600 525 3672 acquirenda,
538 3600 585 3653 in·
667 3609 691 3656 6.
706 3601 876 3652 conversam.
889 3599 960 3654 ldem
975 3620 1052 3674 prope
1064 3614 1100 3653 ost
1118 3621 1146 3655 ae

62 3693 242 3753 terpretantur.
253 3681 322 3734 Male
334 3700 409 3744 ;nam
418 3679 507 3746 facile,
516 3679 585 3750 quis·
634 3677 843 3742 contubernium,
859 3677 950 3752 gallice
968 3677 1148 3732 cohabitation

63 3761 117 3829 quis
129 3761 163 3812 ad
175 3758 314 3812 latinitatis
325 3758 379 3810 vim
393 3755 528 3812 attenderit
539 3757 585 3829 ju·
633 3753 674 3808 vel
692 3756 799 3825 me'rrage
817 3776 945 3812 commun.
967 3755 1037 3831 Ergo
1059 3757 1146 3810 incisae

61 3838 157 3892 dicabit
174 3840 294 3892 futurum
310 3836 388 3890 fuisse
403 3848 432 3888 ut
443 3838 585 3904 dignitates
633 3833 916 3887 totiustambonorum
918 3870 969 3885 ......
981 3835 1098 3888 induitis
1111 3849 1146 3888 est

62 3917 178 3970 Annaeus
190 3915 331 3979 scriberet,
347 3914 369 3966 si
387 3915 419 3968 de
436 3913 584 3966 muneribus
634 3932 720 3966 sensus
733 3929 739 3964 :
753 3909 806 3979 Qui
820 3911 925 3965 virtutes
941 3913 1021 3965 socias
1037 3926 1062 3965 et
1076 3935 1147 3986 qno-

61 3993 170 4066 publicis
192 3993 338 4066 cogitasset
356 3993 432 4046 Unde
450 4011 521 4046 error
539 3991 585 4044 iste
634 3988 771 4042 dammodo
781 3987 972 4042 contubernales
981 3989 1075 4061 habet,
1086 3991 1148 4046 buie

62 4071 180 4136 uatus,in
186 4070 324 4145 perspicuo
332 4084 381 4124 est:
389 4071 539 4144 dignitatem
549 4071 587 4123 di·
632 4071 713 4122 fateor
724 4070 806 4142 magis
818 4090 847 4122 ac
858 4071 939 4144 magis
953 4071 981 4125 in
996 4071 1050 4124 dies
1060 4074 1148 4126 virtu-

62 4147 587 4222 guitatespotissimumconcilient(quam·
634 4159 688 4199 tum
699 4168 813 4201 amorem
824 4147 904 4201 illabi.
915 4149 967 4204 Sed
979 4170 1066 4204 nonne
1077 4151 1146 4205 idern

62 4227 99 4276 vis
111 4239 137 4278 et
147 4226 202 4278 etia
224 4227 342 4296 quedam
353 4227 510 4293 conciliant,
524 4247 547 4276 v.
561 4247 585 4299 g.
635 4225 666 4277 de
681 4226 750 4277 vitiis
762 4225 872 4279 accidit?
883 4227 977 4281 Nonne
990 4229 1033 4299 qui
1048 4229 1074 4280 in
1091 4249 1146 4281 ma-
