2910 4954
311 467 354 532 68
759 463 826 530 DE
852 465 941 530 IRA

275 625 283 658 ι
360 591 440 664 XII.
454 594 524 660 Nec
537 589 614 658 ideo
624 593 709 659 irem
724 614 884 684 magnum
898 594 1079 685 quiequam
1091 607 1189 686 putet
1199 643 1209 674 ‚
1221 593 1304 684 quia
1314 592 1381 660 for-

312 707 1383 802 midinieattquoniamquadamctiamcontemptisaimatimen-

272 855 286 887 α
313 842 388 912 tur3
403 847 555 906 venena,
572 838 607 890 et
626 829 718 891 oaea'
736 826 932 910 mortifera,
953 843 988 894 et
1006 849 1147 899 mortua.
1166 829 1238 894 Nec
1254 841 1307 894 eat
1322 825 1383 892 mi·

313 967 516 1034 rum‚quum
527 940 840 1008 maximoaferarum
852 941 1383 1036 grcgcalinea²pcnniedistincta

313 1061 503 1140 contineat,
521 1073 556 1124 et
568 1056 708 1125 insidias
721 1072 820 1149 agat3
837 1057 968 1150 abipso
982 1059 1105 1126 effectu
1119 1054 1209 1126 dicta
1223 1055 1379 1126 formido.

314 1175 418 1242 Vanis
427 1173 518 1240 enim
527 1195 614 1239 vana
628 1172 750 1240 terrori
761 1187 853 1240 suut.
870 1171 1041 1241 Curriculi
1053 1164 1065 1207 ³
1077 1187 1185 1240 motus
1198 1223 1207 1253 ‚
1220 1187 1385 1242 rotarum·

314 1313 381 1382 que
394 1303 527 1358 versata
542 1288 644 1356 faciae
658 1336 668 1370 ‚
684 1288 800 1356 leones
813 1287 940 1381 redigit
952 1289 988 1358 in
1004 1311 1140 1360 caveam
1160 1313 1168 1358 :
1185 1288 1385 1380 elephantes

313 1408 454 1502 porcina
481 1429 544 1474 vox
572 1418 690 1472 terret.
721 1405 777 1474 Sic
803 1406 918 1496 itaque
942 1407 994 1474 ira
1012 1407 1193 1490 metuitur,
1215 1404 1384 1498 quomodo

314 1521 434 1590 umbra
460 1520 504 1587 ab
531 1520 740 1602 infantibus,
763 1543 783 1588 a
802 1521 883 1590 scria
902 1520 1030 1590 rubens
1049 1515 1202 1614 pinna⁴3
1222 1545 1293 1592 non
1311 1523 1386 1614 ipaa

315 1641 352 1706 in
371 1661 406 1708 ae
425 1637 612 1729 quidquam
632 1637 736 1706 habet
755 1637 890 1706 firmum
909 1638 1094 1720 cutione,
1117 1638 1178 1706 aed
1191 1661 1295 1706 rauce
1307 1639 1386 1706 ani-

275 1771 291 1823 3
315 1779 387 1826 mos
410 1770 533 1824 movet.
563 1747 791 1846 «Nequitia⁵‚
814 1755 948 1846 inquit,
976 1753 1019 1824 dc
1044 1779 1158 1824 rerum
1176 1771 1300 1824 natura
1320 1755 1387 1823 tol·

318 1899 334 1936 u
353 1869 455 1938 lenda
472 1885 546 1953 eet,
569 1871 597 1938 ei
610 1870 694 1938 velie
707 1871 793 1938 iram
808 1870 926 1938 tollere
946 1897 955 1938 s
977 1888 1136 1941 neutrum
1150 1887 1261 1941 autem
1276 1887 1388 1964 potest

275 2007 291 2074 4
320 1989 442 2056 «ficri.
455 2015 481 2058 n
502 1987 677 2070 Primum,
704 2001 815 2079 puteat
833 1987 958 2079 aliquia
982 2013 1051 2056 non
1073 1989 1210 2082 algere,
1232 1991 1388 2081 quamvis

205 2163 222 2192 ,
315 2127 357 2172 ex
381 2127 496 2170 rerum
524 2117 646 2169 natura
671 2103 781 2170 hieme
800 2105 865 2186 ait,
889 2119 923 2171 et
948 2129 1016 2172 non
1046 2121 1207 2187 aeatuare,
1233 2107 1389 2197 quamvis

315 2243 447 2286 menaea
462 2218 568 2286 aestivi
582 2219 650 2284 aint
667 2243 676 2285 ι
698 2233 758 2285 aut
771 2219 836 2286 loci
851 2219 1025 2326 beneficio
1037 2221 1207 2316 adversus·
1218 2223 1388 2316 intempe-

319 2337 402 2404 riem
418 2335 498 2402 anni
513 2349 605 2401 tutus
615 2350 686 2415 est,
700 2349 759 2400 aut
771 2337 936 2428 patientia
949 2339 1100 2432 corporis
1114 2361 1248 2406 aeneum
1262 2341 1390 2408 utrius·

276 2477 383 2545 sque
410 2452 591 2546 pervincit.
620 2450 753 2520 Deinde
781 2468 876 2520 verte
900 2454 1028 2533 istud:
1054 2479 1190 2524 necesse
1217 2473 1269 2524 cat
1292 2459 1390 2550 prius

315 2549 475 2637 virtutem
505 2568 680 2636 exanimo
709 2568 826 2652 tollas,
856 2594 958 2664 quam
983 2571 1193 2641 iracundiam
1216 2575 1386 2666 recipias,

349 2757 406 2807 ΧΗ.
420 2760 488 2807 Aac.
499 2753 593 2806 Contra
602 2774 644 2806 eos
652 2753 762 2828 disputat
768 2752 828 2824 ‚qui
911 2776 934 2809 a.
946 2757 1029 2810 linea
1040 2760 1134 2825 pmm‘s
1145 2759 1278 2813 distincto.
1291 2759 1321 2812 ld
1337 2773 1389 2824 est,

316 2833 379 2885 iram
389 2829 611 2886 usturaehamanss
619 2831 759 2886 necessario
768 2851 829 2886 con·
878 2835 984 2888 tunicati
1008 2835 1122 2900 extensi,
1147 2835 1239 2907 quibus
1261 2839 1391 2892 variarum

317 2910 559 2982 juncumputarent.
877 2911 985 2976 avium,
1007 2911 1122 2985 inprimis
1146 2913 1221 2982 cycni
1236 2925 1262 2965 et
1284 2914 1391 2968 vulturis

355 3007 374 3038 ι.
390 2987 469 3038 Ossa.
479 2986 589 3057 Antiqua
597 2983 687 3050 lectio,
698 2986 829 3040 immutata
877 3009 967 3061 penuae
978 2990 1076 3044 intextte
1089 3002 1161 3044 erent
1171 2987 1203 3041 ed
1213 2990 1280 3044 feras
1291 2991 1319 3044 in
1329 2991 1391 3044 retia

318 3069 444 3122 aMurcto
452 3067 479 3119 in
490 3067 553 3140 osso.
565 3069 603 3119 De
616 3067 713 3120 ossibus
721 3068 829 3141 piscium
878 3065 1038 3120 coercendas.

319 3159 343 3199 et
359 3143 546 3197 vulneratorum
566 3144 699 3197 hominum
717 3145 829 3216 loquitur
911 3145 934 3198 3.
950 3143 1085 3198 Curriculi.
1101 3145 1162 3199 Haec
1180 3159 1205 3198 et
1218 3145 1391 3218 sequentiede

319 3225 418 3276 Noster.
431 3222 459 3276 si
469 3223 524 3296 offa
532 3220 616 3296 leges,
627 3222 694 3275 idem
705 3223 752 3276 erit
760 3223 829 3294 quod
877 3221 951 3276 leone
962 3235 986 3276 ct
996 3221 1127 3296 elephante
1136 3222 1291 3278 confirmant
1301 3245 1391 3278 ornnes

321 3321 425 3355 venena.
455 3299 564 3353 Proinde
591 3297 678 3352 reduxi
703 3320 773 3354 osso.
797 3328 831 3341 -
878 3319 962 3354 rerum
975 3301 1126 3356 naturalium
1139 3301 1292 3354 conditores.
1310 3303 1391 3362 Ptin„

323 3377 394 3430 Ossa
409 3376 552 3449 mortifero.
568 3377 637 3428 Num
661 3396 719 3428 vere
740 3375 771 3429 de
791 3375 831 3450 pi·
879 3379 1089 3454 lib.V111‚eap.
1111 3400 1158 3453 19¹,
1176 3381 1278 3434 AElian.
1297 3381 1392 3434 Hister.

320 3457 399 3510 scium
415 3470 439 3508 et
449 3455 637 3508 vulneratorum
650 3454 783 3508 hominum
794 3476 831 3508 oe·
880 3459 972 3524 anim,
987 3457 1031 3510 lib.
1044 3459 1119 3524 xvl,
1134 3479 1187 3532 cap.
1197 3459 1239 3512 36.

320 3536 388 3588 sibus
400 3533 442 3586 hic
457 3532 588 3605 loquitur?
601 3533 700 3602 Quidni
714 3535 783 3586 enim
802 3533 833 3588 de
916 3536 1051 3604 Micheas
1057 3537 1392 3605 pinna-Rubentemvoeat‚

321 3614 446 3688 anguium
459 3612 593 3665 dentibus?
610 3632 719 3684 namque
730 3615 833 3667 Veteres
882 3626 966 3686 utpote
974 3613 1086 3678 sandice,
1096 3613 1222 3666 antrubro
1234 3614 1302 3688 tingi
1310 3615 1392 3668 soiitae

321 3693 397 3746 etiam
417 3704 574 3765 perspectum
594 3689 722 3756 habuere,
746 3713 797 3744 non
820 3714 834 3744 e
884 3695 1041 3761 (μήρινθος).
1062 3694 1137 3746 Multi
1157 3696 1261 3748 Veteres
1281 3693 1315 3748 ed
1328 3695 1393 3748 hant

321 3771 410 3844 lingua
426 3781 568 3844 serpentum
581 3789 680 3822 venene
690 3771 785 3834 fluere,
800 3769 835 3822 ii-
883 3771 1047 3824 formidinem
1061 3773 1114 3838 (sic
1129 3772 1195 3824 enirn
1207 3771 1253 3824 itta
1269 3773 1336 3826 lines
1348 3793 1392 3826 no·

323 3849 380 3900 dem
388 3861 598 3901 tamenetumore
606 3848 716 3920 quodam
724 3848 835 3924 gingivis
884 3848 1043 3916 minabatur)
1057 3849 1188 3914 alludunt,
1208 3871 1234 3900 v.
1250 3871 1272 3902 c.
1288 3851 1392 3924 Epictet.

324 3937 348 3977 ct
359 3923 476 3980 dentibus
487 3925 572 3978 vicino
585 3926 640 3979 haee
653 3925 746 3980 stillare
759 3926 836 4000 igno·
885 3946 923 3999 ap.
939 3927 1037 3980 Arriae.
1051 3927 1095 3980 lib.
1114 3931 1154 3992 lt,
1171 3948 1225 4002 cap.
1243 3949 1264 3982 ι.
1279 3929 1319 3982 Cf.
1331 3950 1394 4000 quo·

324 4022 424 4066 ravere3
441 4002 474 4054 ita
489 4015 542 4054 uta
561 4003 703 4057 verasimnl
719 4005 836 4058 etavul·
885 4027 933 4078 qne
946 4007 978 4058 de
991 4007 1071 4060 Clem.
1083 4007 1152 4062 libl
1160 4029 1233 4083 ,cap
1247 4028 1286 4064 n.

325 4081 380 4154 gari
405 4081 525 4154 opinione
548 4079 691 4134 recedentes
713 4080 835 4136 doctiores
918 4087 941 4138 5.
967 4083 1100 4154 Nequitia.
1126 4087 1260 4161 Repugnat
1284 4087 1393 4141 sdversa-

326 4159 373 4212 viri
386 4160 412 4212 in
424 4160 482 4235 ipsis
494 4159 716 4226 dentibusletere,
730 4184 759 4216 ex
777 4163 836 4238 ipsis
885 4161 952 4228 rino,
975 4175 999 4216 et
1013 4183 1096 4216 rernm
1118 4177 1213 4219 astarte
1234 4185 1391 4240 congruum.

327 4237 442 4289 dentibus
454 4237 527 4290 fundi
540 4238 606 4290 virus
620 4239 803 4294 arbitrarentur.
885 4241 964 4294 immo
974 4243 1140 4299 neeessariam
1150 4263 1205 4298 esse
1218 4244 1283 4300 irem
1294 4257 1394 4300 eonten-
