2886 4958
396 565 594 634 ‘CAPUT
619 565 747 634 XVII.
1049 572 1114 637 385

60 697 181 767 lleutem
200 698 346 767 vidimus
369 698 492 767 Fidum
516 701 710 768 Cornelium
723 713 745 782 ¹,
768 701 909 766 Nasonis
924 725 1111 793 generum,

61 839 152 905 quum
166 816 261 884 illum
279 815 427 884 Corbulo
441 815 757 884 struthiocamelum
775 820 787 847 ¹
809 815 992 908 depilatum
1013 815 1116 886 diris-

61 945 115 998 set.
140 930 310 1000 Adversus
326 931 393 999 alia
411 930 605 1013 maledicta,
628 955 737 999 mores
756 947 791 999 et
811 934 913 1000 vitam
933 934 1116 1002 convulne-

64 1049 184 1128 rantia,
207 1049 326 1116 frontis
349 1047 399 1114 illi
418 1047 558 1114 firmitas
579 1048 728 1114 constitit
752 1073 759 1112 :
784 1045 946 1116 udvorsus
965 1049 1031 1117 boc
1049 1067 1115 1117 tam

62 1159 236 1230 absurdum
254 1161 400 1228 lacrimae
419 1159 651 1253 prociderunt.
672 1161 782 1228 Tanta
800 1161 989 1229 animorum
1006 1161 1115 1230 imbe-

62 1277 174 1346 cillitas
192 1293 260 1360 est,
282 1277 341 1344 ubi
360 1278 446 1344 ratio
463 1273 629 1344 discessit!
651 1275 765 1369 Quid,
786 1279 876 1370 quod
896 1279 1114 1361 offendimur,
1146 1308 1159 1338 ἰ

57 1392 83 1455 si
104 1393 180 1482 quis
200 1413 387 1458 sermonem
413 1405 564 1456 nostrum
588 1389 756 1472 imitatur,
778 1391 807 1457 si
831 1392 909 1482 quis
930 1391 1114 1472 incessum,

56 1508 80 1572 si
107 1509 184 1599 quis
207 1509 325 1576 vitium
351 1506 490 1597 aliquod
518 1508 670 1598 corporis
697 1522 755 1573 aut
782 1506 908 1599 linguar
932 1508 1119 1600 exprimit?

55 1622 144 1710 quasi
171 1622 303 1688 notiora
326 1620 385 1686 illa
413 1619 496 1686 fiant
519 1618 586 1686 alio
613 1620 784 1701 imitante,
819 1643 920 1711 quam
944 1619 1042 1687 nobis
1068 1621 1118 1688 fa-

54 1735 229 1804 cientibus.
250 1737 465 1804 Senectutem
481 1733 619 1826 quidam
639 1733 919 1816 invitiaudiunt,
945 1752 978 1802 et
998 1760 1116 1820 canos,

55 1867 85 1916 ct
97 1852 182 1936 alia,
201 1851 245 1919 ad
259 1875 334 1942 quae
350 1867 426 1918 voto
445 1851 655 1943 pervenitur.
675 1853 887 1944 Paupertatis
905 1851 1120 1920 maledictum

55 1967 216 2058 quosdam
229 1969 376 2061 perussit
389 1993 397 2033 ι
411 1991 511 2058 quam
524 1967 589 2033 sibi
603 1965 745 2058 obJecit,
761 1968 915 2060 quisquis
928 1969 1116 2037 abscondit.

57 2087 174 2178 ltaque
191 2087 332 2154 materia
349 2083 578 2178 petulantibus
596 2099 629 2150 et
648 2108 711 2177 per
729 2085 965 2153 contumeliam
983 2087 1123 2155 urbanis

58 2202 262 2284 detrahitur,
280 2203 308 2270 si
322 2202 412 2269 ultro
425 2200 517 2268 illam
531 2215 565 2267 et
578 2201 671 2294 prior
689 2205 850 2295 occupes,
866 2225 965 2270 nemo
982 2203 1058 2271 aliis
1072 2206 1122 2271 ri-

56 2343 126 2387 sum
140 2318 305 2412 praebuit,
318 2319 377 2410 qui
392 2341 431 2384 ex
447 2341 482 2384 ae
496 2318 598 2408 cepit.
612 2316 784 2382 Vatinium
797 2309 808 2350 ⁵
825 2317 995 2385 homiuem
1008 2334 1123 2386 uatum
1148 2315 1163 2366 3

56 2437 150 2503 etad
171 2429 317 2516 risnm‘,
337 2434 433 2502 etad
452 2433 585 2513 odium,
608 2455 757 2499 scurram
777 2433 879 2501 luisse
892 2451 1070 2502 venustum
1083 2460 1123 2504 ac
1184 2509 1190 2538 ¹

53 2551 224 2633 dicacem,
252 2549 424 2617 memoriae
448 2546 621 2640 proditum
642 2563 709 2631 est,
732 2548 767 2613 iu
792 2543 926 2640 pedes⁵
951 2575 1027 2619 suos
1051 2552 1123 2645 ipse

51 2669 201 2760 plurima
222 2663 373 2744 dicebat,
390 2663 475 2730 etin
490 2663 603 2729 fauces
616 2657 790 2730 conoisas⁶
805 2690 812 2728 :
825 2665 874 2732 sic
888 2667 1121 2748 inimicorum,

52 2807 135 2873 quos
144 2783 265 2875 plures
274 2779 532 2869 habebatquam
545 2777 698 2861 morbos,
711 2795 745 2845 et
755 2781 919 2872 inprimis
929 2785 939 2829 ⁷
951 2783 1126 2852 Ciceronis

48 2901 279 2967 urbanitatem
293 2896 423 2986 effugit.
435 2895 472 2962 si
481 2893 539 2961 ille
548 2893 613 2961 boc
622 2895 731 2985 potuit
742 2893 869 2964 duritia
879 2897 961 2978 oris,
974 2900 1035 2988 qui
1049 2901 1126 2966 assi·

48 3017 126 3084 duis
143 3014 312 3084 conviciis
330 3008 502 3104 depudere
517 3009 705 3092 didicerat,
721 3034 782 3078 cur
799 3011 827 3078 is
845 3036 912 3079 nou
927 3017 1048 3106 possit,
1066 3018 1125 3107 qui

86 3237 573 3303 r.I'h'riurnCor·u.,Nasonis...Corbulo⁴
656 3253 679 3286 t.
698 3233 950 3290 struthocamelum.
963 3239 1067 3312 l’roptcr
1078 3242 1129 3292 l'or·

53 3321 126 3372 Unus
148 3320 252 3372 Seneca
267 3317 332 3368 hene
349 3315 479 3368 historiam
490 3312 574 3365 tradi·
622 3333 689 3364 mam
702 3327 726 3366 et
737 3327 855 3366 staturam
869 3317 961 3369 :fnisse
974 3317 1073 3372 videtur
1085 3319 1130 3372 oh-

50 3399 96 3454 dit.
119 3398 225 3452 Cneins
244 3395 373 3447 Domitius
399 3394 521 3456 Corbulo,
542 3391 573 3443 de
622 3390 714 3465 longus
725 3391 1129 3470 bomo,collnerurihusquegre-

49 3498 101 3548 qun
123 3475 187 3539 hle,
209 3473 258 3525 l’nit
276 3471 321 3524 suh
345 3469 452 3523 Claudio
474 3483 498 3520 et
516 3469 574 3520 Ne·-
622 3469 694 3534 cilis,
708 3483 731 3520 et
740 3469 833 3522 calvus.

47 3575 130 3616 rone,
156 3573 173 3604 a
197 3569 249 3622 qno
270 3548 407 3603 Cenchreis
430 3548 462 3600 td
485 3546 575 3598 sorin-
655 3545 678 3598 3.
696 3549 842 3599 Vatinium.
854 3547 893 3599 De
905 3546 1008 3601 bomine
1021 3551 1066 3604 illo
1080 3553 1130 3604 im-

46 3633 123 3685 tbmn
143 3629 227 3682 morti
244 3627 380 3679 destinatos
395 3625 443 3677 eibi
455 3623 507 3696 ipse
519 3642 573 3676 me·
622 3621 770 3697 probissimo
789 3626 820 3676 ef.
844 3623 974 3678 Ciceronis
990 3627 1130 3680 orationem

46 3730 111 3762 unm
124 3705 243 3768 intulit,
262 3703 333 3755 lortis
350 3715 374 3755 et
385 3701 445 3754 felix
456 3700 515 3752 dux.
525 3701 574 3752 Ta·
623 3723 631 3767 r
644 3703 695 3754 sire
707 3703 788 3774 potius
799 3703 1033 3776 interrogationem)
1043 3705 1068 3758 in
1080 3706 1132 3760 Ve-

43 3787 110 3838 ritus
136 3785 199 3856 ejus
222 3799 288 3854 rape
308 3779 451 3832 meminit:
475 3791 500 3830 et
520 3779 572 3830 Dio
623 3781 721 3832 tiniam.

43 3869 119 3921 Caes.
137 3863 191 3918 lib.
211 3863 272 3922 LX,
285 3881 338 3934 rep.
356 3861 405 3923 3⁰3
423 3859 467 3912 lib.
484 3861 571 3923 lel,
655 3860 680 3924 4.
692 3857 795 3909 Risum.
811 3859 890 3910 Natus
902 3859 949 3911 luit
960 3859 1047 3912 rideri.

43 3965 100 4017 esp.
126 3963 185 4016 ¹9⁹
210 3959 247 4010 sq.
266 3938 311 3991 lib.
332 3938 431 4002 Lxut,
452 3955 505 4010 cep.
527 3955 573 4000 ιγ,
656 3931 1132 4009 S.Pedes.l’odagreanimleborebat.

43 4025 90 4078 uhi
107 4039 188 4075 mors
202 4018 255 4090 ejus
271 4027 434 4068 memoretur.
450 4016 491 4067 De
507 4013 574 4068 Fido
656 4014 681 4065 6.
700 4012 802 4065 Fauces
824 4020 945 4066 conatae.
965 4015 1007 4067 Ob
1027 4029 1133 4070 strumas

45 4100 206 4162 Cornelio,
218 4097 340 4149 senatore
348 4113 454 4147 romano
464 4131 472 4158 ,
482 4105 576 4146 veteres
626 4093 715 4165 sepius
735 4104 847 4144 exsectus.
861 4091 914 4145 Cic.
927 4105 989 4147 orat
1001 4093 1070 4148 laud.
1082 4117 1135 4172 cap.

47 4193 193 4256 qnantum
220 4177 316 4241 eciem,
346 4188 435 4248 preter
457 4173 578 4225 Nostrum
631 4171 1104 4246 rli;adAttic.lib.ll,9‚postmed.

47 4260 122 4316 nihil
133 4265 356 4310 memoreverunt.
363 4280 397 4292 -
405 4252 535 4313 Nasonis,
546 4269 579 4302 tn
662 4267 685 4317 7·
705 4249 780 4301 Cr‘cer.
793 4250 859 4302 loca
872 4249 978 4302 adducta
989 4270 1040 4303 non
1050 4273 1136 4307 recor·

52 4332 182 4390 Ovidii?
198 4331 351 4404 ignoremus.
630 4325 701 4378 datus
709 4339 744 4379 est
753 4327 851 4380 Noster.
863 4326 1075 4382 Catullieonvicia
1084 4351 1137 4382 non

165 4416 202 4484 1.
949 4409 992 4474 25
