2896 4954
393 445 610 532 LIBERI,
636 445 747 514 CAP.
773 445 840 514 IV.
891 481 893 488 ⁴
1086 473 1147 515 nur

91 577 226 659 futura,
246 578 310 644 uisi
330 603 414 647 onus
437 593 472 644 et
495 575 627 670 praedu,
646 579 673 644 si
691 601 786 645 mens
812 578 869 646 illa
888 578 1043 671 imperii'
1069 577 1151 644 sub-

90 694 254 762 trahatur.
347 751 350 762 .

254 871 409 891 ..........
413 838 483 910 llege
497 836 620 890 ineolumi
631 855 705 889 mens
716 836 834 889 omnibns
844 856 913 901 unu

248 922 349 976 Amisso
362 941 449 996 rupere
462 919 557 975 fidem²
561 957 781 975 ..............

86 1043 152 1108 Hic
162 1064 260 1109 casus
274 1044 433 1112 Romanu,
446 1039 540 1135 pucis
553 1041 692 1110 exitium
707 1041 793 1122 erit,
809 1040 866 1109 hic
879 1041 964 1108 tanti
982 1041 1150 1110 fortunam
1175 1063 1190 1094 ²

85 1157 205 1250 populi
223 1159 259 1225 in
279 1159 395 1226 ruinas
410 1151 526 1252 aget³.
547 1155 695 1226 Tamdiu
716 1157 760 1226 ab
777 1158 841 1225 isto
866 1157 1018 1250 periculo
1040 1157 1152 1225 uberis

86 1274 145 1342 hic
156 1275 320 1368 populus,
337 1273 498 1368 quamdiu
511 1275 595 1343 sciet
607 1270 697 1342 serre
711 1275 832 1343 lraenos
850 1301 857 1340 :
874 1297 959 1366 quos
974 1272 1150 1366 siquando

85 1389 286 1483 abruperit,
309 1392 364 1460 vel
382 1391 498 1483 aliquo
516 1414 595 1460 casu
615 1389 801 1471 discussos,
822 1392 942 1484 reponi
955 1391 1020 1460 sibi
1034 1415 1151 1485 pessus

86 1531 156 1574 nun
173 1509 240 1576 erit
250 1503 278 1592 ⁴,
299 1509 373 1576 haec
388 1509 501 1577 unitus
516 1523 550 1575 et
567 1507 626 1576 hic
642 1509 779 1576 maximi
798 1502 956 1601 imperii⁵
976 1523 1151 1577 contextus

85 1625 121 1691 in
139 1639 255 1716 partes
272 1623 392 1692 multas
405 1621 549 1692 dissiliet
567 1649 575 1690 ε
591 1621 751 1716 idemque
764 1625 847 1693 huic
859 1625 938 1693 urbi
955 1623 1151 1693 dominandi

87 1743 167 1809 finis
184 1743 274 1822 erit,
301 1743 361 1833 qui
378 1739 657 1834 perendifuerit.
680 1739 761 1808 Ideo
785 1743 958 1834 principes
984 1766 1151 1836 regesque

85 1874 120 1925 et
140 1881 345 1950 quocunque
362 1858 427 1926 ulio
447 1857 586 1926 nomine
608 1873 687 1924 sunt
707 1873 834 1927 tutores
853 1854 983 1928 status⁶
1001 1859 1148 1952 publici,

85 1999 155 2042 non
169 1990 222 2042 est
233 1976 356 2044 mirum
370 1973 475 2042 amari
487 1972 577 2041 ultra
588 1974 736 2065 privatas
750 1975 850 2042 etiarn
865 1973 1147 2043 necessitudines.

82 2093 170 2158 Nam
193 2093 222 2158 si
243 2093 331 2162 sanis
354 2088 550 2158 hominibus
571 2083 709 2182 publicu
727 2091 869 2182 privatis
894 2092 1027 2183 potiora
1047 2107 1147 2175 sunt,
1176 2105 1191 2157 3

120 2289 142 2322 ι.
159 2270 279 2337 Imperii.
302 2269 377 2321 Bous
393 2267 468 2320 lectio
487 2285 495 2319 ι
515 2264 593 2318 modo
643 2264 693 2318 Sed
702 2265 768 2319 hunc
776 2267 938 2339 Nosterssepe
948 2266 1153 2342 neglexit,idso·

81 2359 142 2418 post
165 2345 282 2398 rudtrud.
305 2343 385 2398 intell.
402 2343 524 2412 Respuet.
540 2343 593 2395 Nec
642 2364 690 2415 qne
702 2345 768 2398 nihil
783 2357 863 2399 muto.

81 2442 149 2496 opus
159 2422 206 2476 erit
211 2422 317 2476 lectione
324 2423 431 2491 imperio
435 2459 444 2484 ,
452 2439 529 2492 quam
536 2418 591 2472 cod.
676 2425 700 2480 5.
709 2424 776 2478 Hoee
785 2427 874 2479 unitos
885 2423 960 2476 ethic
971 2423 1090 2475 maximi
1097 2424 1152 2474 im-

79 2499 168 2553 Jureti
179 2500 291 2572 exlqilset,
303 2521 350 2554 nec
366 2502 482 2567 r'mpers'e's
495 2497 524 2549 iu
535 2497 591 2551 cod.
637 2503 855 2567 perideontextus.
864 2499 931 2553 Illud
939 2499 1151 2572 enimiuimperio

80 2579 206 2651 Amplon.
217 2577 317 2632 Erl'ord.
640 2576 757 2630 Romano
778 2578 902 2652 precipue
924 2578 1069 2631 mirandum
1086 2578 1150 2643 luit,

113 2655 263 2726 attagen,
273 2660 369 2726 fidem.
387 2656 592 2710 VersuseGeur·
641 2655 669 2708 in
686 2675 767 2710 unum
778 2675 868 2730 corpus
884 2656 1021 2710 coalescere
1039 2667 1075 2709 tot
1092 2676 1151 2728 pro-

78 2735 131 2808 gie.
138 2733 213 2807 Virg.
221 2733 265 2787 lib.
272 2737 319 2800 lv,
331 2753 379 2787 vss.
391 2755 455 2798 m,
468 2733 531 2801 213,
545 2733 592 2787 de-
643 2733 749 2797 vinciss,
759 2733 883 2798 moribus,
894 2733 973 2800 cultu,
981 2733 1080 2807 lingua,
1089 2734 1159 2790 caelo.

77 2811 184 2884 sumpti.
644 2811 840 2884 regionibusque
848 2809 990 2864 dissimiles.
999 2812 1152 2882 Eamquesi-

113 2889 142 2946 3.
151 2891 205 2946 Hic
216 2911 293 2946 casm
303 2892 523 2948 Romm.„..in
535 2897 593 2946 mi-
643 2888 736 2942 militer
752 2906 836 2940 rerum
850 2887 965 2940 omnium
981 2889 1152 2962 perturbatio-

76 2989 132 3022 nes
144 2981 213 3040 aget.
230 2970 313 3038 Quum
327 2971 391 3024 bene
409 2983 433 3024 et
450 2982 505 3043 epte
519 2971 594 3042 hujus
642 2988 716 3031 uem,
731 2985 832 3018 excusso
845 2965 923 3038 jugo,
936 2967 1038 3020 Tscitus
1048 2965 1084 3020 sic
1097 2965 1154 3018 mi-

76 3051 186 3116 φρᾶσιυς
199 3047 312 3102 membro
324 3049 402 3122 priori
415 3050 505 3102 veritas
518 3068 594 3102 com·
644 3059 733 3108 natur,
750 3043 845 3097 Hister.
861 3043 905 3096 lib.
923 3045 970 3110 lv,
987 3064 1040 3118 esp.
1056 3061 1151 3097 txxtv:

76 3137 167 3198 petat,
184 3123 237 3194 jam
254 3127 413 3192 notavimus,
429 3147 508 3199 quum
524 3146 592 3179 anuo
645 3148 658 3172 ιι
669 3123 736 3175 Nem
745 3120 822 3195 pulsis
834 3120 921 3192 (quod
932 3121 978 3174 Dii
986 3121 1152 3194 prohibeant)

77 3201 130 3254 hoc
145 3204 178 3256 U.
196 3203 226 3256 C.
241 3206 287 3258 821
302 3207 377 3278 (post
393 3205 451 3258 Chr.
464 3205 593 3271 net68):
641 3201 785 3265 Romanis,
810 3198 872 3271 quid
896 3199 966 3252 atiud
987 3219 1063 3269 qusnr
1085 3200 1151 3253 belle

74 3301 91 3326 a
105 3281 213 3333 Asserto
224 3281 267 3352 qui
275 3303 344 3336 sacer
355 3281 415 3336 orbe
426 3282 593 3350 tuisqtttar-
641 3280 757 3335 omnium
768 3279 833 3332 inter
849 3299 875 3332 se
892 3279 1006 3350 gentium
1020 3277 1152 3331 exsistenti

74 3355 134 3409 tial.
149 3357 192 3410 lib.
207 3359 372 3434 V11‚Epigr.
388 3377 469 3424 snut,
482 3379 518 3412 vs.
537 3365 590 3424 ro),
641 3359 855 3431 octingentorum
867 3376 992 3410 annorum
1004 3358 1104 3410 fortune
1113 3356 1151 3407 di-

74 3447 101 3486 et
122 3455 158 3487 eo
173 3437 290 3508 quimox
307 3451 405 3492 secutus
423 3451 474 3504 est,
486 3451 593 3509 quatuor
641 3439 795 3513 seiplinaqus
814 3457 947 3512 compages
968 3437 1022 3490 luec
1040 3437 1151 3499 coaluit;

72 3511 240 3566 bellacis-ilis
250 3515 393 3579 exarserint,
403 3515 518 3570 Vindicis
525 3534 593 3568 nem-
637 3535 698 3587 ¹quse
714 3514 824 3568 convelli
842 3515 897 3568 sine
914 3513 988 3567 exitio
1005 3513 1153 3568 convellen-

71 3610 105 3662 pe
119 3591 254 3656 ,viudin
275 3593 437 3666 Vespasiani,
455 3606 479 3646 et
490 3592 594 3648 Gallia-
642 3593 706 3646 tium
717 3613 771 3645 non
783 3604 870 3666 potesl-
884 3615 897 3639 ν

69 3689 149 3732 mm;
157 3669 200 3722 sed
208 3670 236 3722 in
243 3669 322 3724 inciso
331 3671 465 3744 posteriore
474 3669 538 3724 ultra
544 3693 594 3724 ve-
675 3673 699 3725 6.
709 3675 746 3725 Et
754 3674 973 3740 quocumquealt'o
980 3674 1083 3722 munire
1091 3680 1153 3722 emet

69 3747 179 3798 rihtest
199 3746 385 3818 aliquantulum
403 3760 456 3812 est,
475 3747 591 3819 quando·
641 3759 738 3802 tutam
752 3758 837 3800 status
851 3749 958 3816 publici.
971 3750 1006 3801 Ut
1019 3733 1151 3816 dpxoslse,

67 3821 185 3894 quidem
197 3843 282 3880 rerum
294 3826 449 3898 publicarum
461 3825 593 3878 confusio·
640 3812 1066 3900 ρτεεὶριιοψιεᾸρχονῖιςὶπόνυμοι,
1076 3825 1153 3880 Athe·

67 3919 139 3951 nem
149 3917 201 3952 non
213 3903 350 3955 necessarie
367 3901 498 3956 dissolutio
510 3905 593 3956 stetim
642 3895 1150 3974 ninheedaemonsipxenlmetneqn,

65 3977 257 4047 consequitur,
269 3999 352 4050 neque
361 3994 420 4034 tune
429 4001 488 4035 sene
500 4003 595 4036 couse-
642 3980 710 4054 epud
721 3981 841 4034 Hebraeos
859 3980 986 4044 ludices,
1002 3981 1069 4052 apud
1086 3981 1152 4034 cn-

63 4066 133 4106 cute
148 4066 193 4104 est.
644 4059 814 4134 thaginienses
827 4059 952 4132 Suffetoe,
966 4071 990 4112 et
1003 4061 1090 4114 llomte
1102 4059 1152 4112 de-

104 4133 134 4196 4.
149 4129 219 4185 Eris.
232 4131 346 4188 Fortasse
359 4133 487 4209 legebatur
487 4137 590 4206 suerit:
640 4157 709 4204 nuo,
726 4150 783 4190 tute
800 4138 979 4210 imperatorum
995 4138 1150 4212 potentiam,

65 4207 254 4262 membrorum
277 4211 445 4268 concinnitate
466 4227 590 4286 poscente.
641 4215 764 4269 Consules
775 4217 946 4286 Dictatorque.
