2910 4954
339 499 488 566 LIBER
514 502 572 580 ll,
600 501 711 566 CAP.
738 499 885 566 XXIV.
1106 491 1147 556 85

103 626 149 712 qui
175 625 386 692 innocentem
415 623 579 708 haberet,
610 624 735 719 dignus
761 626 820 717 qui
848 625 985 692 laceret.
1015 622 1087 686 Hoc
1110 641 1151 684 eo

101 739 191 831 magis
208 741 245 806 in
258 738 449 808 Alexandro
466 739 586 822 laudo,
607 741 685 832 quia
704 763 803 807 nemo
823 755 890 806 tam
908 735 1072 805 obnoxius
1089 734 1150 800 irae

102 853 174 920 luit¹
192 883 201 940 3
217 879 286 947 quo
304 857 414 925 rarior
429 871 541 924 autem
565 855 751 924 moderatio
765 855 802 922 in
818 853 980 948 regibus,
997 853 1062 920 hoc
1075 849 1150 917 lau-

101 963 196 1034 danda
206 970 314 1062 magis
328 985 391 1037 est.
407 972 504 1039 Fecit
515 971 581 1038 hoo
594 985 628 1038 et
642 972 681 1038 C.
699 971 833 1038 Caesar²
847 1019 857 1050 ‚
870 967 928 1034 ille
939 967 998 1058 qui
1012 963 1151 1047 victoria
1177 961 1193 1026 l

101 1083 178 1151 civili
201 1085 459 1154 clementissime
479 1111 560 1154 usus
579 1101 642 1153 est.
668 1085 784 1177 Quum
810 1083 935 1152 scrinia
957 1075 1151 1174 deprehen·

100 1199 190 1270 disset
203 1202 421 1295 epistolarum
436 1202 480 1270 ad
495 1203 689 1296 Pompeium
710 1203 886 1270 missarum
904 1201 948 1267 ab
968 1200 1009 1266 iis
1029 1197 1088 1290 qui
1105 1197 1154 1264 vi-

100 1313 256 1384 debantur
268 1333 327 1385 aut
341 1319 376 1386 in
392 1317 534 1387 diversis
545 1310 571 1400 ³,
593 1334 652 1386 sut
665 1320 701 1385 in
715 1318 846 1386 neutris
859 1317 961 1384 fuisse
975 1314 1149 1407 partibus,

100 1435 270 1504 combussit
286 1463 295 1520 ς
318 1435 470 1527 quamvis
489 1434 660 1503 moderate
676 1435 799 1503 soleret
818 1435 941 1516 irasci,
964 1431 1082 1500 maluit
1101 1447 1171 1528 la'.

99 1575 241 1621 mennon
252 1577 361 1646 posse.
374 1553 609 1620 Gratissimum
619 1553 750 1646 putavit
761 1577 867 1646 genus
877 1552 1003 1632 veniae,
1022 1549 1157 1618 nescire

98 1666 171 1758 quid
184 1671 330 1761 quisque
343 1683 526 1761 peccasset.
544 1668 731 1737 Plurimum
745 1668 823 1735 mali
843 1666 1025 1736 credulitas
1046 1667 1125 1734 lacit
1143 1693 1150 1732 :

97 1807 175 1875 saepe
192 1809 236 1852 ne
255 1783 464 1852 audiendum
479 1782 617 1876 quidem
632 1801 704 1867 est,
723 1785 883 1876 quoniam
896 1785 932 1852 in
952 1781 1153 1875 quibusdam

97 1897 188 1965 rebus
205 1899 311 1968 satius
330 1913 382 1966 est
395 1897 527 1992 decipi,
548 1923 650 1989 quam
669 1897 839 1968 diffidere.

138 2015 265 2082 XXIV.
288 2013 455 2082 Tollenda
469 2037 508 2082 er
523 2015 636 2082 animo
650 2016 797 2107 suspicio
811 2029 846 2080 et
860 2015 1076 2106 conjectura,
1094 2014 1158 2082 tat-
1183 2045 1194 2075 t

98 2128 251 2199 lacissima
271 2131 493 2198 irritamenta.
516 2129 578 2197 llle
598 2155 651 2198 me
669 2155 788 2225 parum
804 2132 951 2201 humane
974 2133 1151 2214 salutavit,

97 2246 147 2313 ille
165 2247 279 2316 osculo
299 2271 373 2315 meo
393 2271 462 2314 non
479 2245 644 2330 adhaesit,
671 2248 729 2316 ille
750 2249 943 2317 inchoatum
967 2273 1155 2318 sermonem

98 2365 155 2431 cito
172 2365 333 2457 abrupit,
359 2363 417 2431 ille
441 2361 486 2431 ad
512 2387 640 2432 coenam
660 2391 729 2434 non
748 2368 899 2448 vocavit,
926 2367 1019 2436 illius
1044 2367 1157 2436 vultus

96 2481 236 2546 aversior
255 2479 348 2546 visus
366 2492 429 2544 est.
452 2479 527 2545 Non
547 2476 657 2544 deerit
678 2481 861 2574 suspicioni
879 2483 1126 2574 argumentatio
1143 2509 1153 2568 3
1184 2517 1197 2548 2

98 2589 327 2688 simplicitate⁴
353 2619 437 2687 opus
459 2608 534 2675 est,
558 2609 593 2662 et
610 2594 760 2688 benigna
779 2620 893 2664 rerum
922 2599 1153 2666 aestimatione.

97 2708 182 2776 Nihil
194 2710 263 2776 nisi
277 2706 370 2800 quod
384 2709 420 2774 in
440 2707 553 2776 oculos
572 2709 727 2776 incurret
742 2759 751 2791 ,
774 2711 1056 2804 manifestumque
1069 2713 1154 2793 erit,

98 2821 294 2908 credamus3
317 2838 352 2889 ct
371 2822 503 2913 quoties
523 2823 670 2914 suspicio
693 2837 807 2891 nostra
830 2847 915 2892 vana
934 2825 1155 2918 apparuerit,

97 3015 136 3067 rici
147 3017 188 3087 qui
200 3017 251 3070 hoc
263 3016 381 3082 tradunt,
393 3033 480 3068 omnes
497 3015 602 3068 Parme-
651 3017 699 3068 vu
709 3057 717 3084 ‚
729 3038 782 3091 cap.
793 3017 832 3071 ali.
842 3019 888 3070 llla
903 3018 972 3072 enim
987 3019 1036 3071 tuis
1048 3039 1106 3071 vere
1122 3019 1161 3072 in·

97 3097 187 3164 monis,
196 3097 241 3168 qui
252 3109 307 3149 turn
319 3115 395 3168 prope
407 3094 499 3157 aberat,
513 3095 601 3165 episto·
651 3097 825 3171 comparabilis
842 3097 929 3150 invicti
944 3097 1023 3150 animi
1033 3110 1057 3150 et
1072 3099 1160 3168 inanes

97 3169 158 3238 lam,
174 3193 228 3226 non
252 3173 340 3225 matris
360 3171 479 3244 produnt.
498 3172 530 3223 Et
550 3170 603 3224 veri
651 3174 756 3248 injurias
772 3195 861 3249 parum
877 3188 987 3229 curantis
1003 3176 1161 3229 sublimitas:

96 3249 195 3304 similius
211 3266 267 3317 est,
288 3251 354 3304 hanc
371 3250 501 3324 epistolam
513 3269 527 3301 a
540 3249 603 3302 Par-
652 3256 727 3329 captis
738 3256 805 3330 apud
815 3257 969 3310 thalism
981 3257 1095 3331 pompeii
1107 3257 1162 3308 Μ..

97 3332 209 3383 menione
241 3331 350 3386 vicino.
378 3349 454 3399 qnam
482 3347 496 3380 a
523 3339 602 3380 matre
653 3332 699 3404 gni
714 3333 814 3386 scriniis
829 3333 1004 3404 epistolarum,
1022 3333 1162 3404 iterumque

98 3405 262 3481 Olympiade,
274 3407 319 3477 qul
331 3406 401 3458 Per!
412 3405 439 3458 ln
452 3403 604 3458 Micedffltli
654 3411 719 3484 apud
727 3412 856 3486 Thapsum
867 3412 1005 3485 Scipionis,
1017 3413 1164 3465 l'erturcon·

97 3482 208 3550 virebat,
222 3485 327 3537 allatam
340 3501 409 3548 ease,
422 3499 479 3552 qun
493 3481 525 3534 de
538 3481 605 3554 peri·
654 3509 775 3542 cremam
793 3511 821 3543 ω
833 3493 928 3563 ρριίηιι
942 3488 1010 3554 fids,
1026 3503 1100 3560 atque
1110 3509 1163 3542 non

97 3559 149 3612 culo
159 3561 312 3615 imminente
323 3561 481 3614 admonebat.
494 3561 525 3630 Q.
535 3560 605 3612 Curt.
655 3569 752 3642 lggim,

98 3637 142 3700 ¹¹¹·
154 3639 183 3706 5,
197 3641 262 3693 edit·
278 3652 343 3692 nosl·
355 3641 384 3692 Τ.
401 3641 429 3704 l,
443 3661 467 3712 p.
484 3642 536 3695 ras.
555 3639 605 3690 litt·
689 3647 712 3698 3.
720 3647 933 3699 Diversistomn.
942 3645 1014 3698 codd.
1025 3646 1166 3708 ldest,ad·

131 3738 149 3768 ι.
163 3721 309 3772 Obnoxr'm
320 3719 432 3791 insuit.
444 3721 531 3774 Postea
542 3715 606 3788 qui·
655 3724 739 3776 versis.
747 3723 799 3775 Sed
809 3723 923 3776 Muretus
930 3727 1047 3778 adversis
1056 3723 1167 3778 dederat.

97 3793 148 3850 dem
161 3801 290 3854 obnoxius
299 3799 361 3862 suit;
373 3813 399 3851 at
410 3813 469 3852 tunc
480 3813 505 3852 et
513 3798 606 3850 mode·
688 3804 782 3855 xxtv.
794 3804 862 3856 Atto.
873 3805 906 3856 Et
917 3803 1070 3874 conjectura,
1084 3817 1108 3856 et
1119 3803 1167 3857 in-

98 3888 142 3926 stus
158 3891 181 3929 et
193 3878 316 3952 sapiens,
336 3890 361 3930 et
375 3877 516 3930 Aristotelis
534 3893 607 3948 proe-
656 3884 757 3955 qnisisio
769 3883 872 3936 vitanda
883 3896 926 3936 est.

98 3955 290 4027 esplanandum
298 3955 405 4021 oblitus,
416 3955 453 4007 sui
462 3967 607 4028 perpetuum
692 3964 715 4028 4,
734 3959 915 4029 Simplicitate.
933 3959 1052 4013 Bonitate
1071 3960 1164 4025 animi,

98 4052 194 4107 compos
207 4049 279 4102 erat,
292 4055 375 4106 neque
390 4034 533 4087 iracundus.
659 4041 805 4110 χαθαμόςηῃ
826 4041 877 4106 (cl,
896 4059 948 4114 cap.
970 4039 1017 4106 16)
1030 4057 1036 4090 ε
1048 4059 1125 4111 quum
1141 4039 1166 4091 id

129 4131 150 4162 ²·
171 4115 199 4166 C·
222 4113 325 4166 Ceasar.
343 4111 485 4166 Confirmal
501 4124 525 4162 εἰ
541 4111 607 4166 Dio·
659 4119 741 4170 solnm
757 4117 885 4188 sequaris,
903 4115 972 4186 quod
991 4137 1077 4169 verum
1095 4129 1167 4186 atque

99 4186 162 4242 οὕ*-
174 4191 220 4244 lib·
232 4191 306 4254 ΧΗ,
321 4188 433 4260 ⁶²1¹·532
446 4187 491 4242 ΕΠ·
502 4189 547 4242 ”bl
559 4187 610 4240 Vll·
661 4199 755 4251 bonum
768 4199 813 4264 sit,
832 4216 913 4268 neque
931 4198 1016 4249 omnia
1033 4198 1059 4249 in
1076 4196 1169 4251 malam

100 4267 205 4342 luletpp-
217 4272 286 4324 ilem
297 4269 410 4334 Plinius,
424 4269 482 4318 ΝΗ.
492 4265 555 4319 ulai.
568 4266 611 4319 lib.
661 4290 754 4350 pamm
768 4275 944 4348 interpreteris.
