2864 4998
303 399 370 488 tra
545 399 612 466 on
636 399 952 468 nnnvrrsrn
976 401 1115 472 vrum

262 556 276 588 ²
302 529 345 600 ad
368 544 518 598 nostrum
547 529 725 600 arbitrium
743 533 835 600 nasci
854 535 861 566 ¹
884 532 974 601 lieet.
996 534 1301 606 Nobilissimorum
1327 543 1380 608 in-

303 648 480 740 geniorum
506 644 665 714 familiar²
686 663 765 716 sunt
785 673 792 714 :
812 648 901 742 elige
921 649 957 716 in
974 673 1073 741 quam
1094 650 1242 722 adscisci
1265 656 1378 736 πῶς

300 783 369 832 non
381 763 419 830 in
430 785 554 830 nomen
566 775 694 832 tantum
704 761 919 856 adoptnberis
934 815 943 848 ‚
957 765 1063 833 sedin
1075 767 1147 860 ipsa
1158 767 1256 838 bona
1277 799 1286 836 :
1301 797 1379 864 quae

301 901 370 948 non
388 893 490 947 eruut
513 876 649 948 sordide
666 901 730 948 nec
752 879 898 972 maligne
923 873 936 914 ³
962 879 1185 952 custodienda
1204 912 1212 952 ε
1239 888 1377 979 majora

302 989 398 1074 fient,
418 1016 486 1086 qno
501 991 560 1060 illa
575 991 731 1086 pluribus
747 991 914 1060 diviseris.
935 995 978 1062 Hi
988 995 1050 1062 tibi
1065 995 1197 1065 dabunt
1210 998 1264 1066 ad
1274 1016 1377 1069 aeter-

300 1111 439 1180 nitatem
454 1110 541 1194 iter,
566 1123 601 1177 et
614 1125 646 1177 te
667 1110 704 1176 in
717 1108 812 1178 illum
826 1109 958 1192 locum,
976 1135 1016 1179 ex
1029 1137 1096 1204 quo
1107 1137 1210 1183 nemo
1223 1117 1372 1208 ejiciet,

300 1221 525 1292 sublevabunt
539 1249 547 1288 ι
563 1221 637 1291 haee
648 1247 716 1292 una
727 1225 812 1291 ratio
822 1240 873 1292 est
886 1224 1105 1295 extendendas
1120 1229 1348 1299 mortalitatis
1362 1283 1371 1312 ,

301 1338 402 1405 immo
412 1338 448 1404 in
459 1335 740 1406 immortalitatem
750 1335 934 1406 vertenda.
952 1339 1115 1420 Honores,
1129 1361 1369 1424 monumenta,

300 1451 468 1546 quidquid
491 1467 549 1522 aut
569 1452 713 1522 decretis
734 1454 872 1522 ambitio
886 1455 1014 1546 jussit,
1043 1471 1101 1522 aut
1117 1458 1289 1548 operibus
1314 1487 1371 1529 ex-

300 1571 441 1655 struxit,
458 1570 524 1637 cito
537 1568 714 1638 subruitur
731 1594 739 1634 ε
757 1569 845 1638 nibil
857 1591 926 1638 non
941 1569 1041 1662 longa
1055 1570 1239 1641 demolitur
1253 1593 1371 1644 vetus-

260 1713 276 1764 3
303 1677 398 1767 tas⁴‚
418 1700 454 1753 et
471 1700 582 1754 movet
599 1687 712 1767 ocius,
731 1683 824 1777 qnod
841 1686 1060 1754 eonsecravit.
1081 1687 1296 1779 Sapientiae⁵
1314 1717 1371 1760 uo·

301 1803 371 1870 oeri
384 1824 453 1869 non
466 1815 587 1894 potest.
604 1801 704 1872 Nulla
718 1799 845 1868 delebit
858 1814 937 1868 aetas
950 1850 960 1881 ,
973 1800 1066 1868 nulla
1080 1801 1249 1872 diminuet
1258 1798 1289 1872 ⁶.
1308 1810 1368 1876 Se-

301 1941 408 2010 quens
424 1941 464 1988 ac
477 1915 601 1987 deinde
617 1939 750 2009 semper
758 1915 901 1985 ulterior
909 1915 1040 2008 aliquid
1050 1917 1094 1986 ad
1107 1923 1366 1992 venerationem

300 2031 463 2102 conferet.
485 2032 656 2123 Quoniam
676 2029 813 2122 quidem
837 2031 872 2097 in
895 2031 1007 2100 vicino
1028 2049 1183 2102 versatur
1203 2039 1363 2116 invidia,

301 2153 488 2248 simplicius
500 2153 602 2247 longe
620 2153 732 2246 posita
743 2155 933 2221 miramuri.
945 2155 1113 2248 Sapientis
1124 2181 1208 2251 ergo
1219 2161 1366 2230 multum

300 2285 394 2364 patet
407 2271 478 2340 rita
496 2295 505 2336 ι
522 2266 688 2336 nunidem
704 2267 812 2350 illum,
834 2269 892 2360 qui
903 2285 1053 2352 eeteros,
1072 2273 1238 2341 terminus
1253 2275 1365 2344 inclu-

301 2385 362 2454 dit.
391 2387 488 2456 Solus
512 2383 647 2478 generis
669 2383 807 2450 hnmani
836 2383 968 2476 legibus
988 2384 1126 2454 solvitur
1150 2414 1157 2452 :
1178 2389 1296 2456 omnia
1318 2391 1362 2458 illi

260 2503 436 2592 4secula‚
463 2517 502 2570 ut
518 2504 612 2581 Deo,
634 2500 798 2568 serviunt.
829 2501 1004 2568 Transivit
1034 2517 1166 2596 tempus
1196 2505 1364 2598 aliquod?

301 2621 366 2690 boe
383 2617 617 2688 recordatione
630 2613 899 2707 comprehendit.
922 2617 1055 2684 Instat?
1069 2616 1362 2689 bocutitur.Veu-

336 2871 803 2946 r.Narci.Qnatenntculturaepstien·
852 2871 1005 2924 consecravit
1026 2873 1172 2944 sapientia,
1203 2878 1291 2929 noceri
1312 2900 1361 2931 non

300 2967 350 3008 tem
360 2951 549 3008 commodamus
566 2969 666 3012 aurem,
689 2961 711 3000 et
725 2946 756 2999 td
767 2947 804 2998 ei·
851 2960 937 3021 potest.
952 2949 1084 3021 ingeniose
1094 2969 1162 3002 sane.

300 3031 470 3102 militudinem
485 3025 690 3102 pbilosophorum
702 3043 749 3077 noe
760 3026 801 3076 ei·
882 3028 907 3079 6.
917 3027 1001 3080 Natta
1012 3029 1106 3082 delebit
1117 3039 1182 3084 oetes
1192 3071 1200 3090 ‚
1211 3035 1287 3084 nulla
1298 3037 1360 3086 driu.

299 3110 427 3184 fingimus.
849 3103 963 3172 Sequens
971 3123 1003 3156 at
1013 3107 1038 3155 d.
1050 3105 1176 3158 Gronovii
1187 3106 1312 3178 juditium
1324 3130 1359 3162 se·

333 3208 357 3240 η.
368 3187 499 3240 Familiae.
520 3181 585 3234 Sunt
597 3179 712 3252 quaedem
728 3178 802 3232 illut-
850 3199 927 3250 quor,
937 3181 1063 3252 qnioodd.
1079 3182 1359 3248 omnimodum

298 3266 377 3320 trium
385 3257 593 3338 pbilosophorum
605 3269 693 3320 seete,
705 3255 757 3309 Cic.
769 3255 801 3308 de
846 3275 961 3324 proesem
970 3269 1025 3330 poet
1037 3267 1102 3310 oetos
1114 3280 1166 3312 non
1176 3261 1356 3333 pubentibus,

299 3347 369 3398 Orat.
378 3343 427 3404 111,
441 3339 478 3394 rb.
849 3334 1072 3407 obtemperandum
1078 3335 1182 3388 censuit
1189 3337 1276 3405 Quum
1282 3342 1356 3394 edito

331 3423 355 3476 3,
365 3421 496 3488 maligue.
504 3413 629 3468 lnvidiote
639 3426 664 3467 et
671 3434 750 3487 parre.
849 3410 1068 3481 resebsequeussd
1073 3416 1148 3465 nulia
1154 3415 1282 3467 diutim
1287 3431 1356 3470 retra

330 3503 354 3569 4.
370 3493 626 3566 Vetusius.'l'empna.
848 3489 1129 3563 sissentsaeilistapsus
1138 3504 1189 3543 erat
1200 3491 1356 3560 adpraesens

330 3577 405 3632 &Et
413 3581 495 3627 moret
505 3572 800 3641 oeins,quodeortsecm-
848 3569 888 3620 vel
906 3568 1098 3641 effingendam,
1111 3571 1151 3622 vel
1169 3571 1353 3626 intrudendum,

296 3659 340 3710 oie.
350 3653 499 3723 Snpiattioe.
515 3646 626 3718 Vulgata
643 3646 707 3698 bene
718 3645 800 3699 babet.
881 3669 903 3717 7.
924 3647 1057 3718 Quoniam
1072 3651 1177 3718 quidem
1193 3655 1220 3702 iu
1232 3655 1353 3706 vinnom

296 3731 348 3786 Sed
363 3729 484 3801 qnoniam
500 3725 552 3778 duo
569 3724 647 3776 Pelet.
665 3723 741 3776 MSS.
755 3725 800 3774 ol'-
848 3726 985 3776 mt'ramur.
999 3725 1096 3778 Laudat
1107 3726 1205 3799 Lipsius
1215 3729 1298 3780 lotum
1312 3751 1354 3783 no·

296 3813 484 3874 leruntzonue,
494 3813 520 3856 et
530 3799 799 3866 mtoetm,alter,
848 3813 902 3853 tum
921 3803 1013 3855 Velleii
1030 3804 1169 3864 Paterculi,
1188 3805 1232 3857 lib.
1252 3807 1292 3866 11,
1304 3829 1353 3882 cap

294 3897 321 3940 et
337 3895 421 3938 monet
437 3887 537 3944 ocimu,
550 3878 646 3952 Lipsius
664 3875 800 3950 legendnm
849 3897 892 3950 φ,
902 3879 946 3932 ubi
958 3880 1354 3940 eademaententiamielitiaeime

294 3975 382 4038 putat:
393 3962 433 4016 At
441 3961 633 4020 mansuetum,
641 3959 712 4028 pund
719 3976 802 4011 ronse
849 3957 983 4030 expressit:
995 3979 1009 4005 ι
1020 3957 1156 4012 Praesentia
1167 3960 1282 4024 invidia,
1292 3983 1352 4036 pn-

294 4043 375 4098 erevit
381 4039 559 4110 saptentiaset
566 4037 705 4090 nucerinen
710 4044 801 4105 potest.
849 4035 921 4090 terite
937 4038 1097 4090 veneratione
1112 4041 1310 4111 prosequimur:
1330 4059 1352 4096 rt

296 4118 356 4172 Sive
373 4117 446 4170 etiam
461 4127 503 4170 :et
521 4123 610 4167 movet.
629 4115 661 4164 At
676 4113 720 4176 iis,
738 4131 800 4182 quoe
851 4113 1350 4194 bianosobrui,illisinan·uieredimrtea
