<?xml version="1.0" encoding="UTF-8"?>
<!DOCTYPE html PUBLIC "-//W3C//DTD XHTML 1.0 Transitional//EN"
    "http://www.w3.org/TR/xhtml1/DTD/xhtml1-transitional.dtd">
<html xmlns="http://www.w3.org/1999/xhtml" xml:lang="en" lang="en">
 <head>
  <title>
</title>
<meta http-equiv="Content-Type" content="text/html;charset=utf-8" />
  <meta name='ocr-system' content='tesseract 3.04.00' />
  <meta name='ocr-capabilities' content='ocr_page ocr_carea ocr_par ocr_line ocrx_word'/>
</head>
<body>
  <div class='ocr_page' id='page_1' title='image "./lannsenecparspr01bouigoog_0040.png"; bbox 0 0 2930 4956; ppageno 0'>
   <div class='ocr_carea' id='block_1_1' title="bbox 346 501 1134 595">
    <p class='ocr_par' dir='ltr' id='par_1_1' title="bbox 346 501 1134 595">
     <span class='ocr_line' id='line_1_1' title="bbox 346 501 1134 595; baseline 0.003 -23"><span class='ocrx_word' id='word_1_1' title='bbox 346 505 387 574; x_wconf 85' lang='lat' dir='ltr'>L.</span> <span class='ocrx_word' id='word_1_2' title='bbox 414 501 594 573; x_wconf 80' lang='lat' dir='ltr'><strong>ANNAEI</strong></span> <span class='ocrx_word' id='word_1_3' title='bbox 618 501 851 576; x_wconf 84' lang='lat' dir='ltr'><strong>SENECAE.</strong></span> <span class='ocrx_word' id='word_1_4' title='bbox 1045 509 1134 595; x_wconf 83' lang='lat' dir='ltr'>xxvij</span> 
     </span>
    </p>
   </div>
   <div class='ocr_carea' id='block_1_2' title="bbox 74 645 1179 2652">
    <p class='ocr_par' dir='ltr' id='par_1_2' title="bbox 74 645 1179 2652">
     <span class='ocr_line' id='line_1_2' title="bbox 78 645 1139 731; baseline 0.006 -25"><span class='ocrx_word' id='word_1_5' title='bbox 78 646 137 728; x_wconf 89' lang='lat' dir='ltr'>quid</span> <span class='ocrx_word' id='word_1_6' title='bbox 155 647 268 708; x_wconf 88' lang='lat' dir='ltr'>mirum</span> <span class='ocrx_word' id='word_1_7' title='bbox 285 647 312 709; x_wconf 88' lang='lat' dir='ltr'>si</span> <span class='ocrx_word' id='word_1_8' title='bbox 337 645 443 709; x_wconf 81' lang='lat' dir='ltr'>aurit?</span> <span class='ocrx_word' id='word_1_9' title='bbox 465 645 527 710; x_wconf 89' lang='lat' dir='ltr'>Sed</span> <span class='ocrx_word' id='word_1_10' title='bbox 552 648 595 710; x_wconf 90' lang='lat' dir='ltr'>ait</span> <span class='ocrx_word' id='word_1_11' title='bbox 615 648 727 727; x_wconf 83' lang='lat' dir='ltr'>etium,</span> <span class='ocrx_word' id='word_1_12' title='bbox 746 676 762 702; x_wconf 78' lang='grc' dir='ltr'>«ι</span> <span class='ocrx_word' id='word_1_13' title='bbox 778 645 898 710; x_wconf 86' lang='lat' dir='ltr'>ltaliam</span> <span class='ocrx_word' id='word_1_14' title='bbox 919 662 949 710; x_wconf 87' lang='lat' dir='ltr'>et</span> <span class='ocrx_word' id='word_1_15' title='bbox 967 649 1139 731; x_wconf 84' lang='lat' dir='ltr'>provincias</span> 
     </span>
     <span class='ocr_line' id='line_1_3' title="bbox 77 751 1139 844; baseline 0.006 -30"><span class='ocrx_word' id='word_1_16' title='bbox 77 753 172 844; x_wconf 67' lang='lat' dir='ltr'>benum</span> <span class='ocrx_word' id='word_1_17' title='bbox 187 755 254 836; x_wconf 85' lang='lat' dir='ltr'>ejus</span> <span class='ocrx_word' id='word_1_18' title='bbox 273 752 401 816; x_wconf 81' lang='lat' dir='ltr'>hauriri.</span> <span class='ocrx_word' id='word_1_19' title='bbox 421 781 437 807; x_wconf 75' lang='lat' dir='ltr'>n</span> <span class='ocrx_word' id='word_1_20' title='bbox 454 751 631 838; x_wconf 82' lang='lat' dir='ltr'>Significat,</span> <span class='ocrx_word' id='word_1_21' title='bbox 650 754 813 818; x_wconf 58' lang='lat' dir='ltr'>hnebrem</span> <span class='ocrx_word' id='word_1_22' title='bbox 832 756 925 819; x_wconf 81' lang='lat' dir='ltr'>variis</span> <span class='ocrx_word' id='word_1_23' title='bbox 948 755 1024 819; x_wconf 89' lang='lat' dir='ltr'>locis</span> <span class='ocrx_word' id='word_1_24' title='bbox 1042 777 1139 839; x_wconf 86' lang='lat' dir='ltr'>pecu-</span> 
     </span>
     <span class='ocr_line' id='line_1_4' title="bbox 79 858 1137 946; baseline 0.002 -26"><span class='ocrx_word' id='word_1_25' title='bbox 79 858 148 920; x_wconf 87' lang='lat' dir='ltr'>niam</span> <span class='ocrx_word' id='word_1_26' title='bbox 164 859 307 921; x_wconf 85' lang='lat' dir='ltr'>babuisse</span> <span class='ocrx_word' id='word_1_27' title='bbox 324 881 333 918; x_wconf 74' lang='lat' dir='ltr'>a</span> <span class='ocrx_word' id='word_1_28' title='bbox 353 872 383 921; x_wconf 91' lang='lat' dir='ltr'>et</span> <span class='ocrx_word' id='word_1_29' title='bbox 406 859 542 942; x_wconf 87' lang='lat' dir='ltr'>suspioor</span> <span class='ocrx_word' id='word_1_30' title='bbox 557 861 648 922; x_wconf 88' lang='lat' dir='ltr'>etiam</span> <span class='ocrx_word' id='word_1_31' title='bbox 665 861 697 922; x_wconf 93' lang='lat' dir='ltr'>in</span> <span class='ocrx_word' id='word_1_32' title='bbox 715 858 862 946; x_wconf 77' lang='lat' dir='ltr'>llllgypto.</span> <span class='ocrx_word' id='word_1_33' title='bbox 880 859 917 923; x_wconf 93' lang='lat' dir='ltr'>ld</span> <span class='ocrx_word' id='word_1_34' title='bbox 932 865 968 923; x_wconf 83' lang='lat' dir='ltr'>eri</span> <span class='ocrx_word' id='word_1_35' title='bbox 987 861 1137 944; x_wconf 81' lang='lat' dir='ltr'>epistola,</span> 
     </span>
     <span class='ocr_line' id='line_1_5' title="bbox 78 949 1139 1048; baseline 0 -18"><span class='ocrx_word' id='word_1_36' title='bbox 78 987 126 1047; x_wconf 82' lang='lat' dir='ltr'>qna</span> <span class='ocrx_word' id='word_1_37' title='bbox 145 965 249 1030; x_wconf 86' lang='lat' dir='ltr'>scribit</span> <span class='ocrx_word' id='word_1_38' title='bbox 267 987 362 1029; x_wconf 83' lang='lat' dir='ltr'>nares</span> <span class='ocrx_word' id='word_1_39' title='bbox 385 967 606 1030; x_wconf 82' lang='lat' dir='ltr'>Alexandrinas</span> <span class='ocrx_word' id='word_1_40' title='bbox 624 968 723 1031; x_wconf 89' lang='lat' dir='ltr'>subito</span> <span class='ocrx_word' id='word_1_41' title='bbox 741 949 896 1032; x_wconf 75' lang='lat' dir='ltr'>advenisse</span> <span class='ocrx_word' id='word_1_42' title='bbox 910 1013 919 1048; x_wconf 86' lang='lat'><strong>‚</strong></span> <span class='ocrx_word' id='word_1_43' title='bbox 934 971 1041 1032; x_wconf 80' lang='lat' dir='ltr'>onmes</span> <span class='ocrx_word' id='word_1_44' title='bbox 1062 989 1139 1033; x_wconf 87' lang='lat' dir='ltr'>con-</span> 
     </span>
     <span class='ocr_line' id='line_1_6' title="bbox 77 1074 1139 1160; baseline -0.001 -23"><span class='ocrx_word' id='word_1_45' title='bbox 77 1074 194 1137; x_wconf 79' lang='lat' dir='ltr'>currisse</span> <span class='ocrx_word' id='word_1_46' title='bbox 208 1074 242 1135; x_wconf 88' lang='lat' dir='ltr'>in</span> <span class='ocrx_word' id='word_1_47' title='bbox 256 1087 381 1157; x_wconf 78' lang='lat' dir='ltr'>portum</span> <span class='ocrx_word' id='word_1_48' title='bbox 394 1088 446 1136; x_wconf 87' lang='lat' dir='ltr'>aut</span> <span class='ocrx_word' id='word_1_49' title='bbox 455 1074 537 1137; x_wconf 89' lang='lat' dir='ltr'>littus</span> <span class='ocrx_word' id='word_1_50' title='bbox 554 1098 563 1135; x_wconf 77' lang='lat' dir='ltr'>s</span> <span class='ocrx_word' id='word_1_51' title='bbox 581 1074 651 1138; x_wconf 77' lang='lat' dir='ltr'>«At</span> <span class='ocrx_word' id='word_1_52' title='bbox 664 1097 739 1160; x_wconf 83' lang='lat' dir='ltr'>ego,</span> <span class='ocrx_word' id='word_1_53' title='bbox 757 1076 872 1158; x_wconf 84' lang='lat' dir='ltr'>inquit,</span> <span class='ocrx_word' id='word_1_54' title='bbox 886 1077 917 1137; x_wconf 93' lang='lat' dir='ltr'>in</span> <span class='ocrx_word' id='word_1_55' title='bbox 932 1074 991 1139; x_wconf 88' lang='lat' dir='ltr'>hoc</span> <span class='ocrx_word' id='word_1_56' title='bbox 1003 1075 1139 1136; x_wconf 87' lang='lat' dir='ltr'>omniurn</span> 
     </span>
     <span class='ocr_line' id='line_1_7' title="bbox 77 1181 1142 1266; baseline 0.001 -26"><span class='ocrx_word' id='word_1_57' title='bbox 77 1181 223 1258; x_wconf 75' lang='lat' dir='ltr'>discursu,</span> <span class='ocrx_word' id='word_1_58' title='bbox 237 1201 383 1264; x_wconf 79' lang='lat' dir='ltr'>magnam</span> <span class='ocrx_word' id='word_1_59' title='bbox 396 1201 433 1242; x_wconf 86' lang='lat' dir='ltr'>ex</span> <span class='ocrx_word' id='word_1_60' title='bbox 446 1181 566 1264; x_wconf 77' lang='lat' dir='ltr'>pigritia</span> <span class='ocrx_word' id='word_1_61' title='bbox 577 1201 646 1244; x_wconf 87' lang='lat' dir='ltr'>mea</span> <span class='ocrx_word' id='word_1_62' title='bbox 665 1182 745 1244; x_wconf 85' lang='lat' dir='ltr'>sensi</span> <span class='ocrx_word' id='word_1_63' title='bbox 755 1181 961 1265; x_wconf 84' lang='lat' dir='ltr'>voluptatem,</span> <span class='ocrx_word' id='word_1_64' title='bbox 977 1183 1059 1263; x_wconf 90' lang='lat' dir='ltr'>quod</span> <span class='ocrx_word' id='word_1_65' title='bbox 1072 1181 1142 1266; x_wconf 86' lang='lat' dir='ltr'>epi-</span> 
     </span>
     <span class='ocr_line' id='line_1_8' title="bbox 77 1287 1142 1373; baseline 0 -25"><span class='ocrx_word' id='word_1_66' title='bbox 77 1287 162 1350; x_wconf 86' lang='lat' dir='ltr'>stolas</span> <span class='ocrx_word' id='word_1_67' title='bbox 173 1307 315 1349; x_wconf 88' lang='lat' dir='ltr'>meorum</span> <span class='ocrx_word' id='word_1_68' title='bbox 335 1299 529 1373; x_wconf 82' lang='lat' dir='ltr'>accepturus,</span> <span class='ocrx_word' id='word_1_69' title='bbox 545 1307 606 1349; x_wconf 91' lang='lat' dir='ltr'>non</span> <span class='ocrx_word' id='word_1_70' title='bbox 619 1287 782 1372; x_wconf 80' lang='lat' dir='ltr'>properavi</span> <span class='ocrx_word' id='word_1_71' title='bbox 796 1287 873 1350; x_wconf 88' lang='lat' dir='ltr'>scire</span> <span class='ocrx_word' id='word_1_72' title='bbox 884 1333 893 1365; x_wconf 88' lang='lat'>‚</span> <span class='ocrx_word' id='word_1_73' title='bbox 906 1287 973 1369; x_wconf 88' lang='lat' dir='ltr'>quis</span> <span class='ocrx_word' id='word_1_74' title='bbox 989 1287 1052 1349; x_wconf 91' lang='lat' dir='ltr'>illic</span> <span class='ocrx_word' id='word_1_75' title='bbox 1064 1299 1142 1348; x_wconf 86' lang='lat' dir='ltr'>esset</span> 
     </span>
     <span class='ocr_line' id='line_1_9' title="bbox 76 1391 1141 1478; baseline -0.001 -24"><span class='ocrx_word' id='word_1_76' title='bbox 76 1415 171 1456; x_wconf 87' lang='lat' dir='ltr'>rerum</span> <span class='ocrx_word' id='word_1_77' title='bbox 186 1414 328 1460; x_wconf 81' lang='lat' dir='ltr'>mearum</span> <span class='ocrx_word' id='word_1_78' title='bbox 347 1407 458 1471; x_wconf 85' lang='lat' dir='ltr'>status,</span> <span class='ocrx_word' id='word_1_79' title='bbox 479 1395 551 1476; x_wconf 87' lang='lat' dir='ltr'>quid</span> <span class='ocrx_word' id='word_1_80' title='bbox 564 1393 718 1457; x_wconf 80' lang='lat' dir='ltr'>afferrent</span> <span class='ocrx_word' id='word_1_81' title='bbox 731 1391 818 1456; x_wconf 89' lang='lat' dir='ltr'>Olim</span> <span class='ocrx_word' id='word_1_82' title='bbox 831 1395 893 1478; x_wconf 87' lang='lat' dir='ltr'>jam</span> <span class='ocrx_word' id='word_1_83' title='bbox 908 1415 965 1458; x_wconf 88' lang='lat' dir='ltr'>nec</span> <span class='ocrx_word' id='word_1_84' title='bbox 978 1391 1141 1477; x_wconf 90' lang='lat' dir='ltr'>peritmibi</span> 
     </span>
     <span class='ocr_line' id='line_1_10' title="bbox 76 1496 1142 1585; baseline -0.004 -22"><span class='ocrx_word' id='word_1_85' title='bbox 76 1501 252 1582; x_wconf 81' lang='lat' dir='ltr'>quidquam,</span> <span class='ocrx_word' id='word_1_86' title='bbox 278 1521 335 1564; x_wconf 90' lang='lat' dir='ltr'>nec</span> <span class='ocrx_word' id='word_1_87' title='bbox 352 1501 525 1583; x_wconf 86' lang='lat' dir='ltr'>acquiritur.</span> <span class='ocrx_word' id='word_1_88' title='bbox 549 1527 564 1555; x_wconf 72' lang='lat' dir='ltr'>»a</span> <span class='ocrx_word' id='word_1_89' title='bbox 582 1497 704 1585; x_wconf 87' lang='lat' dir='ltr'>(Epist</span> <span class='ocrx_word' id='word_1_90' title='bbox 728 1501 852 1579; x_wconf 78' lang='lat' dir='ltr'>txvn.)</span> <span class='ocrx_word' id='word_1_91' title='bbox 877 1496 994 1563; x_wconf 86' lang='lat' dir='ltr'>llabuit</span> <span class='ocrx_word' id='word_1_92' title='bbox 1013 1497 1056 1560; x_wconf 93' lang='lat' dir='ltr'>ibi</span> <span class='ocrx_word' id='word_1_93' title='bbox 1071 1517 1142 1561; x_wconf 89' lang='lat' dir='ltr'>suos</span> 
     </span>
     <span class='ocr_line' id='line_1_11' title="bbox 75 1607 1140 1694; baseline -0.001 -26"><span class='ocrx_word' id='word_1_94' title='bbox 75 1612 203 1691; x_wconf 80' lang='lat' dir='ltr'>(nempe</span> <span class='ocrx_word' id='word_1_95' title='bbox 218 1621 358 1685; x_wconf 83' lang='lat' dir='ltr'>actores,</span> <span class='ocrx_word' id='word_1_96' title='bbox 380 1621 431 1670; x_wconf 89' lang='lat' dir='ltr'>aut</span> <span class='ocrx_word' id='word_1_97' title='bbox 446 1615 675 1693; x_wconf 75' lang='lat' dir='ltr'>procuratores)</span> <span class='ocrx_word' id='word_1_98' title='bbox 690 1621 721 1671; x_wconf 91' lang='lat' dir='ltr'>et</span> <span class='ocrx_word' id='word_1_99' title='bbox 733 1630 782 1671; x_wconf 89' lang='lat' dir='ltr'>res</span> <span class='ocrx_word' id='word_1_100' title='bbox 802 1609 866 1693; x_wconf 84' lang='lat' dir='ltr'>ejus</span> <span class='ocrx_word' id='word_1_101' title='bbox 880 1607 1025 1692; x_wconf 83' lang='lat' dir='ltr'>agebatur</span> <span class='ocrx_word' id='word_1_102' title='bbox 1041 1630 1049 1666; x_wconf 76' lang='grc' dir='ltr'><strong>ι</strong></span> <span class='ocrx_word' id='word_1_103' title='bbox 1066 1625 1140 1694; x_wconf 82' lang='lat' dir='ltr'>ergo</span> 
     </span>
     <span class='ocr_line' id='line_1_12' title="bbox 75 1713 1142 1801; baseline 0 -26"><span class='ocrx_word' id='word_1_104' title='bbox 75 1715 240 1797; x_wconf 87' lang='lat' dir='ltr'>inpecunia</span> <span class='ocrx_word' id='word_1_105' title='bbox 254 1714 355 1798; x_wconf 87' lang='lat' dir='ltr'>aliqua</span> <span class='ocrx_word' id='word_1_106' title='bbox 369 1715 496 1799; x_wconf 75' lang='lat' dir='ltr'>grandi,</span> <span class='ocrx_word' id='word_1_107' title='bbox 515 1729 566 1777; x_wconf 86' lang='lat' dir='ltr'>aut</span> <span class='ocrx_word' id='word_1_108' title='bbox 581 1729 611 1778; x_wconf 89' lang='lat' dir='ltr'>et</span> <span class='ocrx_word' id='word_1_109' title='bbox 624 1716 715 1801; x_wconf 82' lang='lat' dir='ltr'>agris.</span> <span class='ocrx_word' id='word_1_110' title='bbox 730 1713 813 1778; x_wconf 86' lang='lat' dir='ltr'>Nam</span> <span class='ocrx_word' id='word_1_111' title='bbox 828 1729 912 1778; x_wconf 87' lang='lat' dir='ltr'>trans</span> <span class='ocrx_word' id='word_1_112' title='bbox 927 1735 1013 1776; x_wconf 84' lang='lat' dir='ltr'>mare</span> <span class='ocrx_word' id='word_1_113' title='bbox 1032 1733 1142 1797; x_wconf 92' lang='lat' dir='ltr'>posse-</span> 
     </span>
     <span class='ocr_line' id='line_1_13' title="bbox 75 1819 1143 1913; baseline -0.001 -30"><span class='ocrx_word' id='word_1_114' title='bbox 75 1823 168 1898; x_wconf 84' lang='lat' dir='ltr'>disse,</span> <span class='ocrx_word' id='word_1_115' title='bbox 183 1833 219 1883; x_wconf 88' lang='lat' dir='ltr'>nt</span> <span class='ocrx_word' id='word_1_116' title='bbox 231 1821 286 1883; x_wconf 88' lang='lat' dir='ltr'>illa</span> <span class='ocrx_word' id='word_1_117' title='bbox 299 1835 371 1884; x_wconf 76' lang='lat' dir='ltr'>aetas</span> <span class='ocrx_word' id='word_1_118' title='bbox 387 1837 417 1885; x_wconf 92' lang='lat' dir='ltr'>et</span> <span class='ocrx_word' id='word_1_119' title='bbox 435 1823 523 1907; x_wconf 87' lang='lat' dir='ltr'>copia</span> <span class='ocrx_word' id='word_1_120' title='bbox 544 1837 629 1896; x_wconf 80' lang='lat' dir='ltr'>erat,</span> <span class='ocrx_word' id='word_1_121' title='bbox 650 1823 726 1885; x_wconf 88' lang='lat' dir='ltr'>nibil</span> <span class='ocrx_word' id='word_1_122' title='bbox 747 1843 870 1886; x_wconf 75' lang='lat' dir='ltr'>nonam.</span> <span class='ocrx_word' id='word_1_123' title='bbox 889 1819 1056 1885; x_wconf 85' lang='lat' dir='ltr'>Enimvero</span> <span class='ocrx_word' id='word_1_124' title='bbox 1078 1819 1143 1913; x_wconf 81' lang='lat' dir='ltr'>Dio</span> 
     </span>
     <span class='ocr_line' id='line_1_14' title="bbox 76 1925 1142 2010; baseline 0.002 -23"><span class='ocrx_word' id='word_1_125' title='bbox 76 1929 148 1990; x_wconf 87' lang='lat' dir='ltr'>inter</span> <span class='ocrx_word' id='word_1_126' title='bbox 172 1949 282 1992; x_wconf 83' lang='lat' dir='ltr'>causas</span> <span class='ocrx_word' id='word_1_127' title='bbox 306 1929 398 1992; x_wconf 85' lang='lat' dir='ltr'>etiam</span> <span class='ocrx_word' id='word_1_128' title='bbox 417 1929 584 1993; x_wconf 78' lang='lat' dir='ltr'>Britannici</span> <span class='ocrx_word' id='word_1_129' title='bbox 606 1929 680 1992; x_wconf 90' lang='lat' dir='ltr'>belli</span> <span class='ocrx_word' id='word_1_130' title='bbox 701 1943 858 2002; x_wconf 79' lang='lat' dir='ltr'>recenset,</span> <span class='ocrx_word' id='word_1_131' title='bbox 879 1931 961 2010; x_wconf 88' lang='lat' dir='ltr'>quod</span> <span class='ocrx_word' id='word_1_132' title='bbox 985 1955 1001 1982; x_wconf 74' lang='grc' dir='ltr'><strong><em>κ</em></strong></span> <span class='ocrx_word' id='word_1_133' title='bbox 1024 1925 1142 1990; x_wconf 78' lang='lat' dir='ltr'>Seneca</span> 
     </span>
     <span class='ocr_line' id='line_1_15' title="bbox 76 2031 1143 2118; baseline -0.005 -22"><span class='ocrx_word' id='word_1_134' title='bbox 76 2055 159 2113; x_wconf 84' lang='lat' dir='ltr'>quum</span> <span class='ocrx_word' id='word_1_135' title='bbox 174 2036 420 2118; x_wconf 78' lang='lat' dir='ltr'>quadringenties</span> <span class='ocrx_word' id='word_1_136' title='bbox 432 2033 518 2098; x_wconf 81' lang='lat' dir='ltr'><strong>HSS.</strong></span> <span class='ocrx_word' id='word_1_137' title='bbox 529 2039 617 2114; x_wconf 90' lang='lat' dir='ltr'>(sunt</span> <span class='ocrx_word' id='word_1_138' title='bbox 636 2035 740 2098; x_wconf 83' lang='lat' dir='ltr'>decies</span> <span class='ocrx_word' id='word_1_139' title='bbox 749 2049 874 2098; x_wconf 86' lang='lat' dir='ltr'>centena</span> <span class='ocrx_word' id='word_1_140' title='bbox 887 2033 984 2096; x_wconf 86' lang='lat' dir='ltr'>millia</span> <span class='ocrx_word' id='word_1_141' title='bbox 993 2031 1143 2116; x_wconf 84' lang='lat' dir='ltr'>Philippi-</span> 
     </span>
     <span class='ocr_line' id='line_1_16' title="bbox 76 2137 1141 2227; baseline -0.003 -26"><span class='ocrx_word' id='word_1_142' title='bbox 76 2144 194 2220; x_wconf 88' lang='lat' dir='ltr'>oorum)</span> <span class='ocrx_word' id='word_1_143' title='bbox 216 2162 330 2225; x_wconf 79' lang='lat' dir='ltr'>magno</span> <span class='ocrx_word' id='word_1_144' title='bbox 350 2141 461 2204; x_wconf 76' lang='lat' dir='ltr'>faenore</span> <span class='ocrx_word' id='word_1_145' title='bbox 480 2141 634 2204; x_wconf 87' lang='lat' dir='ltr'>Britannis</span> <span class='ocrx_word' id='word_1_146' title='bbox 652 2141 844 2227; x_wconf 79' lang='lat' dir='ltr'>credidisset,</span> <span class='ocrx_word' id='word_1_147' title='bbox 868 2137 1141 2202; x_wconf 76' lang='lat' dir='ltr'>universam&#39;illam</span> 
     </span>
     <span class='ocr_line' id='line_1_17' title="bbox 77 2244 1132 2331; baseline -0.002 -25"><span class='ocrx_word' id='word_1_148' title='bbox 77 2247 230 2325; x_wconf 84' lang='lat' dir='ltr'>pecuniam</span> <span class='ocrx_word' id='word_1_149' title='bbox 243 2267 307 2308; x_wconf 88' lang='lat' dir='ltr'>uno</span> <span class='ocrx_word' id='word_1_150' title='bbox 316 2260 455 2330; x_wconf 88' lang='lat' dir='ltr'>tempore</span> <span class='ocrx_word' id='word_1_151' title='bbox 465 2248 633 2331; x_wconf 85' lang='lat' dir='ltr'>repetebat.</span> <span class='ocrx_word' id='word_1_152' title='bbox 639 2247 711 2310; x_wconf 84' lang='lat' dir='ltr'>»An</span> <span class='ocrx_word' id='word_1_153' title='bbox 722 2269 758 2310; x_wconf 85' lang='lat' dir='ltr'>ve</span> <span class='ocrx_word' id='word_1_154' title='bbox 763 2269 796 2309; x_wconf 90' lang='lat' dir='ltr'>re</span> <span class='ocrx_word' id='word_1_155' title='bbox 806 2247 875 2320; x_wconf 83' lang='lat' dir='ltr'>boc,</span> <span class='ocrx_word' id='word_1_156' title='bbox 884 2247 987 2309; x_wconf 89' lang='lat' dir='ltr'>nescio</span> <span class='ocrx_word' id='word_1_157' title='bbox 1000 2269 1008 2305; x_wconf 76' lang='grc' dir='ltr'><strong>ι</strong></span> <span class='ocrx_word' id='word_1_158' title='bbox 1022 2244 1132 2326; x_wconf 90' lang='lat' dir='ltr'>ubique</span> 
     </span>
     <span class='ocr_line' id='line_1_18' title="bbox 75 2353 1142 2439; baseline -0.002 -26"><span class='ocrx_word' id='word_1_159' title='bbox 75 2354 151 2415; x_wconf 87' lang='lat' dir='ltr'>euim</span> <span class='ocrx_word' id='word_1_160' title='bbox 163 2353 319 2431; x_wconf 80' lang='lat' dir='ltr'>infensos,</span> <span class='ocrx_word' id='word_1_161' title='bbox 335 2368 365 2417; x_wconf 88' lang='lat' dir='ltr'>et</span> <span class='ocrx_word' id='word_1_162' title='bbox 380 2377 419 2417; x_wconf 89' lang='lat' dir='ltr'>ex</span> <span class='ocrx_word' id='word_1_163' title='bbox 432 2354 570 2439; x_wconf 75' lang='lat' dir='ltr'>professo</span> <span class='ocrx_word' id='word_1_164' title='bbox 585 2355 697 2432; x_wconf 81' lang='lat' dir='ltr'>bostis,</span> <span class='ocrx_word' id='word_1_165' title='bbox 715 2368 761 2418; x_wconf 89' lang='lat' dir='ltr'>est</span> <span class='ocrx_word' id='word_1_166' title='bbox 774 2367 879 2417; x_wconf 90' lang='lat' dir='ltr'>nostro</span> <span class='ocrx_word' id='word_1_167' title='bbox 895 2375 903 2426; x_wconf 87' lang='lat'><strong>;</strong></span> <span class='ocrx_word' id='word_1_168' title='bbox 919 2367 1021 2417; x_wconf 89' lang='lat' dir='ltr'>tamen</span> <span class='ocrx_word' id='word_1_169' title='bbox 1035 2372 1054 2413; x_wconf 86' lang='lat' dir='ltr'>a</span> <span class='ocrx_word' id='word_1_170' title='bbox 1067 2369 1142 2413; x_wconf 82' lang='lat' dir='ltr'>vero</span> 
     </span>
     <span class='ocr_line' id='line_1_19' title="bbox 75 2457 1179 2545; baseline -0.002 -27"><span class='ocrx_word' id='word_1_171' title='bbox 75 2479 131 2520; x_wconf 88' lang='lat' dir='ltr'>non</span> <span class='ocrx_word' id='word_1_172' title='bbox 145 2461 230 2535; x_wconf 81' lang='lat' dir='ltr'>abit,</span> <span class='ocrx_word' id='word_1_173' title='bbox 247 2461 342 2524; x_wconf 89' lang='lat' dir='ltr'>etiam</span> <span class='ocrx_word' id='word_1_174' title='bbox 361 2460 425 2523; x_wconf 89' lang='lat' dir='ltr'>illic</span> <span class='ocrx_word' id='word_1_175' title='bbox 437 2461 596 2545; x_wconf 75' lang='lat' dir='ltr'>pecuniam</span> <span class='ocrx_word' id='word_1_176' title='bbox 615 2459 766 2544; x_wconf 85' lang='lat' dir='ltr'>babuisse.</span> <span class='ocrx_word' id='word_1_177' title='bbox 786 2457 869 2542; x_wconf 83' lang='lat' dir='ltr'>Quid</span> <span class='ocrx_word' id='word_1_178' title='bbox 880 2461 944 2543; x_wconf 80' lang='lat' dir='ltr'>jam</span> <span class='ocrx_word' id='word_1_179' title='bbox 968 2459 1095 2533; x_wconf 89' lang='lat' dir='ltr'>hortos,</span> <span class='ocrx_word' id='word_1_180' title='bbox 1112 2467 1143 2520; x_wconf 89' lang='lat' dir='ltr'>et</span> <span class='ocrx_word' id='word_1_181' title='bbox 1174 2477 1179 2484; x_wconf 90' lang='lat'><strong>·</strong></span> 
     </span>
     <span class='ocr_line' id='line_1_20' title="bbox 74 2557 1116 2652; baseline -0.004 -28"><span class='ocrx_word' id='word_1_182' title='bbox 74 2565 155 2628; x_wconf 78' lang='lat' dir='ltr'>villas</span> <span class='ocrx_word' id='word_1_183' title='bbox 166 2567 180 2628; x_wconf 88' lang='lat'>?</span> <span class='ocrx_word' id='word_1_184' title='bbox 190 2567 297 2652; x_wconf 91' lang='lat' dir='ltr'>plures</span> <span class='ocrx_word' id='word_1_185' title='bbox 306 2565 413 2628; x_wconf 88' lang='lat' dir='ltr'>babuit</span> <span class='ocrx_word' id='word_1_186' title='bbox 424 2612 433 2643; x_wconf 84' lang='lat'><strong>‚</strong></span> <span class='ocrx_word' id='word_1_187' title='bbox 445 2579 554 2630; x_wconf 83' lang='lat' dir='ltr'>etcum</span> <span class='ocrx_word' id='word_1_188' title='bbox 564 2557 649 2629; x_wconf 67' lang='lat' dir='ltr'>nario</span> <span class='ocrx_word' id='word_1_189' title='bbox 664 2568 819 2630; x_wconf 87' lang='lat' dir='ltr'>instructo.</span> <span class='ocrx_word' id='word_1_190' title='bbox 831 2564 990 2629; x_wconf 80' lang='lat' dir='ltr'>Juvenalis</span> <span class='ocrx_word' id='word_1_191' title='bbox 1000 2563 1096 2646; x_wconf 84' lang='lat' dir='ltr'>attigit</span> <span class='ocrx_word' id='word_1_192' title='bbox 1109 2585 1116 2619; x_wconf 74' lang='grc' dir='ltr'><strong>ε</strong></span> 
     </span>
    </p>
   </div>
   <div class='ocr_carea' id='block_1_3' title="bbox 273 2698 793 2774">
    <p class='ocr_par' dir='ltr' id='par_1_3' title="bbox 273 2698 793 2774">
     <span class='ocr_line' id='line_1_21' title="bbox 273 2698 793 2774; baseline 0 -24"><span class='ocrx_word' id='word_1_193' title='bbox 273 2735 297 2752; x_wconf 89' lang='grc'>..</span> <span class='ocrx_word' id='word_1_194' title='bbox 432 2699 536 2756; x_wconf 76' lang='lat' dir='ltr'>Senecae</span> <span class='ocrx_word' id='word_1_195' title='bbox 549 2699 689 2774; x_wconf 69' lang='lat' dir='ltr'>predivitis</span> <span class='ocrx_word' id='word_1_196' title='bbox 699 2698 793 2754; x_wconf 80' lang='lat' dir='ltr'>bertus.</span> 
     </span>
    </p>
   </div>
   <div class='ocr_carea' id='block_1_4' title="bbox 69 2814 1145 4274">
    <p class='ocr_par' dir='ltr' id='par_1_4' title="bbox 69 2814 1145 4274">
     <span class='ocr_line' id='line_1_22' title="bbox 73 2814 1142 2900; baseline -0.001 -22"><span class='ocrx_word' id='word_1_197' title='bbox 73 2814 131 2878; x_wconf 87' lang='lat' dir='ltr'>Sed</span> <span class='ocrx_word' id='word_1_198' title='bbox 144 2831 175 2880; x_wconf 89' lang='lat' dir='ltr'>et</span> <span class='ocrx_word' id='word_1_199' title='bbox 192 2817 260 2900; x_wconf 85' lang='lat' dir='ltr'>ipse</span> <span class='ocrx_word' id='word_1_200' title='bbox 276 2816 364 2880; x_wconf 82' lang='lat' dir='ltr'>villas</span> <span class='ocrx_word' id='word_1_201' title='bbox 377 2835 447 2880; x_wconf 88' lang='lat' dir='ltr'>suas</span> <span class='ocrx_word' id='word_1_202' title='bbox 460 2829 681 2881; x_wconf 86' lang='lat' dir='ltr'>commemorat</span> <span class='ocrx_word' id='word_1_203' title='bbox 698 2815 947 2893; x_wconf 70' lang='lat' dir='ltr'>Nomentanam,</span> <span class='ocrx_word' id='word_1_204' title='bbox 964 2814 1118 2878; x_wconf 83' lang='lat' dir='ltr'>Albanam</span> <span class='ocrx_word' id='word_1_205' title='bbox 1133 2861 1142 2888; x_wconf 80' lang='grc'><em>,</em></span> 
     </span>
     <span class='ocr_line' id='line_1_23' title="bbox 71 2919 1140 3006; baseline 0.003 -26"><span class='ocrx_word' id='word_1_206' title='bbox 71 2921 201 3005; x_wconf 84' lang='lat' dir='ltr'>itemque</span> <span class='ocrx_word' id='word_1_207' title='bbox 214 2921 367 2984; x_wconf 84' lang='lat' dir='ltr'>Raianam</span> <span class='ocrx_word' id='word_1_208' title='bbox 382 2946 389 2981; x_wconf 78' lang='grc' dir='ltr'><em>ι</em></span> <span class='ocrx_word' id='word_1_209' title='bbox 403 2935 434 2984; x_wconf 88' lang='lat' dir='ltr'>et</span> <span class='ocrx_word' id='word_1_210' title='bbox 443 2921 549 2984; x_wconf 82' lang='lat' dir='ltr'>babuit</span> <span class='ocrx_word' id='word_1_211' title='bbox 560 2943 633 2984; x_wconf 85' lang='lat' dir='ltr'>sane</span> <span class='ocrx_word' id='word_1_212' title='bbox 640 2922 752 3006; x_wconf 88' lang='lat' dir='ltr'>plnres.</span> <span class='ocrx_word' id='word_1_213' title='bbox 763 2919 826 2988; x_wconf 89' lang='lat' dir='ltr'>Sed</span> <span class='ocrx_word' id='word_1_214' title='bbox 836 2935 867 2984; x_wconf 90' lang='lat' dir='ltr'>et</span> <span class='ocrx_word' id='word_1_215' title='bbox 875 2924 1000 2984; x_wconf 90' lang='lat' dir='ltr'>domum</span> <span class='ocrx_word' id='word_1_216' title='bbox 1010 2921 1041 2982; x_wconf 93' lang='lat' dir='ltr'>in</span> <span class='ocrx_word' id='word_1_217' title='bbox 1054 2921 1140 2997; x_wconf 83' lang='lat' dir='ltr'>urbe,</span> 
     </span>
     <span class='ocr_line' id='line_1_24' title="bbox 69 3025 1141 3112; baseline -0.002 -22"><span class='ocrx_word' id='word_1_218' title='bbox 69 3049 133 3108; x_wconf 81' lang='lat' dir='ltr'>qnae</span> <span class='ocrx_word' id='word_1_219' title='bbox 145 3049 260 3090; x_wconf 88' lang='lat' dir='ltr'>nomen</span> <span class='ocrx_word' id='word_1_220' title='bbox 277 3030 355 3112; x_wconf 87' lang='lat' dir='ltr'>apud</span> <span class='ocrx_word' id='word_1_221' title='bbox 371 3041 510 3110; x_wconf 85' lang='lat' dir='ltr'>posteros</span> <span class='ocrx_word' id='word_1_222' title='bbox 524 3028 639 3109; x_wconf 67' lang='lat' dir='ltr'>tenuit:</span> <span class='ocrx_word' id='word_1_223' title='bbox 656 3028 794 3109; x_wconf 81' lang='lat' dir='ltr'>locatque</span> <span class='ocrx_word' id='word_1_224' title='bbox 808 3025 931 3092; x_wconf 81' lang='lat' dir='ltr'>Senecae</span> <span class='ocrx_word' id='word_1_225' title='bbox 944 3030 1088 3103; x_wconf 81' lang='lat' dir='ltr'>dommo,</span> <span class='ocrx_word' id='word_1_226' title='bbox 1110 3026 1141 3088; x_wconf 90' lang='lat' dir='ltr'>in</span> 
     </span>
     <span class='ocr_line' id='line_1_25' title="bbox 70 3125 1143 3218; baseline -0.002 -22"><span class='ocrx_word' id='word_1_227' title='bbox 70 3135 194 3218; x_wconf 80' lang='lat' dir='ltr'>regione</span> <span class='ocrx_word' id='word_1_228' title='bbox 211 3153 244 3196; x_wconf 80' lang='lat' dir='ltr'>x.</span> <span class='ocrx_word' id='word_1_229' title='bbox 260 3131 297 3199; x_wconf 87' lang='lat' dir='ltr'>P.</span> <span class='ocrx_word' id='word_1_230' title='bbox 316 3132 435 3197; x_wconf 87' lang='lat' dir='ltr'>Victor.</span> <span class='ocrx_word' id='word_1_231' title='bbox 455 3131 531 3196; x_wconf 84' lang='lat' dir='ltr'>Jam</span> <span class='ocrx_word' id='word_1_232' title='bbox 550 3147 581 3196; x_wconf 91' lang='lat' dir='ltr'>et</span> <span class='ocrx_word' id='word_1_233' title='bbox 599 3133 734 3216; x_wconf 78' lang='lat' dir='ltr'>supellex</span> <span class='ocrx_word' id='word_1_234' title='bbox 754 3133 901 3196; x_wconf 85' lang='lat' dir='ltr'>invidiam</span> <span class='ocrx_word' id='word_1_235' title='bbox 917 3125 1043 3208; x_wconf 80' lang='lat' dir='ltr'>habuit,</span> <span class='ocrx_word' id='word_1_236' title='bbox 1068 3133 1143 3216; x_wconf 79' lang='lat' dir='ltr'>obji-</span> 
     </span>
     <span class='ocr_line' id='line_1_26' title="bbox 70 3238 1143 3326; baseline 0 -24"><span class='ocrx_word' id='word_1_237' title='bbox 70 3244 168 3324; x_wconf 84' lang='lat' dir='ltr'>citque</span> <span class='ocrx_word' id='word_1_238' title='bbox 187 3241 253 3306; x_wconf 89' lang='lat' dir='ltr'>Dio</span> <span class='ocrx_word' id='word_1_239' title='bbox 281 3265 290 3302; x_wconf 85' lang='lat'>:</span> <span class='ocrx_word' id='word_1_240' title='bbox 318 3269 334 3296; x_wconf 73' lang='grc' dir='ltr'><em>α</em></span> <span class='ocrx_word' id='word_1_241' title='bbox 358 3238 547 3326; x_wconf 77' lang='lat' dir='ltr'>Quingeutas</span> <span class='ocrx_word' id='word_1_242' title='bbox 576 3261 698 3306; x_wconf 86' lang='lat' dir='ltr'>mensas</span> <span class='ocrx_word' id='word_1_243' title='bbox 719 3263 737 3303; x_wconf 90' lang='lat' dir='ltr'>e</span> <span class='ocrx_word' id='word_1_244' title='bbox 759 3243 872 3313; x_wconf 78' lang='lat' dir='ltr'>cedro,</span> <span class='ocrx_word' id='word_1_245' title='bbox 903 3263 972 3304; x_wconf 86' lang='lat' dir='ltr'>cum</span> <span class='ocrx_word' id='word_1_246' title='bbox 1002 3241 1143 3303; x_wconf 84' lang='lat' dir='ltr'>eburneis</span> 
     </span>
     <span class='ocr_line' id='line_1_27' title="bbox 69 3346 1143 3438; baseline -0.005 -25"><span class='ocrx_word' id='word_1_247' title='bbox 69 3349 218 3431; x_wconf 79' lang='lat' dir='ltr'>pedibus,</span> <span class='ocrx_word' id='word_1_248' title='bbox 231 3348 348 3411; x_wconf 86' lang='lat' dir='ltr'>similes</span> <span class='ocrx_word' id='word_1_249' title='bbox 366 3368 474 3410; x_wconf 89' lang='lat' dir='ltr'>omnes</span> <span class='ocrx_word' id='word_1_250' title='bbox 492 3361 523 3409; x_wconf 90' lang='lat' dir='ltr'>et</span> <span class='ocrx_word' id='word_1_251' title='bbox 540 3346 683 3438; x_wconf 76' lang='lat' dir='ltr'>aequales.¹</span> <span class='ocrx_word' id='word_1_252' title='bbox 701 3375 716 3401; x_wconf 76' lang='lat' dir='ltr'>n</span> <span class='ocrx_word' id='word_1_253' title='bbox 734 3347 882 3432; x_wconf 86' lang='lat' dir='ltr'>Magnum</span> <span class='ocrx_word' id='word_1_254' title='bbox 894 3348 954 3411; x_wconf 92' lang='lat' dir='ltr'>boc</span> <span class='ocrx_word' id='word_1_255' title='bbox 964 3347 1035 3421; x_wconf 76' lang='lat' dir='ltr'>snit,</span> <span class='ocrx_word' id='word_1_256' title='bbox 1051 3347 1076 3409; x_wconf 92' lang='lat' dir='ltr'>si</span> <span class='ocrx_word' id='word_1_257' title='bbox 1093 3368 1143 3409; x_wconf 83' lang='lat' dir='ltr'>ve-</span> 
     </span>
     <span class='ocr_line' id='line_1_28' title="bbox 70 3451 1140 3538; baseline -0.005 -19"><span class='ocrx_word' id='word_1_258' title='bbox 70 3479 134 3519; x_wconf 84' lang='lat' dir='ltr'>rom</span> <span class='ocrx_word' id='word_1_259' title='bbox 149 3461 244 3536; x_wconf 85' lang='lat' dir='ltr'>(nam</span> <span class='ocrx_word' id='word_1_260' title='bbox 266 3456 307 3517; x_wconf 84' lang='lat' dir='ltr'>ita</span> <span class='ocrx_word' id='word_1_261' title='bbox 325 3476 445 3538; x_wconf 91' lang='lat' dir='ltr'>semper</span> <span class='ocrx_word' id='word_1_262' title='bbox 459 3453 491 3514; x_wconf 92' lang='lat' dir='ltr'>in</span> <span class='ocrx_word' id='word_1_263' title='bbox 504 3451 615 3516; x_wconf 85' lang='lat' dir='ltr'>Dionis</span> <span class='ocrx_word' id='word_1_264' title='bbox 632 3453 850 3536; x_wconf 83' lang='lat' dir='ltr'>objectionibus</span> <span class='ocrx_word' id='word_1_265' title='bbox 860 3458 1026 3518; x_wconf 87' lang='lat' dir='ltr'>cavendum</span> <span class='ocrx_word' id='word_1_266' title='bbox 1047 3455 1140 3531; x_wconf 83' lang='lat' dir='ltr'>est):</span> 
     </span>
     <span class='ocr_line' id='line_1_29' title="bbox 70 3559 1142 3647; baseline -0.005 -21"><span class='ocrx_word' id='word_1_267' title='bbox 70 3585 238 3647; x_wconf 75' lang='lat' dir='ltr'>ongum,</span> <span class='ocrx_word' id='word_1_268' title='bbox 257 3574 303 3623; x_wconf 93' lang='lat' dir='ltr'>tot</span> <span class='ocrx_word' id='word_1_269' title='bbox 319 3561 387 3624; x_wconf 87' lang='lat' dir='ltr'>illas</span> <span class='ocrx_word' id='word_1_270' title='bbox 403 3581 525 3626; x_wconf 64' lang='lat' dir='ltr'>menno</span> <span class='ocrx_word' id='word_1_271' title='bbox 544 3559 705 3637; x_wconf 84' lang='lat' dir='ltr'>habuisse,</span> <span class='ocrx_word' id='word_1_272' title='bbox 721 3581 849 3642; x_wconf 79' lang='lat' dir='ltr'>qtrarum</span> <span class='ocrx_word' id='word_1_273' title='bbox 862 3582 924 3623; x_wconf 84' lang='lat' dir='ltr'>una</span> <span class='ocrx_word' id='word_1_274' title='bbox 936 3561 1036 3642; x_wconf 84' lang='lat' dir='ltr'>aliqua</span> <span class='ocrx_word' id='word_1_275' title='bbox 1047 3560 1142 3622; x_wconf 81' lang='lat' dir='ltr'>taxari</span> 
     </span>
     <span class='ocr_line' id='line_1_30' title="bbox 69 3663 1143 3733; baseline -0.004 -1"><span class='ocrx_word' id='word_1_276' title='bbox 69 3671 116 3732; x_wconf 80' lang='lat' dir='ltr'>rel</span> <span class='ocrx_word' id='word_1_277' title='bbox 138 3669 295 3733; x_wconf 81' lang='lat' dir='ltr'>latil&#39;rmdii</span> <span class='ocrx_word' id='word_1_278' title='bbox 312 3668 509 3730; x_wconf 76' lang='lat' dir='ltr'>aestimatione</span> <span class='ocrx_word' id='word_1_279' title='bbox 523 3665 609 3728; x_wconf 85' lang='lat' dir='ltr'>solet</span> <span class='ocrx_word' id='word_1_280' title='bbox 631 3663 692 3730; x_wconf 86' lang='lat' dir='ltr'>Sed</span> <span class='ocrx_word' id='word_1_281' title='bbox 711 3687 773 3728; x_wconf 92' lang='lat' dir='ltr'>non</span> <span class='ocrx_word' id='word_1_282' title='bbox 792 3677 855 3728; x_wconf 88' lang='lat' dir='ltr'>tam</span> <span class='ocrx_word' id='word_1_283' title='bbox 872 3667 965 3730; x_wconf 87' lang='lat' dir='ltr'>lectas</span> <span class='ocrx_word' id='word_1_284' title='bbox 987 3679 1039 3728; x_wconf 86' lang='lat' dir='ltr'>aut</span> <span class='ocrx_word' id='word_1_285' title='bbox 1055 3687 1143 3728; x_wconf 84' lang='lat' dir='ltr'>raras</span> 
     </span>
     <span class='ocr_line' id='line_1_31' title="bbox 69 3770 1141 3858; baseline -0.001 -22"><span class='ocrx_word' id='word_1_286' title='bbox 69 3777 159 3840; x_wconf 84' lang='lat' dir='ltr'>luisse</span> <span class='ocrx_word' id='word_1_287' title='bbox 178 3777 238 3838; x_wconf 87' lang='lat' dir='ltr'>bas</span> <span class='ocrx_word' id='word_1_288' title='bbox 262 3788 384 3858; x_wconf 90' lang='lat' dir='ltr'>oportet</span> <span class='ocrx_word' id='word_1_289' title='bbox 408 3798 416 3832; x_wconf 74' lang='grc' dir='ltr'><strong>ι</strong></span> <span class='ocrx_word' id='word_1_290' title='bbox 441 3770 557 3854; x_wconf 91' lang='lat' dir='ltr'>quidsi</span> <span class='ocrx_word' id='word_1_291' title='bbox 578 3781 636 3838; x_wconf 86' lang='lat' dir='ltr'>nec</span> <span class='ocrx_word' id='word_1_292' title='bbox 656 3773 770 3836; x_wconf 75' lang='lat' dir='ltr'>scrisse?</span> <span class='ocrx_word' id='word_1_293' title='bbox 800 3772 894 3845; x_wconf 83' lang='lat' dir='ltr'>Non,</span> <span class='ocrx_word' id='word_1_294' title='bbox 923 3773 994 3854; x_wconf 89' lang='lat' dir='ltr'>quin</span> <span class='ocrx_word' id='word_1_295' title='bbox 1025 3775 1141 3852; x_wconf 78' lang='lat' dir='ltr'>moris,</span> 
     </span>
     <span class='ocr_line' id='line_1_32' title="bbox 70 3878 1145 3968; baseline -0.001 -24"><span class='ocrx_word' id='word_1_296' title='bbox 70 3885 157 3946; x_wconf 86' lang='lat' dir='ltr'>lautis</span> <span class='ocrx_word' id='word_1_297' title='bbox 177 3897 211 3946; x_wconf 86' lang='lat' dir='ltr'>et</span> <span class='ocrx_word' id='word_1_298' title='bbox 228 3881 390 3944; x_wconf 88' lang='lat' dir='ltr'>luxuriosis</span> <span class='ocrx_word' id='word_1_299' title='bbox 407 3880 542 3952; x_wconf 85' lang='lat' dir='ltr'>babere;</span> <span class='ocrx_word' id='word_1_300' title='bbox 568 3880 609 3946; x_wconf 88' lang='lat' dir='ltr'>ita</span> <span class='ocrx_word' id='word_1_301' title='bbox 632 3880 713 3962; x_wconf 84' lang='lat' dir='ltr'>enirn</span> <span class='ocrx_word' id='word_1_302' title='bbox 733 3893 763 3944; x_wconf 90' lang='lat' dir='ltr'>et</span> <span class='ocrx_word' id='word_1_303' title='bbox 778 3878 929 3942; x_wconf 86' lang='lat' dir='ltr'>Martialis</span> <span class='ocrx_word' id='word_1_304' title='bbox 955 3881 992 3941; x_wconf 91' lang='lat' dir='ltr'>de</span> <span class='ocrx_word' id='word_1_305' title='bbox 1014 3883 1145 3968; x_wconf 87' lang='lat' dir='ltr'>quodam</span> 
     </span>
     <span class='ocr_line' id='line_1_33' title="bbox 70 3986 507 4072; baseline -0.016 -20"><span class='ocrx_word' id='word_1_306' title='bbox 70 3989 151 4067; x_wconf 60' lang='lat' dir='ltr'>{Lib</span> <span class='ocrx_word' id='word_1_307' title='bbox 170 3986 507 4072; x_wconf 74' lang='lat' dir='ltr'>1X‚Epigr.xx1n)=</span> 
     </span>
     <span class='ocr_line' id='line_1_34' title="bbox 238 4113 906 4188; baseline -0.003 -18"><span class='ocrx_word' id='word_1_308' title='bbox 238 4117 272 4170; x_wconf 83' lang='lat' dir='ltr'>Et</span> <span class='ocrx_word' id='word_1_309' title='bbox 287 4115 376 4170; x_wconf 76' lang='lat' dir='ltr'>ttssri</span> <span class='ocrx_word' id='word_1_310' title='bbox 392 4113 494 4188; x_wconf 74' lang='lat' dir='ltr'>Libyeis</span> <span class='ocrx_word' id='word_1_311' title='bbox 503 4123 607 4168; x_wconf 84' lang='lat' dir='ltr'>centum</span> <span class='ocrx_word' id='word_1_312' title='bbox 618 4127 683 4167; x_wconf 76' lang='lat' dir='ltr'>suut</span> <span class='ocrx_word' id='word_1_313' title='bbox 693 4113 810 4167; x_wconf 78' lang='lat' dir='ltr'>dentibus</span> <span class='ocrx_word' id='word_1_314' title='bbox 819 4114 906 4182; x_wconf 83' lang='lat' dir='ltr'>orbes,</span> 
     </span>
     <span class='ocr_line' id='line_1_35' title="bbox 290 4205 820 4274; baseline -0.004 -14"><span class='ocrx_word' id='word_1_315' title='bbox 290 4208 325 4260; x_wconf 81' lang='lat' dir='ltr'>Et</span> <span class='ocrx_word' id='word_1_316' title='bbox 336 4217 424 4274; x_wconf 83' lang='lat' dir='ltr'>erepat</span> <span class='ocrx_word' id='word_1_317' title='bbox 433 4205 460 4258; x_wconf 87' lang='lat' dir='ltr'>in</span> <span class='ocrx_word' id='word_1_318' title='bbox 472 4205 562 4259; x_wconf 79' lang='lat' dir='ltr'>nostris</span> <span class='ocrx_word' id='word_1_319' title='bbox 571 4225 646 4260; x_wconf 76' lang='lat' dir='ltr'>auree</span> <span class='ocrx_word' id='word_1_320' title='bbox 655 4205 741 4260; x_wconf 81' lang='lat' dir='ltr'>lamna</span> <span class='ocrx_word' id='word_1_321' title='bbox 752 4206 820 4260; x_wconf 84' lang='lat' dir='ltr'>toris.</span> 
     </span>
    </p>
   </div>
   <div class='ocr_carea' id='block_1_5' title="bbox 72 4323 1147 4412">
    <p class='ocr_par' dir='ltr' id='par_1_5' title="bbox 72 4323 1147 4412">
     <span class='ocr_line' id='line_1_36' title="bbox 72 4323 1147 4412; baseline -0.006 -22"><span class='ocrx_word' id='word_1_322' title='bbox 72 4329 153 4392; x_wconf 74' lang='lat' dir='ltr'>Nam</span> <span class='ocrx_word' id='word_1_323' title='bbox 171 4328 206 4392; x_wconf 86' lang='lat' dir='ltr'>in</span> <span class='ocrx_word' id='word_1_324' title='bbox 225 4325 347 4412; x_wconf 81' lang='lat' dir='ltr'>magnis</span> <span class='ocrx_word' id='word_1_325' title='bbox 367 4323 538 4400; x_wconf 47' lang='lat' dir='ltr'>conviviiss</span> <span class='ocrx_word' id='word_1_326' title='bbox 550 4323 674 4407; x_wconf 77' lang='lat' dir='ltr'>singulis</span> <span class='ocrx_word' id='word_1_327' title='bbox 694 4343 762 4388; x_wconf 83' lang='lat' dir='ltr'>snas</span> <span class='ocrx_word' id='word_1_328' title='bbox 782 4345 902 4388; x_wconf 85' lang='lat' dir='ltr'>mensas</span> <span class='ocrx_word' id='word_1_329' title='bbox 924 4324 1147 4408; x_wconf 84' lang='lat' dir='ltr'>anteponebant</span> 
     </span>
    </p>
   </div>
   <div class='ocr_carea' id='block_1_6' title="bbox 0 0 1470 4956">
    <p class='ocr_par' dir='ltr' id='par_1_6' title="bbox 0 0 1470 4956">
     <span class='ocr_line' id='line_1_37' title="bbox 0 0 1470 4956; baseline 0 1"><span class='ocrx_word' id='word_1_330' title='bbox 0 0 1470 4956; x_wconf 95' lang='lat' dir='ltr'> </span> 
     </span>
    </p>
   </div>
  </div>
 </body>
</html>
