2930 4956
277 515 547 584 JUDICIUM
569 513 744 582 SUPER
768 513 982 583 SENECA.
1050 519 1162 601 xxxvij

99 658 211 720 lortiter
231 679 239 714 τ
263 683 279 710 α
295 655 447 740 Desipere
461 658 598 721 videntur
612 657 664 739 qui
683 677 745 720 non
762 671 942 719 venerantur
964 677 1050 733 eum,
1074 678 1166 738 quem

96 762 305 846 Apostolicam
325 762 562 826 familiaritatem
585 764 732 826 meruisse
753 759 877 826 constat.
894 791 909 816 o
925 761 1029 844 ltaque
1039 763 1166 845 rejicere

96 869 150 932 boc
164 882 263 932 totum
277 882 309 930 et
326 869 444 932 calcare
464 890 526 930 non
541 870 642 932 ausim
661 893 668 928 ε
685 869 796 932 fuerint
810 869 937 950 aliqum,
961 870 1014 930 sed
1034 855 1099 930 alia}
1117 893 1125 928 ι
1141 869 1166 932 si

95 976 173 1053 istae,
196 975 322 1056 requiro
334 975 480 1057 judicium
495 976 679 1060 optimorum
696 973 830 1038 Patmm.
842 972 904 1038 Sed
920 975 993 1056 quid
1007 975 1059 1037 alii
1073 975 1171 1038 etiam'

94 1083 130 1144 de
143 1080 262 1146 Seneca
275 1127 284 1159 ,
300 1081 467 1145 videamus.

442 1371 816 1478 JUDICIUM

145 1594 314 1670 sueno
340 1593 556 1668 soncos
582 1594 825 1691 ntosoua
851 1592 1107 1668 semotus.

437 1791 493 1854 (ex
509 1802 621 1841 sonan
639 1804 663 1842 s.
680 1791 816 1856 aromo.)

484 1955 772 1986 *—

131 2098 235 2161 Vtut—:o
247 2102 327 2162 iuter
339 2115 477 2178 veteres,
493 2099 555 2163 ¹tres
568 2101 658 2164 luisse
671 2102 722 2183 qui
738 2100 886 2165 Senecam
901 2125 936 2164 ex
948 2103 1085 2185 professo
1099 2105 1161 2169 cul-

90 2219 211 2286 parunt,
225 2203 422 2290 ,Caligulam
440 2205 571 2269 Fabium
589 2205 844 2288 Quinctilianum,
862 2207 975 2269 Aulum
990 2207 1125 2274 Gellium
1149 2236 1157 2270 ε

92 2333 148 2392 qua
161 2334 269 2391 eausa,
285 2327 337 2375 aut
350 2313 427 2390 fine,
447 2315 611 2376 videamus.
625 2311 676 2374 De
690 2311 829 2397 Caligula
841 2311 1029 2400 ,Suetonius
1049 2341 1056 2376 ε

129 2445 148 2475 a
162 2417 278 2482 leuius
302 2422 510 2504 comptiusque
527 2421 677 2484 scribendi
693 2442 786 2504 genus
807 2423 884 2483 adeo
906 2424 1100 2507 contempsit,
1128 2437 1160 2486 ut

89 2521 252 2603 Senecam,
264 2539 329 2588 tum
337 2526 469 2587 maxime
478 2526 666 2609 placentem,
675 2523 914 2590 Commissioncs
924 2549 1024 2591 meras
1035 2550 1161 2614 compo

87 2653 219 2713 ponere,
237 2645 269 2694 et
280 2631 417 2696 Arenam
431 2654 497 2695 esse
511 2633 576 2695 siue
589 2633 688 2709 calce,
705 2632 829 2695 diceret.
849 2661 864 2687 ιι
881 2631 971 2718 (Cap.
987 2633 1051 2712 ⁵3.)

128 2735 274 2824 Caligula
300 2738 359 2802 hoc
377 2740 520 2823 judicium
541 2753 587 2801 est
610 2766 617 2799 =
642 2760 751 2822 nempe
774 2739 873 2818 illius,
899 2743 950 2822 qui
977 2764 993 2798 s
1016 2742 1157 2825 cogitavit

86 2844 177 2906 etiam
199 2847 239 2906 de
266 2841 396 2907 Homeri
418 2844 601 2907 carminibus
624 2844 782 2907 abolendis
801 2870 809 2906 t
828 2845 959 2930 itemque
981 2845 1103 2931 Virgilii
1124 2861 1155 2911 et

85 2942 125 3005 T.
135 2942 212 3006 Livii
227 2945 365 3029 scriptis,
380 2963 417 3008 ex
430 2944 572 3007 omnibus
584 2945 775 3009 bibliothecis
789 2946 973 3008 amovendis.
987 2974 1002 3000 υ
1017 2945 1157 3034 (Suetou.

83 3071 150 3135 cap.
163 3052 230 3130 34.)
242 3049 296 3113 Eu
316 3051 490 3130 bominem,
507 3053 554 3115 cui
568 3052 649 3124 bona
670 3052 784 3116 scilicet
796 3053 936 3136 placeant
954 3076 961 3111 :
978 3066 1009 3113 et
1021 3074 1082 3134 quo
1101 3074 1156 3116 ar-

80 3159 165 3222 bitro
175 3157 294 3222 Seneca
304 3171 382 3235 stet,
399 3158 448 3222 vel
460 3161 555 3221 cadat
568 3155 651 3240 Quid
665 3172 766 3221 tamen
779 3159 811 3221 in
823 3159 955 3222 dicteriis
968 3159 1028 3222 illis
1042 3161 1156 3225 voluit?

83 3264 306 3328 Commr‘ssrboes
326 3287 507 3347 componere,
522 3265 554 3326 id
568 3278 629 3338 est,
645 3286 763 3348 pompae
777 3278 893 3327 tautum
906 3279 936 3334 et
948 3265 1073 3328 theatris
1085 3281 1155 3350 apta

78 3370 242 3433 scribere:
264 3392 330 3452 quac
348 3367 457 3433 florem
474 3384 504 3432 et
524 3369 628 3434 lucum
647 3371 762 3454 magis,
778 3391 871 3452 quam
889 3371 983 3433 robur
1000 3384 1030 3433 et
1043 3372 1158 3434 verita-
1287 3436 1289 3442 ,

77 3489 142 3538 tem
161 3476 323 3539 habereut.
338 3473 416 3538 Sunt
435 3478 517 3539 enim
532 3477 768 3551 Commisstbnes,
782 3499 873 3559 quum
892 3480 1017 3540 interae
1037 3479 1155 3562 ingenia

77 3586 335 3658 comminemur,
360 3604 417 3668 pro
441 3583 544 3668 palma
566 3608 573 3642 τ
597 3589 765 3668 ἀγωνίσματα
786 3583 925 3662 Graecia,
945 3612 988 3647 και
1016 3591 1156 3668 ἑπιδιὶξιις.

76 3687 150 3752 Hoc
165 3711 204 3753 eo
219 3702 358 3774 spectat,
374 3691 473 3770 quod,
489 3703 522 3751 ut
532 3685 692 3752 Suetonius
707 3691 797 3767 dixit,
815 3703 957 3778 compleam
968 3703 997 3752 et
1010 3695 1071 3752 lene
1081 3691 1156 3754 illud

75 3797 198 3860 dicendi
218 3817 316 3881 genus
339 3791 477 3878 Caligula
502 3795 623 3857 odisset.
643 3791 685 3856 Et
706 3797 743 3857 de
760 3805 888 3878 comptu,
910 3796 943 3856 in
958 3793 1073 3858 Seneca
1095 3810 1154 3871 est,

76 3904 212 3965 humor
230 3925 239 3962 ε
259 3904 296 3964 de
310 3903 447 3977 lenitate,
469 3899 544 3964 mibi
564 3921 626 3963 nou
638 3902 772 3976 ridetur,
788 3900 819 3962 in
835 3902 899 3964 istis
915 3904 1036 3983 quidem
1054 3903 1158 3986 philo-

75 4008 206 4093 aopbis‚
221 4007 276 4068 ubi
289 4005 385 4068 robur
402 4007 497 4090 magis
516 4019 582 4084 est,
604 4020 634 4069 et
650 4006 815 4069 acrimonia
839 4031 846 4065 :
870 4007 1007 4070 fortasse.
1022 4008 1110 4071 aliter
1125 4009 1156 4070 iu

75 4115 286 4191 oratiousstus,
302 4117 341 4176 de
359 4113 465 4195 quibus
485 4115 608 4199 proprie
624 4111 763 4198 Caligula
783 4113 909 4176 sortasse
931 4116 1081 4178 censebat.
1097 4113 1159 4178 Sed

78 4221 232 4294 alterum,
250 4220 340 4302 quale
355 4219 421 4282 est?
431 4221 558 4282 Arenom
568 4223 630 4282 sine
644 4222 730 4280 culce.
743 4219 792 4283 An
806 4224 886 4302 quod
897 4222 1011 4284 minuta
1028 4243 1163 4285 comma-

78 4329 138 4406 tia,
158 4339 192 4390 et
209 4347 314 4389 aenam
327 4326 462 4408 jaceret,
477 4345 586 4408 parum
600 4327 678 4388 iuter
696 4349 728 4388 se
744 4327 900 4390 devincta?
919 4331 998 4409 quod
1011 4327 1159 4390 difflueret
