2896 4958
228 484 296 552 AD
321 482 495 552 STOIC.
523 481 729 550 Pinnos,
758 481 855 550 LIB.
882 483 959 552 111.
979 487 1130 572 ccxxxvii

71 619 106 684 Et
115 624 188 706 apud
199 619 339 686 Curtium
350 619 475 704 pulchre
488 643 495 678 :
510 646 525 673 o
535 615 675 680 Fortium
683 617 821 679 virorum
831 631 887 696 est,
897 612 994 704 magis
1002 635 1134 684 mortem

70 741 265 804 contemnere,
279 749 369 808 quam
382 726 481 788 odisse
490 725 592 786 vitam.
603 721 689 806 Soepe
701 723 787 784 tudio
798 723 930 800 laboris,
940 728 979 789 ad
989 727 1136 790 vilitatem

71 836 126 911 sui,
140 833 362 918 compelltmtnr
372 833 472 916 ignavi
488 855 495 904 3
509 844 540 893 at
552 831 646 896 virtus
657 829 732 890 nihil
743 831 933 914 inexpertum
945 834 1064 894 omittit.
1074 833 1139 896 lta-

71 963 119 1021 que
129 941 265 1002 ultimum
276 940 413 1002 omnium
423 958 507 1000 mors
519 951 583 1015 est,
597 939 634 998 ad
646 957 739 1018 quam
747 955 809 997 non
820 937 907 1020 pigre
918 937 963 1000 ire
974 940 1046 1001 satis
1055 953 1110 1002 cst
1119 965 1135 996 s

72 1044 148 1126 (Lib.
160 1045 224 1124 V.)
239 1047 293 1110 Est
314 1066 388 1130 crgo
407 1045 538 1130 ignaviae
559 1069 567 1104 ε
591 1045 686 1126 qnid,
708 1045 790 1125 qnod
811 1041 937 1107 Saevitiao
958 1047 1051 1108 etiam
1069 1047 1137 1110 esti

73 1151 217 1238 lumergis
231 1155 264 1216 in
278 1167 307 1217 te
322 1155 455 1230 fcrrmu,
474 1166 526 1215 aut
542 1173 694 1214 venenum
712 1175 721 1212 ε
746 1163 777 1212 et
789 1151 820 1214 id
832 1154 913 1232 quod
927 1153 1015 1216 alteri
1024 1154 1137 1218 sactum

71 1259 203 1339 horreas,
221 1262 254 1323 iu
266 1275 295 1324 te
306 1273 448 1344 prompte
460 1279 596 1343 usurpas.
613 1257 717 1322 Varro
733 1257 838 1338 editos
850 1259 927 1322 tales
943 1284 951 1320 ε

256 1406 403 1475 Quamnam
415 1417 438 1457 te
449 1403 531 1457 dicam
547 1423 599 1456 esse
611 1403 707 1471 ieram,

259 1497 312 1566 Qui
323 1516 403 1548 manu
414 1496 527 1568 corporis
539 1495 649 1548 fervidos

257 1589 347 1660 Aperis
359 1587 429 1640 lacus
440 1586 591 1659 sauguinis,

256 1681 340 1750 Atque
351 1679 403 1730 vitu
416 1678 518 1730 relevas

258 1769 353 1822 Ferrco
362 1768 443 1822 ense?

73 1913 149 1977 Adde
159 1913 345 1998 injustitiam.
360 1910 437 1994 Quae
451 1913 534 1976 enim
546 1914 595 1976 lex
610 1913 710 1976 divina
722 1925 773 1974 aut
785 1911 918 1974 humana
932 1915 1079 1996 permittit
1093 1917 1141 1977 iu-

73 2035 220 2084 nocentem
235 2020 368 2084 tollere?
385 2041 449 2102 qma
462 2020 669 2083 indemnatum
681 2019 811 2082 toliere?
826 2016 859 2082 Si
872 2031 906 2080 tu
920 2020 1030 2097 alium,
1044 2023 1140 2107 cnlpae

74 2141 100 2189 et
112 2151 222 2212 poenee,
241 2129 290 2190 vel
314 2143 344 2191 te
362 2129 460 2212 judice
480 2141 584 2191 esset:
605 2128 656 2209 qui
675 2129 772 2212 magis
793 2141 822 2190 tc
841 2129 980 2212 poteris?
1007 2127 1140 2215 Egregie

74 2233 244 2319 Augustinus
259 2258 267 2295 e
287 2263 303 2290 o
312 2233 382 2297 Hoc
395 2235 467 2296 fecit
480 2233 554 2313 illa,
573 2234 625 2296 itta
639 2235 682 2297 sic
692 2234 852 2318 praedicata
864 2232 1006 2298 Lucretia
1024 2259 1032 2296 s
1046 2239 1139 2300 inno-

74 2355 197 2419 centem,
210 2327 347 2417 castam,
359 2340 423 2404 vim
437 2361 614 2424 perpessam
625 2337 800 2402 Lucretiam
811 2337 950 2405 Lucretia
966 2343 1087 2427 insuper
1097 2345 1143 2406 in-

74 2449 195 2510 teremit.
209 2447 352 2511 Proserte
367 2447 546 2510 sententiam
559 2446 662 2530 leges,
679 2445 850 2528 judicesque
865 2444 1031 2512 Romani.»
1042 2450 1076 2529 (1
1092 2450 1142 2515 De

73 2549 154 2616 Civis
162 2575 230 2638 cap.
242 2577 290 2642 ¹9·
300 2551 312 2637 )
322 2552 463 2637 Denique
471 2554 570 2616 dicam
580 2566 610 2615 et
620 2551 758 2615 Stultitiae
771 2573 847 2616 esse.
855 2553 933 2636 Quis
945 2556 1027 2618 enim
1036 2559 1143 2635 nescit,

74 2659 181 2742 impetu
201 2661 263 2725 hoc
281 2661 387 2744 saepius
410 2675 440 2722 et
459 2661 563 2722 furore
582 2662 733 2741 quodam,
753 2672 783 2721 et
798 2661 914 2724 fervida
934 2663 1143 2746 impatientia,

74 2788 163 2845 quam
178 2766 308 2830 consilio
323 2781 377 2830 aut
392 2766 560 2829 deliberato
580 2765 668 2827 fieri?
693 2763 915 2846 Quinctilianus
933 2770 1144 2833 attestabitur:

75 2871 166 2935 «Non
182 2873 259 2935 fiunt
279 2873 353 2951 ista,
375 2873 435 2935 uisi
456 2873 576 2944 subito;
603 2892 661 2935 nec
684 2873 843 2953 qnisquam
858 2871 1046 2956 (praesertim
1062 2878 1146 2940 nulla

74 2981 151 3062 gravi
171 2983 359 3064 praecedente
378 2983 490 3059 causa)
517 2979 656 3063 spiritum
674 2979 791 3042 ratione
812 2981 987 3063 deposuit.»
1011 2980 1147 3062 (Decla-

73 3101 138 3148 met.
151 3103 295 3150 cccxnrv.
304 3087 315 3170 )
325 3085 486 3154 Postreroo
499 3131 508 3164 ,
523 3107 563 3148 an
578 3107 639 3148 non
655 3101 761 3149 contra
771 3085 923 3152 Naturam
935 3090 997 3154 est?
1012 3111 1068 3154 nec
1082 3092 1147 3177 ipse

72 3193 151 3256 darno
160 3193 350 3273 diffitebitur,
361 3188 500 3260 Mortem
515 3213 581 3256 esse
592 3193 671 3256 inter
685 3213 801 3275 eaquae
815 3193 867 3255 illo
883 3195 981 3278 rejicit
995 3211 1024 3260 et
1038 3201 1147 3260 adver-

73 3315 162 3363 satur.
173 3299 242 3378 Est,
259 3301 393 3384 inquam,
407 3300 449 3362 ita
467 3300 659 3378 lndiss'ernns,
670 3313 703 3362 ut
713 3315 815 3364 umen
829 3291 1146 3388 interApoproegmeno

73 3411 133 3471 sive
149 3407 337 3492 liejeetanea
358 3408 407 3470 sit.
424 3406 475 3470 Ne
489 3407 527 3469 sit
536 3407 638 3484 maie,
662 3421 764 3469 tamen
789 3409 882 3488 hehet
899 3411 974 3472 mali
993 3413 1145 3495 speciem:

72 3529 100 3576 et
112 3517 182 3578 «sui
193 3515 301 3597 cuique
312 3534 400 3577 amor
408 3525 472 3592 est,
490 3526 521 3576 et
529 3513 728 3576 conservandi
741 3535 773 3576 se
787 3517 1045 3600 permanendiqoe
1060 3518 1148 3581 insita

74 3623 231 3700 voluntas,
247 3636 337 3705 atque
353 3621 527 3706 aspernatio
547 3620 762 3683 dissolutionis.
773 3649 788 3675 n
802 3619 893 3701 (Sen.
903 3621 1000 3706 Epist
1011 3629 1150 3707 nxxxtr.)

73 3725 136 3792 Cur
151 3729 261 3812 igitur,
284 3731 365 3812 quod
379 3730 603 3812 aspernandum
616 3741 701 3804 erat,
729 3729 844 3791 sumis?
872 3726 935 3792 Cur
949 3741 1065 3792 tantum
1078 3753 1149 3794 mo-

72 3836 167 3899 menti
181 3838 213 3899 in
229 3837 297 3900 aliis
310 3837 371 3900 illis
381 3835 627 3900 indifferentibus
640 3835 747 3920 ponis,
763 3850 795 3897 ut
808 3839 846 3898 ad
860 3836 919 3899 hoc
933 3849 996 3899 tam
1005 3840 1090 3902 triste
1100 3843 1151 3903 de-

71 3945 198 4007 curras?
213 3941 397 4026 Augustinus
412 3942 493 4006 belle
507 3941 594 4006 vobis
605 3941 654 4005 hic
664 3943 786 4006 insultat
798 3967 806 4006 t
824 3939 923 4023 «Quae
936 3945 1018 4006 mala
1032 3943 1147 4023 Stoici,

71 4049 189 4130 inquit,
207 4049 305 4110 miror
320 4047 491 4131 quofronte
503 4045 588 4109 Mala
602 4069 665 4112 non
681 4069 747 4110 esse
761 4051 962 4122 contendant;
978 4052 1087 4134 quibus
1102 4054 1151 4115 sa-

70 4168 191 4234 tentnr,
217 4155 243 4218 si
256 4168 338 4217 tanta
354 4155 485 4232 suerint,
509 4167 543 4216 ut
556 4151 685 4239 Sapiens
699 4173 735 4216 ea
749 4155 797 4218 rel
814 4175 876 4218 non
890 4157 1006 4240 possit,
1029 4159 1078 4220 vel
1088 4181 1152 4222 non

69 4265 181 4327 debeat
194 4264 365 4340 sustinere,
384 4263 452 4346 cogi
464 4247 538 4324 ¹euru
556 4273 690 4324 mortem
704 4260 761 4324 sibi
778 4261 911 4338 inferre,
933 4277 1021 4345 atque
1040 4287 1075 4326 ex
1095 4265 1152 4330 hac

69 4375 128 4436 rita
142 4373 333 4455 emigrare.»
345 4368 488 4450 (DeCiv.
501 4387 565 4434 xlx.
576 4394 601 4436 c.
611 4371 655 4451 4.)
672 4372 787 4433 Misera
801 4369 961 4434 Beatitudo
974 4417 982 4448 ,
995 4395 1059 4454 quae
1071 4376 1154 4439 desi-
