2894 4954
1078 482 1139 545 281

70 611 103 663 tia
113 629 197 684 rernm
209 609 360 684 cogitanda,
380 623 435 664 tum
442 607 582 687 pertinacia
591 620 666 678 atque
679 606 768 660 levitas
776 605 894 658 evitanda
906 615 942 657 est
954 621 961 656 t
973 602 998 655 b.
1011 623 1033 656 e.
1044 623 1091 664 uec
1101 622 1146 654 as-

70 695 139 748 sidue
157 693 187 747 in
203 689 255 748 viti
267 709 365 764 mutes,
385 714 433 748 nec
449 691 471 748 ri
491 693 559 748 male
575 692 697 764 elegeris,
718 693 848 768 praitacte
869 689 1001 744 inbaereas.
1015 688 1043 741 si
1060 701 1146 741 tamen

71 778 173 832 adversa
184 778 314 844 incidant,
327 798 356 830 ea
373 777 513 853 benigue'
506 777 676 852 interpreteris
699 790 724 831 et
740 797 815 850 aequo
835 797 865 830 ac
886 795 958 852 prene
976 773 1053 828 bilari
1071 772 1146 828 oculo

72 865 208 940 adspicias.
222 865 353 962 Exempla.
375 866 432 917 XV.
455 865 545 935 Quum
562 861 674 936 deniqne
694 863 761 918 nihil
780 863 907 936 proficiat,
920 862 1029 959 privatae
1040 860 1147 915 nistitias

73 970 156 1006 causas
170 941 352 1034 abjecisse,
325 948 376 1018 ιιιιι
394 962 418 1002 ιι
434 947 542 1023 publicae
562 947 715 1019 removeris,
734 947 824 1001 odium
842 945 942 1022 generis
957 943 1065 998 humani
1081 944 1149 1018 abii-

73 1037 192 1092 ciendum
204 1050 259 1105 est,
271 1049 296 1089 et
303 1019 436 1118 fastidium
446 1055 531 1090 rerum
543 1033 717 1088 humanarum
730 1031 896 1132 'fugiendum
907 1032 1009 1085 idcirco
1023 1028 1147 1082 vanitates

73 1123 191 1198 bumana
202 1142 294 1204 neque
307 1095 422 1206 irrideri,
442 1141 526 1194 neque
528 1115 609 1186 lleri,
626 1117 699 1174 sed
685 1119 768 1196 potins
781 1139 854 1194 aeqno
866 1117 954 1200 animo
965 1115 1025 1170 terri
1038 1115 1146 1192 debent,

73 1230 118 1264 uec
128 1229 177 1282 nos
182 1194 316 1281 Murrum
328 1199 406 1280 eritne
417 1205 478 1262 mali
491 1205 648 1263 contristare.
659 1203 718 1258 Alia
729 1201 942 1282 sollicitudinum
948 1222 1001 1286 non
1011 1185 1148 1256 inediocris

76 1294 182 1371 materia
194 1305 230 1367 est
239 1271 367 1346 simulatio
385 1305 409 1345 et
421 1290 501 1372 ιιιιὶι
514 1290 556 1344 rui
575 1287 742 1343 observatio:
759 1285 871 1344 solitudo
883 1299 907 1364 ιι
914 1273 1076 1368 conversatio
1088 1299 1148 1340 sunt

72 1352 213 1456 ιιιιιιιιιιιι
223 1349 368 1447 miscenda.
373 1353 474 1448 Otiuni
478 1373 600 1456 rapientis
610 1386 634 1426 et
641 1371 693 1426 vita
702 1370 807 1445 privata.

102 1460 178 1513 Liber
189 1443 241 1524 bic
242 1481 296 1514 non
297 1449 386 1530 dubie
395 1443 464 1512 utilis
472 1472 567 1524 ,ectum
579 1455 693 1552 materia,
703 1469 759 1508 tum
768 1467 873 1508 tractatu
880 1473 987 1530 insigms
996 1465 1045 1545 ιιι,
1057 1451 1149 1529 etsior-

71 1541 279 1598 dinemunrversr
287 1541 370 1596 labare
378 1555 461 1621 putat
456 1529 689 1614 brpsrus,rdque
655 1559 747 1612 ιιιιιιιιι
754 1550 907 1612 temporum
912 1549 956 1589 aut
963 1537 1148 1610 exscriptorum

71 1625 150 1680 Scdsr
156 1639 334 1706 cogitasset,
311 1645 362 1681 esse
355 1646 455 1708 magis
459 1628 610 1695 epistolam,
617 1643 693 1699 quam
701 1622 885 1698 tractationem
892 1622 945 1674 sive
941 1621 1149 1698 disputationem

71 1711 498 1781 artificiosameteamconlmuam
506 1707 756 1788 atquealibetorrete
765 1707 885 1787 regulis
868 1706 1036 1774 elaboratam
1047 1707 1149 1761 sortasse

72 1796 298 1872 sententiamrnam
304 1785 460 1891 irritigasset.¹
444 1795 510 1850 Ubi
517 1795 587 1850 enim
596 1781 757 1848 ordinem'
723 1814 843 1870 migrasse
853 1791 926 1848 nobis
934 1777 1033 1851 vitietur
1041 1793 1152 1859 Seneca,

74 1879 108 1954 ibi¹
119 1900 180 1934 vero
195 1889 329 1962 poetaqu'm
337 1865 577 1976 ιιιιιιὶιιιιιοιιιιιι
570 1899 641 1930 more
647 1877 770 1948 quaedam
784 1875 909 1952 negligit,
920 1863 1042 1973 quadam
1060 1877 1150 1930 leviter

75 1966 231 2052 perstricta,
232 1977 261 2018 ut
248 1965 407 2045 ιιοιίοιι,
400 1964 496 2016 omittit
506 1963 644 2046 ,abreptus
656 1961 740 2016 studio
751 1959 883 2056 graviorq,
877 1979 962 2056 ,quar
969 1959 1086 2017 animum
1097 1961 1151 2032 ejus

76 2062 205 2144 pungunt,
217 2023 354 2121 ιιιιιιιιιιί;
367 2017 495 2126 quedam
496 2027 574 2099 verbo
584 2058 684 2128 tantum
694 2057 719 2097 et
730 2043 811 2097 obiter
822 2042 931 2116 attiunrt,
942 2064 994 2095 sive
1000 2039 1078 2114 quod
1089 2043 1150 2098 alias

76 2131 124 2202 jam
132 2131 293 2198 tractaverit,
301 2132 355 2184 sIve
351 2131 436 2224 quod
448 2152 492 2211 per
504 2118 642 2212 tmnqitum
650 2142 673 2181 et
686 2125 792 2182 strictim
803 2123 1056 2202 crantpercnrrenda.
1073 2131 1151 2180 Acce·

78 2211 113 2264 dit
121 2213 210 2285 ,quod
218 2203 355 2287 ριιιίιιιιιι
361 2203 593 2266 transitusetnexns
601 2231 691 2286 parum
699 2222 777 2270 curat.
786 2211 919 2264 PraeIracte
928 2223 1014 2262 tamen
1021 2209 1152 2282 haudqua-

77 2318 150 2370 quam
161 2299 265 2353 obnitar
279 2299 358 2371 Lipsii
368 2299 483 2367 indicio,
494 2298 630 2396 postremis
645 2297 724 2350 ferme
739 2295 823 2350 verbis
841 2297 981 2352 Seuecae'
955 2297 1022 2364 nixi,
1042 2297 1151 2368 ideoque

76 2385 184 2456 putantis
198 2385 229 2437 in
243 2382 295 2437 fine
307 2383 464 2453 claudicare,
477 2397 501 2437 et
508 2384 688 2458 partitionem,
705 2401 755 2454 qna
768 2401 794 2435 se
806 2383 969 2454 probaturum
985 2382 1149 2455 promiserat,

77 2486 131 2538 quse
147 2467 217 2520 tueri
229 2464 437 2537 tranquillitatem
448 2466 545 2539 possint
555 2477 580 2519 et
586 2466 727 2530 restituere,
742 2463 873 2516 interiIsse.

107 2551 185 2604 Liber
198 2550 306 2624 scriptus
324 2563 360 2603 est
376 2551 409 2604 ad
418 2551 552 2603 Annoeum
564 2549 706 2614 Serenum,
726 2549 873 2621 preelectum
891 2547 999 2620 vigilum
1019 2547 1148 2613 Neronis,

76 2653 148 2706 quem
158 2655 243 2709 nuper
248 2634 428 2707 interemptum
439 2654 491 2688 esse
503 2637 692 2708 esqungorum
699 2632 775 2686 tradit
783 2634 854 2688 Plr'n.
862 2634 927 2686 Not.
934 2632 1149 2696 Hiscltaxxll,

76 2739 131 2790 cop.
142 2723 184 2790 47.
204 2720 279 2774 Certe
292 2720 359 2774 inter
369 2720 464 2774 amicos
481 2721 614 2774 interiores
626 2721 729 2775 senece
739 2721 804 2788 fuit,
822 2733 847 2772 et
857 2719 946 2772 Tacite
957 2732 1018 2772 teste
1028 2757 1035 2784 ,
1048 2719 1149 2771 Aranni.

74 2808 116 2860 lr'b.
128 2808 205 2868 xm,
216 2827 274 2876 cop.
287 2807 335 2868 td,
352 2806 398 2859 nbi
410 2805 513 2862 Senecae
524 2807 657 2860 familiaris
671 2807 750 2860 audit.
763 2808 831 2862 Ante
843 2806 966 2859 Senecam
979 2805 1080 2870 obiisse,
1095 2803 1148 2873 Ep.

74 2891 168 2963 bisin.
178 2891 269 2956 docet,
284 2903 378 2944 etcum
388 2891 486 2944 Seneca
492 2891 573 2945 multo
582 2891 718 2956 minorem.
730 2891 805 2944 Cous.
813 2890 845 2942 de
853 2911 883 2943 eo
893 2890 1028 2943 Hardur'n.
1036 2888 1069 2942 ad
1076 2889 1148 2942 Ptin.

75 2965 121 3031 loc.
130 2978 202 3032 land.
213 2977 245 3030 Τ.
254 2979 300 3033 lv.
304 2999 333 3048 p.
342 2997 399 3051 uoq.
407 2976 538 3050 Singulari
546 2991 628 3030 autern
636 2990 660 3031 et
668 2978 795 3049 παραδέξιι
803 2977 881 3030 modo
888 2976 947 3030 libri
955 2975 1071 3029 introitus
1077 2989 1101 3029 et
1107 2996 1149 3029 oc·

74 3061 139 3114 casio
151 3060 302 3136 exponitur,
315 3059 420 3134 epistola
431 3059 521 3112 Sereni
531 3059 564 3112 ad
572 3059 694 3113 Senecam
704 3061 839 3134 praemissa.
847 3058 987 3133 Dialogurn
999 3059 1069 3112 euim
1079 3058 1148 3111 bunc

76 3164 139 3212 csse,
152 3143 226 3217 qnod
238 3143 320 3196 voluit
328 3144 490 3210 Gronovius,
500 3143 565 3198 mibi
577 3145 725 3218 persuadere
734 3165 788 3198 non
800 3163 914 3218 possm,
927 3155 1013 3196 tenore
1026 3142 1148 3194 orationis

76 3243 238 3306 repugnante.
256 3230 369 3284 Unicum
380 3268 388 3295 ,
405 3242 434 3282 ut
445 3230 553 3304 opinor,
566 3231 708 3307 exemplum
717 3231 765 3284 bac
774 3231 803 3285 in
814 3251 841 3284 re
852 3241 903 3296 ιιι,
917 3250 964 3282 nec
971 3266 978 3294 ,
985 3228 1054 3301 quod
1063 3229 1147 3302 lipsio

75 3317 166 3390 placuit
175 3317 231 3390 jam
248 3336 263 3370 a
277 3315 409 3370 Gronovic
422 3327 488 3369 recte
500 3315 558 3370 ideo
569 3337 696 3392 represso,
712 3318 837 3371 familiare
849 3329 885 3369 est
896 3317 1016 3381 Seneca,
1029 3315 1148 3386 πρόφασιν

74 3401 124 3454 rive
131 3401 294 3455 occasionem
306 3400 391 3473 ιιιὶριί
405 3400 535 3454 Interdum
547 3401 654 3474 figurate
671 3422 828 3475 proponere,
850 3413 875 3454 et
884 3401 1008 3466 dilatare,
1025 3413 1100 3470 atque
1112 3400 1149 3453 ita

74 3488 166 3540 adrem
178 3486 277 3540 venire.
287 3485 389 3539 Vellem
404 3485 454 3540 boc
474 3486 601 3540 docuisset
611 3487 659 3540 Vir
676 3485 844 3540 doctissimus.
861 3486 987 3540 Ceterum
1006 3505 1054 3538 nec
1067 3487 1147 3540 mirus

73 3570 250 3624 ridebiturhic
264 3569 420 3623 tractationis
432 3569 544 3638 modus,
563 3570 632 3642 quod
647 3571 752 3644 epistola
763 3570 857 3635 amici,
870 3570 924 3622 sive
937 3589 1011 3634 vera,
1024 3570 1077 3622 sive
1087 3567 1146 3622 licta

70 3655 116 3720 sit,
128 3659 198 3710 foras
211 3654 287 3719 data,
301 3653 438 3707 consilium
450 3675 526 3707 snum
546 3654 579 3708 de
592 3655 787 3727 Tranquillitate
797 3653 887 3708 Animi
904 3653 1073 3727 comparanda
1087 3674 1145 3706 cum

71 3735 218 3790 bominibus
231 3736 402 3790 communicet
420 3757 427 3788 ι
442 3737 465 3789 si
476 3736 556 3790 modo
576 3735 687 3809 primum
698 3748 858 3810 reputemus,
875 3735 1000 3788 Serenum
1012 3736 1066 3808 ejus
1078 3737 1146 3789 ami-

70 3841 124 3876 cnm
135 3823 217 3876 fnisse
229 3861 237 3888 ,
251 3834 276 3874 et
287 3840 346 3874 enm
358 3821 440 3875 multo
452 3821 596 3889 minorem,
608 3821 702 3875 deinde
712 3820 806 3875 honori
820 3839 872 3874 esse
882 3819 998 3874 debuisse
1008 3823 1045 3886 ei,
1057 3823 1145 3876 aViro

68 3925 229 3982 summopere
239 3906 361 3960 estimato
371 3905 399 3958 in
416 3905 485 3959 viam
505 3919 601 3960 rectam
613 3907 706 3960 deduci
725 3919 750 3959 et
767 3905 956 3959 immortalitate
976 3905 1076 3959 donni.
1090 3907 1145 3961 Nec
1241 3965 1245 3970 ,

70 3994 216 4068 refragabor
226 4029 234 4058 ,
245 3993 267 4044 si
278 3992 334 4064 quis
345 3992 492 4058 contendat,
504 4005 560 4066 post
569 3993 660 4047 Sereni
672 3993 775 4046 demum
786 4004 895 4046 mortem
903 3992 972 4045 bunc
984 3992 1078 4046 librum
1092 3994 1145 4048 edi-

70 4087 122 4128 tum
132 4077 228 4132 fnisse:
241 4077 287 4130 etsi
294 4077 344 4130 hoc
356 4077 519 4130 mirationem
527 4089 592 4130 certe
603 4079 685 4130 facere
694 4071 790 4151 potest,
803 4077 914 4148 quodne
923 4077 1033 4131 minima
1041 4078 1145 4151 quidem

73 4156 186 4212 militaris
194 4158 271 4226 vitae,
285 4179 361 4231 quam
369 4158 460 4234 agebat
468 4159 580 4212 Serenus
590 4197 597 4226 ,
607 4159 704 4212 mentio
718 4159 809 4232 injecta
820 4159 861 4211 sit.
870 4159 966 4212 Saltem
979 4161 1080 4214 nnllnm
1088 4161 1147 4214 satis

73 4255 166 4298 certum
182 4243 319 4316 vestigium
330 4243 449 4318 temporis
457 4282 465 4309 ,
477 4264 527 4314 quo
540 4243 646 4317 scriptus
656 4244 689 4296 rit
706 4243 786 4310 liber,
801 4242 865 4297 mibi
880 4245 1027 4317 comparuit.
1042 4245 1147 4312 Quam-
