2894 4954
324 489 390 574 324
485 485 554 553 DE
578 487 1057 582 TRANQUILLITATE
1080 493 1237 561 ANIMI

321 643 389 688 non
405 617 593 687 studiorum
609 621 854 704 instrumenta,
868 621 929 690 sed
946 625 1170 692 coenstiouum
1188 637 1386 692 ornaments

321 753 411 804 sunt.
433 739 705 830 Paratnritaquc
716 737 881 808 librorum
896 755 1059 832 qtmntum
1073 743 1229 823 natiuit,
1251 741 1344 808 nibil
1355 742 1386 806 in

278 865 296 919 6
319 871 531 946 apparatum.
555 856 754 936 Honestius,
776 856 912 946 inquis,
940 857 977 922 in
993 856 1055 924 bos
1076 858 1262 949 impensas,
1281 881 1384 948 quam

320 969 356 1040 in
375 969 573 1037 Corinthia¹
595 971 770 1064 pictasque
791 969 922 1040 tabulas
940 969 1131 1040 effuderim.
1148 973 1315 1040 Vitiosum
1336 985 1385 1038 est

318 1083 467 1176 ubique,
494 1082 587 1176 qnod
610 1085 753 1153 nimium
779 1101 842 1153 eet.
865 1082 962 1178 Quid
982 1085 1111 1168 babes,
1142 1110 1205 1154 cur
1229 1087 1383 1178 ignoscas

319 1198 448 1268 bomini
466 1201 648 1267 armarium
666 1197 769 1267 cedro
787 1215 890 1291 atque
913 1201 1017 1268 ebore
1034 1203 1183 1293 captanti
1194 1206 1220 1280 ²,
1240 1223 1382 1291 corpora

318 1318 532 1410 conquirenti
543 1333 602 1386 aut
614 1317 806 1408 ignotorum
818 1331 1011 1398 unctorum,
1025 1333 1084 1384 ant
1090 1317 1379 1410 improbatorum,

318 1446 353 1499 et
380 1433 472 1498 inter
499 1446 548 1499 tot
571 1430 677 1498 millia
702 1430 868 1498 librorum
891 1431 1069 1512 oscitanti,
1099 1432 1154 1498 oni
1176 1429 1381 1498 voluminum

278 1585 291 1632 7
319 1569 455 1614 suorum
473 1540 626 1614 frontes³
645 1547 787 1614 maxime
811 1545 968 1638 placent,
986 1545 1142 1638 titulique
1155 1543 1279 1638 ldpud
1294 1543 1382 1612 desi-

318 1658 523 1728 diosissimos
546 1681 629 1752 ergo
650 1657 803 1740 videbis,
830 1658 1000 1752 quidquid
1017 1660 1206 1727 orationum
1222 1659 1381 1726 historia·

323 1799 465 1868 rumque
485 1791 561 1856 eet,
584 1791 619 1842 et
637 1790 725 1842 tecto
745 1790 843 1843 tenus
864 1791 1034 1844 exstructa
1053 1775 1295 1858 loculamenta3
1314 1777 1380 1866 jam
1436 1795 1437 1798 ’

319 1895 410 1962 enim
431 1895 521 1960 inter
539 1891 712 1959 balnearia
730 1907 765 1958 et
782 1891 930 1962 thermas
949 1893 1154 1962 bibliotheca
1166 1917 1327 1985 quoque,
1350 1907 1381 1959 ut

320 2009 547 2078 necessarium
561 2006 680 2076 domus
693 2021 929 2076 ornamentum
943 2057 951 2088 ‚
973 2007 1153 2101 expolitur.
1170 2009 1381 2100 Ignoscerem

318 2126 442 2220 plane,
460 2125 488 2191 si
503 2147 521 2190 c
536 2119 724 2190 studiorum
740 2122 844 2189 nimia
856 2121 1017 2215 cupidine
1030 2123 1177 2190 oriretur
1192 2149 1200 2188 ι
1216 2146 1310 2190 nunc
1325 2124 1381 2189 ista

319 2239 506 2332 exquisita,
535 2251 665 2303 etcum
686 2229 912 2327 imaginibus⁴
934 2235 1003 2304 suis
1021 2233 1190 2328 descripto
1213 2257 1381 2304 sacrorum
1436 2291 1437 2300 ,

318 2494 367 2534 etet
381 2491 464 2534 autem
481 2477 514 2532 ed
531 2476 645 2530 homines
662 2472 753 2528 infimo
770 2473 826 2526 loeo
876 2493 926 2543 qno
961 2473 1005 2526 alii
1035 2493 1087 2526 uon
1117 2471 1224 2524 multum
1254 2469 1379 2524 abludunt.

319 2573 390 2614 natos
400 2577 561 2628 summosque
572 2555 681 2608 bonores
692 2566 787 2606 nectos.
876 2551 974 2604 Erasm.
986 2551 1053 2620 quid
1061 2550 1149 2614 bobes,
1161 2552 1335 2620 arriguntur
1343 2569 1382 2598 m

354 2659 373 2690 ι.
388 2637 528 2690 aramma.
539 2637 622 2698 Vasa,
635 2631 744 2704 ideoque
760 2631 828 2683 enti·
875 2647 936 2680 men
946 2647 1077 2680 orarmore
1086 2638 1166 2696 atque
1175 2628 1251 2679 ebore
1263 2627 1383 2694 aptanti

317 2717 456 2790 quinimo,
469 2712 561 2768 confici
573 2715 623 2786 jam
636 2713 713 2766 desita
731 2712 828 2783 aliquot
879 2705 1024 2759 lectionem
1037 2705 1115 2778 Lipsii
1126 2705 1240 2778 praetuli,
1258 2704 1308 2757 misi
1318 2701 1383 2774 qood

318 2794 417 2848 seculis
436 2805 494 2846 aute
508 2791 659 2844 Corinthum
671 2801 786 2861 septem,
801 2787 827 2840 id
876 2787 1024 2836 armarium
1044 2780 1132 2836 refinxi
1144 2819 1151 2849 ,
1162 2784 1231 2854 quod
1249 2783 1328 2836 codex
1340 2781 1384 2833 ba·

319 2884 370 2937 est,
383 2891 443 2924 suu.
459 2869 491 2922 ll.
511 2870 540 2922 C.
554 2869 617 2932 508,
636 2889 656 2920 s.
673 2864 828 2930 01.16ι,3.
877 2859 938 2913 buit.
956 2860 1017 2914 Mox
1035 2881 1142 2930 corpora
1159 2860 1254 2933 recepit
1269 2861 1381 2933 lipsius3
1435 2863 1436 2939 l

319 2951 515 3003 Obvetnstetem
524 2947 640 3021 inprimis
648 2945 766 3000 estimato
776 2965 828 2998 esse
877 2952 949 2993 antea
960 2959 1039 3008 opero
1052 2957 1059 2992 ε
1071 2959 1092 2990 a.
1103 2959 1124 2992 c.
1137 2959 1177 3014 ap.
1191 2939 1288 2992 Erum.
1301 2939 1383 2990 liber.

319 3029 421 3102 magni,
442 3039 542 3102 apparet
561 3047 574 3078 e
593 3025 659 3079 l'lin.
678 3027 712 3077 lt.
732 3025 765 3077 ll.
783 3024 828 3076 tib.
878 3018 939 3072 edit.
950 3021 1071 3071 armaria
1082 3021 1193 3086 optatui.

320 3105 441 3170 xxm,
449 3125 501 3178 cap.
509 3105 539 3170 3,
550 3103 606 3178 Bip.
615 3104 690 3158 Tam.
699 3104 730 3154 V.
738 3103 827 3155 Senec.
910 3096 934 3148 3.
946 3095 1065 3148 antes.
1075 3094 1152 3148 Esses
1162 3095 1285 3168 cylindri,
1298 3115 1342 3148 sen
1351 3108 1385 3146 te·

321 3183 352 3236 de
359 3183 487 3236 brenvit.
495 3201 549 3256 cap.
562 3201 599 3234 rr.
608 3183 644 3234 Er
655 3183 733 3234 odore
742 3181 829 3252 digno·
878 3175 935 3227 retis
952 3172 1035 3226 henli
1049 3176 1059 3239 (
1071 3173 1186 3227 umbilici
1198 3177 1219 3238 ),
1231 3175 1303 3246 eujus
1316 3174 1383 3226 emi-

321 3260 459 3314 scebentnr.
467 3259 576 3312 Martial.
587 3257 630 3310 lib.
640 3260 691 3324 tx,
704 3258 829 3330 Epigax:
879 3263 966 3304 nentes
974 3251 1100 3322 utrimque
1107 3263 1187 3324 partes
1194 3265 1383 3324 autmargento
1434 3283 1435 3318 ;

322 3361 335 3386 n
348 3336 773 3396 Consuluitneres,anolsreutsera
783 3333 830 3386 Co·
878 3328 981 3382 velalio
994 3327 1096 3382 metello
1110 3329 1260 3401 premuniti
1273 3330 1385 3384 solitast
1434 3347 1435 3427 q

321 3416 458 3470 rinnon.»
475 3415 553 3468 Plura
565 3413 596 3467 de
610 3414 649 3468 bis
664 3414 728 3466 vasis
745 3413 829 3466 corin·
877 3405 945 3458 varie
955 3406 1042 3479 pieta,
1054 3405 1120 3460 diets
1131 3425 1241 3470 cornua,
1254 3405 1318 3458 iuter
1328 3423 1385 3476 qua

321 3495 380 3550 tbiis
390 3535 398 3559 ,
408 3514 466 3568 qun
477 3507 501 3548 et
510 3494 630 3548 thericles
639 3492 828 3554 vocabantum
877 3485 972 3536 lr⁰¹²le⁸
984 3495 1055 3536 erent
1071 3481 1161 3536 medie
1172 3519 1181 3546 ,
1194 3483 1348 3536 circumisse
1363 3494 1387 3532 et

321 3573 454 3632 Tbericle.
477 3571 575 3644 rigulo.
597 3569 704 3624 Socratis
726 3585 827 3633 coevo,
878 3560 977 3634 pumice
990 3561 1082 3635 politae.
1092 3560 1133 3612 Cl.
1145 3559 1239 3633 Herm
1247 3561 1279 3612 ed
1291 3560 1385 3613 Toou.

321 3671 397 3722 quern
410 3669 469 3704 curn
480 3649 566 3723 Anglo
579 3649 830 3716 Wedpwoodconle·
878 3639 922 3690 lib·
935 3641 1052 3712 ll1‚cep.
1068 3659 1093 3701 1,
1110 3639 1146 3690 td.

322 3749 377 3795 rat,
389 3729 508 3790 inventa,
522 3739 546 3780 et
556 3725 686 3779 deindeab
695 3724 830 3795 insequen-
911 3721 934 3784 d.
950 3719 1015 3771 Cum
1028 3719 1197 3788 imaginibus.
1214 3719 1306 3773 Tradit
1319 3719 1387 3771 idem

322 3807 388 3862 tibus
395 3805 532 3860 artificibus
541 3804 673 3856 indiverso
680 3803 782 3855 materia
791 3823 831 3854 οι·
879 3795 946 3850 Ptin.
958 3797 990 3848 N.
1002 3796 1036 3848 ll.
1048 3795 1092 3849 lib.
1103 3797 1213 3858 XXXV.
1224 3816 1278 3870 up·
1288 3817 1302 3848 ²
1313 3818 1320 3858 t
1331 3797 1386 3868 Bi?-
1433 3795 1434 3810 ¹

322 3881 830 3960 pressa,debuutBentleius,Dirces-tat.
879 3874 954 3928 Tom.
969 3876 1003 3937 V,
1017 3893 1072 3948 pag.
1090 3877 1145 3946 ²7⁵·
1160 3898 1174 3923 e
1187 3877 1248 3929 Non
1267 3891 1304 3929 eet
1319 3895 1389 3949 pm-

322 3957 830 4034 upontheepitllerosPbolort's‚etMer·
878 3953 1027 4006 terenndnm
1055 3965 1079 4006 et
1101 3953 1227 4006 novitium
1246 3955 1386 4006 inventu.

323 4041 370 4094 tini
378 4041 437 4093 Ere.
448 4040 511 4103 XX,
522 4038 554 4090 ed
563 4036 661 4090 Ernesti
672 4033 830 4106 drebteolog.
879 4030 1011 4101 Siquidem
1021 4050 1073 4082 non
1084 4031 1167 4084 solnm
1177 4051 1207 4084 ex
1218 4051 1280 4083 auro
1292 4049 1385 4100 argee-

356 4137 379 4172 e.
400 4117 476 4190 Quid
485 4117 565 4170 bobes
572 4153 580 4177 ,
597 4135 645 4168 cnr
653 4117 773 4183 ignoscas
785 4113 829 4164 bo-
877 4120 934 4162 tove
945 4147 952 4174 ,
963 4121 1006 4161 eut
1013 4121 1079 4161 certe
1090 4127 1173 4165 exere
1184 4106 1387 4174 dimotquuin

322 4199 390 4250 unni
406 4197 554 4248 omnnium
574 4195 649 4246 cedro
662 4202 741 4262 atque
757 4192 830 4243 ebore
879 4187 1082 4257 etiamquenon
1094 4197 1165 4246 sunt,
1179 4183 1325 4256 bugamum,
1340 4195 1385 4233 etr.

321 4275 446 4340 captanti
466 4269 508 4322 Sic
529 4268 598 4322 dedit
615 4269 695 4320 codex
715 4267 793 4341 lipsii
814 4289 828 4320 ι
878 4271 920 4322 As.
934 4263 1056 4320 Pollionis
1067 4265 1387 4318 hocttminmnnn
