2926 4958
279 513 350 582 ΔΙ)
373 513 543 584 STOIC.
569 513 901 584 Pnlnosslrln.
928 513 1004 582 111.
1044 501 1049 510 ⁸
1095 518 1168 584 clxr

96 675 202 738 psrtnn
218 675 297 718 sana
309 654 405 717 verba
418 653 572 732 emittere,
586 667 615 716 et
625 653 768 736 quidquid
777 653 822 715 ris
830 654 931 717 morbi
942 655 1038 738 cogit,
1051 658 1170 720 auderet

99 761 200 842 Quum
215 759 396 852 Sapientem
409 761 540 844 negastis
555 781 676 824 serrum
690 781 776 837 esse,
792 759 885 823 iidem
900 781 962 823 non
975 762 1026 825 itis
1037 763 1168 838 inficias,

100 883 129 930 et
139 888 255 932 renrnn
266 868 379 928 iturum
394 911 404 944 ,
427 879 458 928 et
472 867 620 950 imperata
634 865 781 930 iacturum
796 911 805 944 ,
822 879 852 930 et
866 866 991 930 domino
1005 890 1060 932 suo
1074 872 1173 934 serri-

101 975 139 1036 lia
152 975 359 1060 praestiturum
371 971 548 1036 ministeria.
560 969 607 1034 lta
621 971 739 1034 sublato
751 972 812 1034 alte
827 973 988 1056 supercilio
1000 1017 1010 1050 ,
1022 975 1054 1036 in
1067 979 1173 1040 eadem

98 1103 164 1162 qua
179 1081 282 1144 oeteri
299 1079 494 1156 descenditis,
511 1079 634 1142 mutatis
649 1099 754 1141 rerum
766 1078 950 1142 nominibus.
959 1107 975 1136 »
990 1079 1059 1160 (De
1071 1080 1174 1148 Cons-

99 1201 173 1249 tant.
187 1185 263 1271 Sap.
277 1184 395 1271 cap-3.)
406 1185 513 1264 Audis,
526 1181 610 1270 Lipsi
620 1231 630 1262 ,
642 1186 742 1269 ipsum
752 1186 839 1250 illmn
852 1201 991 1250 noenum
1000 1191 1173 1253 doctorem?

100 1309 131 1355 et
146 1315 205 1378 pro
220 1295 287 1376 ejus
298 1293 357 1356 hac
366 1306 467 1354 mente
481 1293 591 1356 iterum
602 1289 712 1358 Cicero
726 1315 734 1352 ε
749 1319 765 1347 o
774 1291 948 1373 Paradoxa,
960 1297 1062 1380 prima
1075 1297 1174 1382 specie

101 1401 337 1464 admirationem
346 1445 355 1476 ,
365 1420 400 1461 re
411 1399 558 1483 explicata
567 1398 662 1461 ristun
672 1413 804 1462 movent.
814 1428 830 1456 s
843 1399 974 1481 (IVDe
985 1399 1102 1484 Finib.)
1115 1402 1176 1468 lta·

100 1527 160 1587 que
173 1519 246 1568 sunt
257 1503 341 1568 velut
353 1503 481 1590 gryphi,
498 1505 549 1586 qui
563 1525 620 1588 per
632 1505 732 1567 losum
743 1505 875 1589 proponi
886 1507 985 1570 solent
996 1521 1028 1572 et
1040 1509 1173 1586 inrolri,
1285 1549 1290 1566 ,

92 1627 167 1696 ¹tum
185 1611 342 1697 explicari.
349 1611 397 1675 Ac
404 1612 448 1673 tui
455 1611 576 1694 quidem
584 1611 685 1694 judicii
696 1633 745 1674 res
757 1626 821 1675 esto
833 1635 840 1671 τ
853 1615 905 1676 sed
914 1627 1017 1676 tamen
1033 1616 1100 1680 ride
1114 1663 1123 1695 ,
1135 1639 1173 1680 an

102 1739 166 1781 non
178 1719 291 1782 melios
304 1739 374 1782 cum
387 1715 549 1782 Plutarcho
562 1716 637 1797 (De
648 1715 812 1782 comm
821 1716 950 1782 Notion.
958 1723 1026 1783 adr.
1037 1717 1172 1801 stote),

103 1827 166 1890 hac
196 1827 323 1903 omnia,
345 1852 361 1879 α
376 1825 408 1886 in
429 1823 626 1886 eranidortnn
646 1844 682 1888 ac
699 1823 878 1908 frigidorum
900 1825 1027 1906 classem
1040 1855 1056 1881 υ
1087 1828 1177 1912 abjici

103 1954 139 1994 ac
151 1931 297 2016 relegari.
312 1929 396 1992 Lm.
408 1928 600 1993 Dnovideris
618 1929 746 2006 dixisse,
762 1951 816 1993 cur
832 1951 889 2013 ego
902 1931 1069 1994 abstineam
1080 1936 1117 1996 de
1129 1933 1176 1996 bis
1279 1943 1282 1948 '

104 2040 206 2102 dicere
233 2061 242 2098 ι
264 2038 346 2119 qood
360 2049 390 2098 et
403 2033 514 2100 Cicero
530 2035 593 2117 jem
609 2033 700 2111 lecit,
725 2049 757 2098 et
769 2035 881 2098 frustra
893 2035 985 2099 etiarn
999 2037 1071 2100 iecit
1087 2064 1094 2100 :
1110 2055 1175 2103 tom

105 2145 174 2227 qm'a
183 2145 281 2219 inre,
297 2141 440 2206 cdcanda
450 2141 547 2225 magis
557 2140 780 2216 baecridentur,
794 2162 888 2223 quam
902 2143 1074 2206 attollenda.
1084 2145 1177 2228 Quod

107 2255 144 2314 ad
157 2251 265 2339 prins,
286 2250 388 2314 breris
398 2262 511 2324 etvera
527 2247 685 2335 responsio
706 2269 714 2308 ι
732 2244 917 2312 Ciceronem
930 2271 1025 2336 pauca
1041 2275 1059 2316 e
1073 2255 1175 2318 multis

107 2358 223 2437 (sexin
237 2355 452 2434 universnm),
467 2377 524 2420 nec
538 2377 575 2421 ea
587 2357 738 2440 praecipua
752 2366 905 2419 tractasse.
922 2353 1068 2421 Oratorio
1083 2361 1175 2424 etiam

107 2467 240 2546 quodam
252 2483 341 2526 more
354 2463 520 2528 tractasse?
532 2463 613 2546 qnod
626 2462 715 2526 aliter
728 2463 823 2542 solet,
837 2478 867 2526 et
880 2464 969 2527 debet
980 2465 1128 2546 sortasse,
1143 2467 1174 2530 io

107 2571 154 2634 bis
173 2569 306 2634 Scholis.
325 2569 376 2634 Ad
393 2569 543 2644 alterum,
565 2569 638 2653 ipsis
655 2569 746 2632 rebus
765 2570 866 2654 magis
878 2591 952 2634 mox
967 2577 1175 2658 respondero,

108 2676 319 2760 quamverbis.
325 2674 407 2759 Quid
418 2675 500 2738 enim
513 2675 713 2740 communiter
724 2697 760 2738 ea
771 2677 922 2740 dilaudem
933 2678 981 2740 vel
990 2681 1176 2764 approbem?

109 2807 163 2868 per
175 2784 295 2869 singola
311 2785 442 2846 eundum
454 2795 515 2856 est,
534 2795 565 2844 et
577 2781 680 2865 judicii
694 2779 823 2863 quadam
838 2783 924 2845 lance
936 2787 1132 2850 examinanda
1148 2805 1178 2852 et

110 2890 247 2956 libranda
263 2902 338 2952 suot.
351 2885 452 2950 Pauca
463 2901 566 2951 temen
577 2887 669 2950 etiem
683 2905 764 2950 nunc
780 2889 818 2950 ad
835 2888 888 2950 illa
901 2901 952 2952 tua
966 2912 1027 2954 non
1040 2897 1179 2958 testimo-

109 2995 179 3072 nia,
195 2997 251 3058 sed
262 2993 505 3058 adversariomrn
518 2991 673 3068 convicia,
690 2993 773 3055 licet.
781 2990 864 3074 Quid
877 2996 960 3057 enim
974 2997 1056 3061 alind
1068 2997 1179 3066 Cicero

108 3117 160 3164 aut
166 3101 363 3177 Plutarchus,
378 3120 470 3181 quarn
483 3098 676 3176 Academici,
691 3101 724 3160 id
737 3112 796 3176 est,
813 3121 849 3162 ex
863 3101 1000 3186 professo
1012 3103 1091 3169 Stoae
1103 3130 1179 3172 ηοε-

109 3222 161 3270 tre
173 3208 300 3272 hostes?
313 3205 356 3269 At
370 3206 422 3270 ille
436 3206 496 3284 ait,
514 3218 547 3267 ut
560 3206 632 3266 levio
646 3208 718 3267 vina
732 3225 807 3267 esse.
817 3201 928 3269 Leria?
944 3210 1026 3273 acria
1041 3225 1072 3274 et
1084 3235 1188 3297 gene·-

110 3335 178 3378 rosa
192 3312 350 3378 verissime
364 3335 420 3397 ego
434 3311 563 3375 dixerim
578 3335 587 3371 ε
601 3324 690 3394 atque
705 3325 738 3372 ot
754 3311 808 3374 illa
827 3311 922 3396 frigus
933 3317 982 3378 rel
997 3316 1175 3401 languorem

109 3422 274 3496 stomachi3
285 3422 328 3485 sic
336 3420 402 3486 haec
411 3419 505 3484 animi
517 3418 647 3482 excitare
659 3463 668 3496 ,
681 3419 822 3482 demissa.
830 3418 913 3483 Nam
923 3436 1057 3505 gustare,
1069 3447 1178 3509 parurn

109 3543 177 3592 est:
199 3542 330 3614 potare,
350 3541 381 3590 et
395 3525 575 3604 demittere,
597 3524 744 3608 inquam,
761 3545 858 3610 opus,
881 3527 906 3589 si
921 3528 985 3592 rim
998 3542 1029 3591 et
1041 3531 1178 3615 rigorem

110 3655 252 3698 sensam
272 3646 318 3696 est
333 3631 442 3694 talium
462 3630 676 3694 Decretornm.
697 3628 759 3694 Sed
778 3644 861 3709 tum,
882 3633 1003 3714 inquis,
1027 3636 1181 3722 vulgatum

110 3739 223 3823 aliquid
240 3739 353 3802 dictust.
382 3735 576 3821 Vulgatnmi
603 3735 712 3798 salsrnn
733 3750 780 3799 est
804 3738 931 3802 :omnia
950 3738 1073 3804 illorum
1089 3765 1181 3828 supra

110 3844 217 3929 volgus
236 3868 244 3905 ι
257 3865 297 3906 an
312 3863 375 3904 non
387 3843 452 3905 haec
463 3887 473 3920 ,
485 3863 552 3924 quae
569 3860 658 3926 supro
673 3840 924 3926 pbilosophorum
946 3844 1037 3908 ctiam
1051 3848 1179 3934 vulgus?

112 3947 278 4024 Fatesnnr,
295 3951 394 4031 siqua
407 3948 499 4010 nimis
517 3947 615 4028 elata,
632 3945 680 4010 vel
695 3962 728 4011 ut
743 3947 774 4010 in
791 3947 899 4011 fidibus
912 3944 1024 4012 intenta
1038 3943 1177 4035 suerunt,

112 4059 226 4120 remitti
241 4058 392 4118 interdurn
407 4053 672 4138 interpretatione,
688 4067 719 4116 et
733 4055 773 4115 ad
788 4069 967 4118 concentum
986 4060 1108 4122 reduci:
1127 4067 1181 4127 sed

115 4169 218 4218 tamen
235 4156 297 4231 ita,
314 4169 349 4216 nt
361 4154 500 4216 sublimia
515 4167 673 4230 maneant,
694 4167 725 4217 et
741 4175 890 4238 generoso
904 4177 1026 4240 semper
1042 4157 1181 4225 Honeste

115 4275 290 4345 purpurata.
303 4260 491 4344 Chrysippus
502 4259 562 4324 boc
575 4260 710 4326 animose
725 4283 732 4319 :
748 4256 960 4347 «Propterea,
976 4262 1017 4324 ob
1031 4265 1183 4328 excellen-

115 4375 183 4423 tern
197 4375 226 4424 et
237 4361 492 4445 magnitudinem,
521 4372 552 4423 ct
567 4359 838 4442 pulchritudinem,
866 4361 1004 4424 ridemur
1016 4363 1125 4426 sabulis
1136 4366 1182 4442 sie,
