2894 4954
419 473 593 542 CAPUT
618 473 736 540 xl11.
1046 475 1112 545 335

59 597 175 670 dustria
194 603 365 696 inquietos
381 619 415 672 et
434 606 570 674 insanos
588 605 679 674 falsae
699 627 814 674 rerum
835 605 1018 698 imagines-¹
1041 607 1116 698 agi·

60 729 122 782 tant
138 743 145 782 ι
162 741 237 786 nam
252 739 296 786 ne
311 717 360 786 illi
375 715 513 810 quidem
525 719 599 786 sine
612 719 727 811 aliquo
741 742 801 811 spe
816 733 993 786 moventur
1007 745 1017 802 ς
1031 741 1113 812 pro·

59 829 130 896 ritat
156 831 231 900 illos
259 832 405 925 alicujus
427 834 479 900 rei
505 833 654 925 species,
682 831 780 923 cujus
804 832 987 900 vanitatem
1017 846 1115 926 capta

60 965 143 1012 mens
160 969 227 1014 nou
247 947 412 1039 coarguit.
430 944 556 1014 Eodem
569 944 669 1014 modo
687 963 965 1038 unumquemque
979 969 1020 1014 ex
1036 945 1109 1028 his,

60 1057 162 1146 qoiad
180 1059 371 1154 aagendam
383 1061 518 1129 turbam
533 1076 680 1142 exeunt,
699 1059 819 1128 inanes
837 1075 872 1126 et
893 1058 985 1128 leves
1005 1083 1114 1128 causae

60 1194 114 1262 per
129 1173 247 1245 urbem
266 1173 544 1257 circumducunt,
564 1174 721 1267 nihilque
737 1173 921 1244 habentem
933 1175 970 1241 in
984 1197 1052 1266 quo
1064 1173 1114 1242 la-

59 1287 162 1373 boret,
175 1291 232 1359 lux
247 1305 321 1360 orta
333 1291 472 1384 expellit
489 1307 545 1360 :et
557 1317 676 1386 quum,
693 1291 874 1361 multorum
889 1291 1113 1362 irustrulimi-

59 1404 147 1480 nibus
160 1407 285 1490 illisus,
298 1408 566 1480 nomenclatores
580 1408 801 1502 persalutarit
813 1456 823 1489 ,
837 1431 858 1474 a
868 1408 983 1476 multis
996 1408 1114 1476 exclu-

59 1542 126 1601 sus,
145 1501 313 1591 neminem
341 1545 383 1590 cx
409 1521 565 1590 omnibus
591 1519 766 1590 difficilius
788 1520 901 1604 domi,
930 1545 1030 1612 quam
1050 1545 1110 1605 se,

60 1639 216 1705 convenit.
230 1639 356 1714 Exhoc
366 1638 454 1708 malo
463 1635 637 1732 dependet
648 1637 735 1706 illud
752 1641 963 1708 teterrimum
976 1640 1110 1723 vitium,
1138 1649 1153 1713 i

59 1753 270 1837 auscultatio,
292 1771 326 1824 et
343 1754 557 1849 publicorum
568 1770 847 1848 secretorumque
860 1757 1058 1848 inquisitio,
1078 1774 1114 1825 et

61 1868 226 1942 multarum
244 1896 360 1942 rernm
379 1873 544 1954 scientia,
564 1895 640 1964 qoae
656 1895 722 1942 nec
741 1888 813 1942 tuto
831 1875 1032 1957 narrantur,
1048 1899 1113 1944 nec
1211 1891 1214 1900 ’

62 1999 122 2052 tuto
136 1986 334 2059 audiuntur.
351 1991 424 2056 Hoc
438 2003 590 2057 secutum
603 2005 685 2081 puto
698 1989 930 2058 Democritum
941 1994 967 2072 ²,
986 1992 1033 2058 ita
1045 2015 1113 2059 coe·

62 2099 162 2189 pisae,
185 2131 201 2168 u
217 2104 290 2195 Qui
307 2103 490 2196 tranquille
508 2104 600 2173 volet
616 2105 753 2174 vivere.
773 2129 839 2173 nec
862 2107 1017 2198 privatim
1034 2121 1113 2200 egat

64 2240 77 2274 r
95 2218 211 2302 multo,
227 2243 293 2290 nec
311 2219 470 2312 publice;
491 2247 506 2284 u
527 2217 572 2288 ad
588 2243 796 2313 supervacua
815 2221 944 2290 scilicet
957 2223 1112 2290 releren-

62 2347 128 2402 tem.
144 2340 226 2412 Nam
240 2339 270 2407 si
283 2338 474 2408 necessaria
487 2352 587 2419 sunt,
601 2352 636 2404 et
648 2337 807 2429 privatim
821 2353 856 2406 et
869 2337 1025 2430 publice,
1041 2361 1111 2408 non

62 2463 172 2520 tantum
191 2453 298 2522 multa
312 2503 322 2536 ,
338 2449 399 2522 scd
413 2450 679 2522 innumerabilia
690 2449 825 2544 agenda
837 2466 917 2520 sunt
933 2478 941 2517 ε
960 2453 1020 2520 ubi
1032 2475 1112 2520 vero

61 2565 174 2636 nullum
201 2569 351 2638 officium
370 2569 519 2638 solemne
537 2591 598 2636 nos
617 2569 718 2650 citat,
744 2566 940 2636 inhibendos
963 2570 1113 2638 actiones

59 2701 136 2752 alini.

101 2800 298 2870 limum
321 2803 381 2892 qui
405 2800 512 2868 multa·
527 2801 621 2892 agit,
643 2823 733 2892 saepc
755 2801 898 2868 fortunae
915 2814 1113 2894 potestatem

62 2913 105 2978 sui
122 2913 200 2982 iacit·
220 2942 227 2980 :
250 2939 351 3007 quarn
373 2915 576 2984 tritissimum
594 2929 646 2983 est
662 2937 741 2982 raro
757 2914 928 3007 experiri,
954 2931 1114 2984 ceterum

62 3049 181 3121 semper
198 3030 242 3100 de
262 3031 513 3132 illa'cogitare,
534 3045 569 3098 et
588 3030 654 3100 sibi
679 3031 767 3098 nihil
791 3028 835 3098 de
851 3030 921 3100 fide
937 3033 1011 3124 ejus
1032 3057 1114 3127 pro·

65 3144 194 3213 mittere.
209 3146 401 3240 Navigabo‚
419 3147 484 3215 uisi
498 3148 526 3214 si
540 3143 626 3238 quid
635 3145 796 3215 inciderit
811 3173 819 3212 ι
838 3163 873 3214 et
883 3165 1009 3242 praetor
1020 3149 1112 3234 fiam,

64 3259 162 3329 nisisi
182 3260 267 3355 quid
287 3263 484 3332 obstiterit:
505 3277 540 3329 et
561 3263 746 3356 negotiatio
765 3265 848 3332 mihi
874 3265 1112 3360 respondebit,
1166 3255 1171 3274 ’

62 3450 152 3524 aliisque
159 3453 303 3528 proceribus
314 3452 494 3528 praestabantur
503 3472 556 3505 ma·
638 3473 660 3506 a.
673 3455 861 3512 Democritum.
878 3456 1031 3512 Abderitani
1051 3459 1115 3533 plri-

63 3530 130 3584 tutina
144 3533 311 3600 salutatione,
328 3553 393 3607 saepe
403 3554 435 3586 ne
446 3531 556 3586 admissa
605 3531 703 3605 lotophi
712 3533 797 3586 locum
809 3555 822 3588 e
836 3535 937 3590 Stohaeo
949 3537 1001 3608 jam
1009 3538 1115 3592 adduxi·

63 3607 150 3674 quidem
175 3631 189 3663 a
215 3609 422 3677 nomenclatore,
445 3609 473 3662 id
498 3623 553 3676 est,
604 3611 708 3664 musad
723 3612 768 3664 lib.
781 3615 835 3680 lll,
853 3613 885 3668 de
901 3615 956 3681 lra,
974 3616 1074 3687 capii,
1090 3637 1112 3670 a.

62 3703 122 3738 terro
130 3727 137 3752 ,
146 3688 215 3761 enjus
227 3701 252 3740 et
263 3701 328 3752 erat,
341 3687 476 3740 salutantes
488 3685 555 3738 exci-
606 3690 645 3744 Cl',
655 3710 728 3763 supra
740 3690 773 3742 ad
785 3711 838 3763 cap.
851 3713 879 3758 η,
891 3691 915 3744 3.

63 3783 122 3834 pere,
139 3780 162 3819 et
178 3767 350 3821 introduceret
365 3767 399 3820 Et
408 3763 553 3837 sequentis,
638 3768 708 3819 Xlll.
723 3769 790 3820 Atto.
803 3768 944 3821 Democriti
959 3769 1054 3822 dictum
1066 3791 1114 3824 ex-

63 3856 85 3893 nt
93 3846 160 3900 iunus
172 3847 228 3920 quir
240 3859 420 3922 prosequatur,
433 3847 514 3900 amico
527 3845 555 3898 in
604 3847 696 3920 plicare
706 3847 999 3920 permanseruntque,
1011 3849 1049 3901 nil
1060 3869 1116 3900 un-

63 3920 144 3990 ludicio
153 3927 217 3980 adsit
225 3940 354 3998 tamquam
367 3924 435 3977 testis
447 3937 491 3978 aut
505 3921 557 3974 ad·
606 3945 682 3998 quam
690 3945 704 3977 a
712 3924 766 3977 viro
776 3925 998 3996 sapiente,utrem
1006 3939 1115 3992 certam,

65 4017 152 4058 vocam:
163 4045 170 4073 ,
182 4020 227 4060 etc.
239 4005 271 4061 ad
283 4005 368 4060 cilicia
379 4005 513 4076 pertinent.
607 4001 803 4065 destinandam
824 4015 849 4054 et
865 4003 984 4056 omnihus
1000 4004 1053 4058 sire
1071 4004 1118 4057 in-

96 4081 558 4154 1·ltttsoenmmtmagtnes.Gronov.
609 4081 695 4152 coeptis
710 4079 763 4132 sire
777 4079 889 4133 consiliis
901 4079 975 4134 lsascc
992 4081 1121 4136 clausula-

69 4157 207 4214 eeodicibus
218 4162 322 4216 exclusit
330 4174 395 4214 recte
409 4161 494 4214 alred
501 4172 558 4212 sntc
612 4178 667 4210 rum
680 4159 772 4210 formas
790 4156 919 4210 addendas
932 4175 938 4210 :
951 4157 979 4210 Si
992 4159 1049 4211 Diis
1060 4159 1122 4232 pla-

62 4233 148 4302 solroe,·
160 4238 350 4314 antehactulqo
361 4250 495 4312 receptum.
613 4236 708 4298 cuerit,
724 4235 771 4288 nisi
785 4235 847 4306 quid
862 4235 1000 4302 obstiterit,
1014 4249 1060 4288 etc.
