2926 4958
251 447 879 535 a'nsu01crn1n0s.'n1n.
906 469 960 536 11.
1078 473 1143 561 ειη

78 613 203 680 gonorus
218 611 322 680 protest.
345 591 459 683 Quidni
475 602 585 664 addat?
601 601 705 682 sequi,
731 621 793 663 non
806 604 924 684 assequi
935 607 1022 668 datur
1034 630 1041 668 t
1054 621 1143 689 atque

79 706 113 766 ita
125 705 283 769 Homerus
297 731 305 766 ι

273 835 570 904 ..........ptr’l1rror
583 836 647 902 βαῖνε
661 839 739 888 hrota·

270 935 326 977 ...ζ
336 960 428 977 ......
444 925 507 977 Divi
517 924 623 997 vestigia
634 924 730 998 pressit.
742 923 850 996 (Odyss'.
863 935 887 976 ct
898 924 986 990 alibi.)

78 1037 177 1101 Pressit
188 1043 274 1114 dico,
298 1045 351 1104 sed
370 1043 461 1127 lon'go
475 1037 633 1104 interuallo
653 1064 660 1102 t
678 1043 793 1126 longo?
809 1042 957 1104 immenso
975 1043 1142 1126 abjunctus,

77 1147 192 1227 pusillus
201 1147 270 1222 hic,
285 1147 402 1222 linitus,
415 1148 574 1219 mortalis,
587 1147 692 1209 abillo
704 1148 837 1208 marimo
851 1193 859 1224 ,
873 1147 1006 1224 infinito,
1019 1161 1143 1211 aetemo.

78 1248 186 1312 Tamen
203 1253 375 1314 imitatione
390 1252 512 1333 aliqua,
533 1266 564 1315 et
579 1264 720 1334 waterus
728 1263 821 1333 potest
835 1275 845 1310 .·
862 1251 1031 1314 Iamblicho
1052 1255 1143 1314 etiam

76 1373 153 1418 caute
165 1361 328 1440 adjectum.
345 1385 360 1412 u
370 1355 484 1420 Beatus
494 1371 549 1430 est,
562 1358 667 1439 inquit,
683 1357 733 1439 qui
743 1355 815 1419 Deo
823 1377 879 1440 pro
891 1358 971 1420 virili
978 1371 1036 1421 ¹sua
1049 1373 1095 1422 est
1105 1361 1144 1422 si-

78 1461 166 1536 milis,
177 1463 333 1546 perfectus
344 1508 353 1538 ,
365 1462 504 1545 simplex,
517 1483 620 1545 purus,
635 1463 722 1523 avita
735 1461 792 1525 hac
805 1461 937 1524 humana
948 1463 1114 1543 abjunctus.
1126 1493 1142 1520 r

78 1566 296 1647 (flemrhlex.
310 1567 351 1630 ll.
363 1567 498 1646 Strom.)
507 1567 612 1648 ltaque
626 1567 708 1630 idem
720 1566 808 1629 Plato
820 1568 921 1630 aiebat
934 1593 942 1628 z
957 1567 1143 1654 «Duplicem

77 1674 158 1736 inem
175 1697 254 1738 esse.
270 1674 376 1737 Unum
391 1672 686 1739 Commtmicahilem
707 1688 736 1735 et
751 1671 955 1750 Primarium,
983 1677 1033 1757 qui
1049 1691 1094 1739 cst
1111 1679 1142 1738 in

78 1782 141 1863 ipsis
153 1779 244 1844 ldeis.
260 1780 422 1857 Alterum,
439 1781 490 1863 qni
502 1781 540 1842 ab
555 1802 591 1846 eo
606 1780 764 1864 participat
777 1781 865 1862 eique
876 1783 1099 1862 communicat,
1114 1798 1143 1846 et

78 1889 298 1951 similitudinem
310 1888 397 1949 abeo
411 1889 502 1970 capit.
514 1886 607 1968 Quod
620 1887 653 1948 fit
666 1887 697 1947 in
714 1886 907 1963 hominihus,
926 1889 977 1968 qui
991 1891 1142 1953 vindicant

79 1993 128 2052 sihi
141 2006 168 2054 et
181 2005 329 2055 asserunt
341 1992 514 2064 Virtutem,
539 2006 569 2053 et
583 2013 689 2053 veram
705 1989 943 2074 Philosophiam.
955 1993 1069 2079 »Deus
1083 1996 1143 2080 igi-

78 2112 135 2175 tur,
147 2102 218 2167 etin
234 2101 293 2160 illo
304 2099 384 2161 ldcre
398 2146 406 2176 ,
425 2097 588 2161 Primarius
599 2097 684 2160 Finis
697 2122 704 2158 :
717 2098 793 2160 alter
804 2113 833 2161 et
843 2113 965 2176 noster,
978 2100 1098 2164 Virtute
1113 2117 1142 2165 et

77 2202 219 2288 Sapientia
231 2207 363 2269 referre.
383 2205 482 2287 Atque
494 2207 568 2268 illud
582 2213 637 2282 est,
653 2207 808 2290 θεωρηὲικόν
824 2211 941 2288 ἀγαθὰν,
960 2208 1142 2291 Contempto·

78 2315 153 2371 tirum
169 2315 288 2374 Roman
302 2337 312 2372 .·
327 2311 482 2396 qquugs
493 2313 548 2374 illa¹
559 2334 577 2374 a
590 2333 719 2395 corpore
731 2312 889 2374 tendimus.
903 2311 1065 2392 Alterum,
1097 2330 1142 2378 est

76 2424 205 2500 epomide
219 2427 269 2482 καὶ
284 2425 434 2494 πολιτικὸν,
451 2419 584 2481 Actirum
602 2431 630 2480 et
644 2419 752 2492 Civile,
770 2421 850 2500 quod
867 2419 897 2480 in
915 2420 1071 2482 hominem
1093 2443 1142 2484 ca-

76 2525 121 2582 dit.
138 2525 291 2608 Apuleius
303 2526 402 2587 simile
418 2525 529 2587 dictrnn
540 2525 654 2601 voluit,
670 2526 722 2587 sed
738 2524 839 2586 verbis
849 2547 915 2606 quae
926 2525 1048 2610 velum(
1062 2547 1100 2588 on
1112 2539 1142 2589 et

77 2631 192 2692 titium?
203 2632 216 2714 )
227 2632 353 2693 hahent.
363 2631 455 2693 «Una
470 2631 629 2693 Beatitudo
641 2645 704 2708 est,
723 2653 815 2712 quum
826 2631 938 2714 ingenii
953 2632 1048 2694 nostri
1062 2655 1143 2715 prae·

76 2739 160 2798 sentia
179 2753 339 2814 tutamur,
365 2759 427 2819 quae
446 2737 636 2820 perficimus:
652 2736 730 2813 alia,
754 2759 846 2817 quum
865 2740 904 2798 ad
927 2738 1143 2820 perlectionem

76 2843 133 2903 vitae
146 2845 223 2906 nihil
240 2847 348 2921 deest,
363 2845 486 2926 ipsaque
502 2864 604 2906 sumus
615 2841 878 2926 Contemplatione
890 2844 1029 2906 contenti.
1046 2841 1144 2905 Utra-

75 2969 195 3030 rnmque
211 2963 319 3011 autem
332 2947 523 3032 Felicitatum
538 2949 624 3032 origo
639 2970 675 3010 ex
689 2947 810 3008 Virtute
821 2961 942 3024 manat,
958 2951 1039 3012 etad
1054 2969 1143 3011 orna-
1241 3001 1249 3008 .

75 3069 203 3116 mentum
221 3055 346 3136 quidem
362 3052 525 3136 lngenialis
535 3052 615 3128 loci,
632 3054 662 3113 id
677 3066 721 3113 est
729 3052 876 3130 Virtutis,
895 3053 985 3114 nullis
999 3055 1144 3116 extrinse-

75 3181 268 3238 tuscorum,
287 3181 351 3244 quae
366 3159 453 3220 Bona
470 3159 616 3237 dicimus,
634 3158 823 3220 adminiculis
839 3179 960 3242 egemus
978 3183 984 3214 =
1000 3162 1041 3222 ad
1054 3183 1142 3223 usum

73 3283 167 3329 autern
181 3269 252 3330 ritae
265 3267 454 3343 communis,
468 3265 605 3348 corporis
615 3285 705 3341 cura,
723 3278 751 3326 et
766 3285 871 3326 eorum
884 3286 949 3346 qnae
962 3267 1143 3329 extrinsecus

74 3375 211 3451 veniunt,
226 3375 375 3458 praesidiis
388 3394 463 3457 opus
478 3387 532 3435 est.
545 3399 560 3427 u
573 3371 638 3450 (De
647 3370 854 3454 Philosophia.
864 3375 878 3450 )
890 3370 1009 3435 Cretera
1024 3375 1145 3436 concin-

73 3501 154 3543 nasse
169 3481 252 3546 mihi
265 3481 388 3541 videor:
402 3481 432 3540 in
446 3479 553 3562 primis
568 3476 628 3538 illis
638 3476 742 3538 uerbis
756 3475 866 3554 haereo,
877 3479 935 3540 nisi
949 3479 1019 3560 quid
1033 3476 1143 3543 Cicero

72 3583 180 3648 latitet
196 3585 358 3647 subvenit:
383 3581 565 3646 «Summum
581 3583 697 3644 honum
711 3595 756 3644 cst
772 3583 804 3643 in
819 3583 931 3666 ingenii
949 3587 1119 3668 praestantia
1132 3634 1140 3665 ,

74 3713 157 3772 mam
168 3693 331 3753 Virtutem
340 3711 493 3753 vocamus.
512 3717 527 3744 n
540 3687 609 3768 (IV
620 3685 670 3749 De
681 3684 768 3766 Pin.)
779 3688 886 3770 Neque
898 3689 982 3752 luhet
996 3691 1045 3754 hic
1054 3692 1145 3756 insis-

74 3809 130 3860 tere
145 3823 152 3858 :
169 3799 295 3882 magis,
310 3817 380 3859 cum
394 3799 501 3857 eodem
516 3794 669 3879 Apuleio,
685 3814 741 3877 pro
755 3817 787 3856 re
801 3809 904 3857 nostra
915 3796 1016 3878 eloqui
1028 3791 1040 3856 ι’
1055 3797 1144 3862 ‹rsa-

74 3904 224 3984 pientem,
254 3904 451 3986 pedisequum
475 3915 506 3965 et
530 3902 714 3962 imitatorem
739 3897 801 3963 Dei
829 3901 955 3964 dicimus
969 3948 977 3979 ,
1010 3915 1040 3965 et
1060 3909 1144 3987 sequi

74 4009 259 4072 arbitramur
266 4007 381 4083 Deum,
389 4009 419 4069 id
429 4005 678 4089 estio'psmrlun.
688 4003 944 4088 ltamihi'quidem
952 4007 1145 4088 sequiDeum

75 4115 172 4187 detur,
185 4115 299 4178 utheec
317 4115 480 4198 praeclara,
498 4125 639 4197 augusta,
656 4126 757 4174 sancta
781 4137 788 4171 t
807 4125 838 4173 et
852 4116 931 4175 unde
948 4116 987 4176 ad
999 4116 1143 4197 profanos

74 4222 136 4283 illos
147 4223 271 4297 delata,
284 4234 335 4284 aut
346 4221 472 4304 illapsa?
491 4217 573 4282 Lino.
588 4218 760 4280 Utrumvis:
773 4218 822 4279 vel
837 4219 934 4281 delata
946 4237 963 4280 a
974 4219 1143 4305 Superiori-

75 4325 126 4388 hus
142 4327 220 4389 olim
237 4325 342 4390 Sacris
362 4349 369 4384 ε
389 4326 437 4386 vel
452 4308 575 4408 illapsa,
592 4343 653 4385 non
672 4323 735 4385 sine
748 4320 819 4384 Deo
834 4339 1058 4387 commovente·
1068 4325 1144 4390 Cle-
