2894 4954
306 439 373 520 334
452 431 521 500 oe
546 427 1038 524 rusuoutuur‘rara
1062 428 1226 499 autur

304 590 343 634 ex
364 566 418 634 liis
438 565 573 634 tristit'm
592 567 769 657 sequitur,
792 569 822 635 si
844 585 903 636 out
925 591 998 636 nott
1010 568 1190 648 summit,
1214 581 1276 634 aut
1296 589 1377 634 snc-

304 707 418 752 cessus
436 681 555 776 pudet.

268 831 276 864 ι
353 801 433 870 Xll.
450 797 734 869 Circumcidenda
746 815 797 868 est
809 801 1040 884 concursatio,
1054 800 1166 891 qualis
1176 815 1229 868 est
1238 821 1375 890 magna

306 917 600 1011 parethonium,
617 915 751 997 domos,
764 917 961 998 cedrenus,
978 933 1013 984 et
1023 917 1095 986 fora
1104 917 1372 1010 pererrantium.

307 1029 437 1100 Alienis
451 1053 488 1100 se
500 1030 647 1124 negotiis
663 1031 828 1110 offerunt,
844 1053 979 1124 semper
989 1029 1120 1124 aliquid
1131 1030 1318 1125 agentibus
1330 1032 1376 1097 si·

307 1147 415 1217 miles.
436 1149 565 1216 Horum
581 1148 610 1214 si
626 1145 776 1237 aliquem
797 1161 976 1215 exeuntem
993 1145 1038 1214 de
1059 1147 1159 1216 domo
1177 1149 1373 1239 interroga-

306 1266 398 1334 veris
425 1263 529 1355 :Quo
547 1263 612 1330 tn?
629 1261 715 1354 quid
731 1263 887 1356 cogitas?
904 1263 1125 1356 respondebit
1147 1263 1208 1332 tibi
1227 1291 1235 1328 :
1257 1291 1276 1327 a
1298 1266 1372 1332 Non

313 1409 329 1446 u
351 1377 545 1449 mehercule
564 1379 656 1462 κοῖος
680 1376 741 1446 sed
755 1379 889 1470 aliquos
901 1377 1045 1460 videbo,
1064 1377 1194 1470 aliquid
1214 1401 1330 1472 epm.
1357 1405 1372 1440 ι

307 1497 389 1565 Sine
408 1495 582 1588 proposito
600 1509 786 1587 rapiatur,
809 1510 1001 1585 quaeremes
1016 1495 1152 1587 negotia
1179 1519 1187 1558 ι
1213 1517 1279 1562 nec
1297 1517 1373 1584 qu:

308 1611 586 1693 destinaverunt,
611 1625 742 1704 agunt,
763 1609 824 1678 sed
847 1611 883 1678 in
904 1631 981 1702 quie
1002 1613 1234 1679 incurrerunt.
1253 1611 1374 1678 lumn-

307 1727 418 1798 tultus
431 1725 499 1794 illis
509 1747 686 1818 vanusque
701 1745 821 1792 curtus
833 1741 906 1806 est,
927 1725 1040 1816 «paulis
1055 1726 1226 1808 formicis,
1240 1748 1308 1818 per
1321 1749 1375 1792 ar-

308 1845 408 1914 busta
429 1843 651 1936 reponebas,
669 1865 746 1934 quoe
759 1842 798 1910 in·
814 1858 981 1910 summum
998 1863 1177 1925 cacumen,
1194 1843 1323 1912 deinde
1339 1845 1371 1909 in

270 1995 284 2025 2
310 1963 413 2030 imum
423 1963 542 2029 inanes
550 1971 734 2054 aguntur&
749 1959 810 2028 Hie
821 1959 977 2052 plerique
989 1961 1132 2028 similem
1141 1963 1370 2054 vitamogunt,

309 2103 452 2171 quorum
478 2101 546 2144 non
566 2077 734 2146 immerito
754 2077 832 2167 quis
851 2076 1038 2168 inquietam
1058 2078 1214 2148 inertiam
1234 2076 1369 2146 dixerit.

307 2191 563 2287 Quorumdam,
576 2193 673 2284 quasi
684 2189 729 2259 ad
742 2192 935 2262 incendium
946 2195 1168 2275 currentium,
1182 2196 1369 2262 misereris:

309 2334 420 2403 usque
439 2335 481 2380 eo
502 2307 681 2402 impellunt
697 2309 833 2391 obvios,
854 2325 890 2378 et
910 2333 947 2378 se
966 2310 1116 2402 aliosque
1134 2308 1369 2404 praecipitant!

307 2447 417 2516 quum
437 2422 573 2492 interim
592 2423 827 2503 cucurrerint,
849 2437 908 2490 aut
928 2422 1128 2491 salutaturi²
1142 2424 1291 2516 aliquem
1310 2447 1373 2491 non

309 2541 596 2620 resalutaturum,
618 2555 678 2608 aut
705 2538 805 2608 lituus
830 2540 936 2632 ignoti
964 2540 1111 2608 hominis
1137 2542 1373 2633 prosecuturi,

308 2670 371 2726 aut
383 2655 552 2749 judicium
566 2678 655 2747 saepe
670 2653 856 2747 litigantis,
877 2671 936 2722 aut
953 2656 1120 2748 sponsalia
1137 2681 1226 2750 saepe
1244 2656 1376 2724 nuben-

313 2773 375 2856 tis,
405 2789 440 2841 et
458 2772 612 2842 lecticam
633 2771 808 2852 resectati,
830 2769 1032 2863 quibusdam
1052 2771 1132 2840 locis
1155 2789 1190 2840 et
1207 2772 1274 2866 ipsi
1292 2771 1376 2840 tule-

312 2891 407 2975 υἱοῖς
428 2889 555 2959 deinde
572 2887 707 2958 domum
723 2911 798 2956 cum
816 2911 1024 2982 supervacua
1040 2889 1224 2958 redeuntes
1244 2891 1375 2958 lassitu-

315 3005 415 3088 dine,
434 3005 555 3098 juraut
570 3007 718 3074 nescisse
737 3027 773 3071 so
794 3005 904 3096 ipsos,
925 3026 1031 3096 quare
1045 3006 1206 3088 exierint,
1223 3007 1284 3074 ubi
1304 3007 1376 3075 sue-

315 3121 407 3203 rint,
423 3136 558 3212 postero
574 3117 630 3187 die
647 3120 792 3187 erraturi
806 3118 999 3212 pereadent
1012 3119 1070 3187 illa
1085 3121 1243 3214 vestigia.
1260 3121 1376 3200 Omnis

270 3259 289 3311 3
315 3239 429 3328 itaque
449 3237 546 3306 labor
565 3236 679 3328 aliquo
699 3235 886 3317 referatur,
908 3233 1022 3326 aliquo
1035 3237 1206 3330 respiciet.
1230 3239 1306 3306 Non
1324 3239 1375 3304 in-

315 3437 388 3490 Tscit
405 3437 549 3489 Annallib·
557 3437 596 3492 xl
607 3438 683 3502 ,e.8;
695 3436 824 3488 DioCaee.
873 3440 905 3500 5,
916 3455 950 3486 vs.
967 3455 976 3487 t
988 3439 999 3500 )
1012 3437 1078 3489 nillil
1092 3451 1171 3510 agunt
1186 3453 1210 3492 et
1225 3439 1375 3494 derideatur.

315 3513 362 3566 lib.
374 3514 456 3564 LVlll
466 3533 535 3585 ,cap
545 3533 573 3578 ²7
585 3553 592 3577 ,
605 3513 650 3566 lib.
664 3513 707 3564 Lx
718 3550 725 3577 ,
737 3531 788 3586 etp.
799 3515 824 3567 8.
910 3531 929 3564 t.
940 3514 1070 3568 Fomicit
1072 3555 1110 3569 .....
1118 3529 1240 3585 afflantur.
1250 3518 1312 3572 Huc
1321 3539 1377 3570 con—

318 3592 389 3646 tlltor
402 3595 412 3658 (
424 3591 592 3654 Ptolomeus)
606 3589 758 3644 ittextilium
767 3589 815 3642 mis
874 3603 911 3642 tra
927 3590 1055 3644 historiam
1073 3594 1213 3647 naturalem
1231 3596 1297 3648 dicta
1310 3617 1376 3654 esse,

317 3691 359 3724 sne
380 3684 403 3722 et
425 3670 452 3724 in
473 3670 514 3722 via
538 3669 633 3722 nocuus
655 3681 707 3722 est:
721 3667 825 3742 proinde
874 3669 1285 3742 vixquemqntmltujushistorit
1294 3673 1377 3724 mrio-

317 3747 381 3800 alter
393 3746 589 3815 (Mithridates)
600 3747 716 3819 optabat,
731 3758 777 3800 cte.
875 3763 931 3796 enm
951 3746 1040 3818 lugiet.
1053 3747 1115 3798 >lam
1136 3747 1252 3816 Plinius,
1271 3749 1315 3802 lib.
1328 3749 1375 3812 xt,

352 3823 411 3876 llll.
431 3827 502 3876 Aua.
518 3822 635 3876 Actiones
652 3822 756 3876 inutiles
769 3835 829 3874 tant
876 3843 929 3897 etp.
940 3825 986 3888 ³6,
998 3825 1054 3896 Bip.
1063 3825 1158 3896 aliique
1167 3839 1225 3879 ante
1237 3847 1294 3880 eum
1306 3827 1378 3879 sss

319 3901 378 3954 ideo
408 3899 540 3967 vitanda,
564 3921 611 3954 nse
639 3898 828 3972 exprimendum
877 3919 966 3954 necem
977 3901 1026 3955 lice
1038 3901 1185 3956 docuerunt.
1198 3905 1287 3959 Horat.
1297 3906 1341 3958 lib.
1354 3905 1375 3962 l,

318 3980 377 4034 vite}
388 3999 469 4050 genus
481 3999 583 4044 eorum,
595 3978 639 4049 qui
651 3978 829 4050 slisosnego-
877 3980 953 4034 satir.
973 4001 1001 4046 r,
1022 4001 1084 4033 vera
1102 3981 1136 4034 33
1154 4001 1160 4033 :
1182 3983 1327 4058 «Exemplo
1345 3993 1376 4034 ert

322 4056 357 4108 tie
367 4069 492 4128 captantes
504 4056 636 4128 (Setageos
643 4056 827 4130 Notusllpist
876 4059 963 4130 magni
974 4059 1080 4111 formica
1092 4057 1184 4112 laboris
1193 4097 1201 4124 ,
1211 4073 1259 4113 ete.
1271 4081 1285 4108 ι

321 4136 355 4208 98
367 4155 374 4198 ;
385 4155 465 4208 grem
475 4139 669 4205 πολυπράγμονας
683 4154 690 4188 t
708 4136 827 4190 Ardalio-
909 4153 932 4186 t.
942 4135 1097 4189 Saturam
1109 4136 1208 4206 Spectat
1219 4136 1309 4190 licead
1321 4133 1375 4188 olli-

318 4211 480 4286 nesappellst
492 4211 628 4280 Phaidros,
642 4212 684 4266 lib.
699 4214 723 4266 ll
730 4213 825 4292 ,fabul
875 4214 931 4282 cis,
953 4230 1009 4284 qnoe
1038 4213 1140 4266 honoris
1168 4233 1242 4266 tauta
1271 4215 1374 4286 pauoris
