2930 4956
270 473 338 542 at)
363 471 774 542 sT010.Prllnos.
800 471 899 540 Liii.
924 472 953 538 1.
1048 469 1150 556 lxxvii

87 628 143 678 tros
161 637 230 679 esse
253 627 287 677 et
304 613 439 697 conspici
458 612 490 672 in
513 611 688 688 sententiis,
706 613 738 674 in
759 611 912 684 consiliis;
937 609 1012 673 nibil
1033 610 1156 695 gratiae,

88 723 152 784 nibii
165 723 264 784 metari
279 723 371 791 darc,
385 719 489 780 ornnia
502 719 541 778 ad
553 716 577 779 J
578 718 635 779 usti
649 739 791 780 normam
806 718 937 801 dirigere
949 743 958 788 ς
980 717 1060 778 uitro
1077 717 1157 778 iate-

89 849 149 888 mur
165 851 172 887 :
190 840 225 888 et
240 825 322 887 banc
335 820 547 900 Libertatem,
561 843 622 884 non
637 820 889 900 Contumaciam,
903 842 1071 884 censemus.
1087 819 1161 883 Uti·

88 956 150 995 nam
161 933 258 995 bodie
272 932 305 992 in
318 929 439 1014 Regum
455 927 688 1012 principumque
703 929 836 994 consiliis
845 930 921 992 sint!
934 929 1048 990 utinam
1064 929 1096 990 in
1108 931 1160 991 tri-

88 1037 259 1100 bunalibus!
273 1057 337 1098 non
348 1035 491 1119 poeniteat
502 1034 648 1116 ejusmodi
657 1034 856 1098 Tuberonum
865 1048 916 1098 aut
926 1032 1087 1099 Catonum.
1099 1031 1162 1097 Sed

86 1142 196 1207 Seneca
221 1142 378 1213 audiatur,
400 1140 459 1202 boc
477 1139 576 1224 ipsrnn
592 1139 709 1203 diluens
730 1164 737 1199 :
758 1137 898 1203 «Errare
911 1140 987 1202 mihi
1001 1139 1158 1216 ridentur,

87 1253 132 1332 qui
145 1250 322 1312 existimant
332 1245 531 1331 philosophiae
547 1245 637 1326 (huic
648 1243 778 1324 Stoicae)
793 1247 921 1310 fideliter
937 1247 1073 1318 deditos,
1091 1267 1162 1310 con-

87 1371 216 1419 tumaces
229 1376 311 1428 csse,
323 1367 354 1415 et
364 1351 575 1426 refractarios,
594 1372 630 1414 ac
642 1366 866 1436 contemptores
884 1352 1115 1435 magistratuum
1129 1364 1159 1412 et

86 1460 222 1544 Regum,
244 1479 389 1522 eorumve
411 1480 466 1541 per
486 1477 561 1538 quos
581 1455 701 1539 publica
719 1458 971 1520 administrantur.
988 1456 1015 1518 E
1035 1471 1160 1520 contra-

87 1569 129 1628 riu
147 1568 256 1641 enim,
280 1565 355 1626 nulii
380 1565 523 1624 adversus
546 1562 616 1624 illos
635 1563 785 1646 gratiores
804 1577 873 1624 sunt
893 1584 901 1620 ι
924 1563 1161 1626 necimmerito.

85 1673 183 1736 Nniiis
193 1674 281 1736 enim
292 1671 360 1754 plus
371 1683 522 1753 praestant,
531 1690 622 1750 quam
631 1669 739 1750 quibus
749 1669 808 1730 frui
820 1669 981 1750 tranquillo
992 1669 1055 1732 otio
1062 1669 1161 1732 iicet.»

85 1779 245 1862 (Epistola
262 1780 396 1854 txxtu.)
411 1775 494 1837 Nota
514 1789 544 1837 et
562 1776 622 1839 boc
643 1777 680 1836 de
703 1773 778 1837 Otio
797 1799 804 1836 ι
826 1777 908 1857 quod
930 1776 1068 1860 pierique
1091 1799 1162 1840 sane

86 1884 343 1968 pbilosophorum
363 1881 585 1965 amplectuntur
601 1904 609 1940 ι
626 1881 688 1964 apti
704 1877 897 1965 reipublicae,
914 1883 1041 1944 sednon
1060 1885 1164 1957 omni;

88 2013 183 2073 neque
205 1989 345 2052 adversis
363 1987 460 2050 ventis
474 1987 541 2049 reia
557 1986 687 2049 solvunt.
706 1985 880 2068 iterumque
901 1984 1034 2064 Seneca,
1055 1990 1166 2055 dehac

86 2097 320 2158 criminatione:
335 2119 349 2148 α
365 2092 437 2156 Scio
450 2093 530 2154 maie
542 2093 645 2155 audire
656 2094 736 2176 apud
750 2093 905 2176 imperitos
916 2107 1029 2158 sectam
1046 2093 1165 2159 Stoico-

87 2225 170 2275 rum,
193 2217 354 2282 tamquam
368 2200 459 2262 nimis
471 2202 598 2272 dmum,
620 2213 650 2260 et
664 2199 790 2262 minime
804 2197 994 2284 Principibus
1009 2199 1161 2286 Regibus·

87 2331 142 2390 que
167 2312 314 2372 daturam
332 2307 447 2370 bonum
470 2307 639 2370 consiiimn.
662 2304 725 2370 Sed
740 2306 823 2368 nulla
842 2321 923 2370 secta
938 2306 1098 2392 benignior
1117 2311 1165 2373 le-

85 2417 217 2499 niorque
235 2427 301 2488 est,
320 2413 402 2476 nulla
422 2412 764 2490 amantior‘bominum,
788 2427 818 2476 et
837 2415 1047 2479 communibus
1071 2429 1166 2480 atten⁴

84 2525 145 2586 tior
162 2547 171 2584 z
190 2535 226 2584 ut
244 2522 296 2585 cui
311 2521 501 2604 propositum
517 2520 571 2596 sit,
586 2521 654 2582 usui
667 2541 733 2584 esse
747 2534 799 2583 aut
814 2521 925 2583 auxilio
937 2567 946 2599 ,
959 2543 1016 2586 nee
1029 2522 1086 2585 sibi
1098 2525 1168 2586 tan-

85 2643 172 2706 tum,
199 2630 255 2692 sed
277 2627 425 2689 universis
446 2625 629 2710 singulisque
653 2626 849 2689 consulere.»
869 2625 930 2706 (ΙΙ.
947 2625 998 2690 De
1019 2625 1169 2691 Clement.

85 2759 116 2800 e.
130 2737 187 2814 5.)
209 2733 242 2798 0
257 2733 324 2798 baec
339 2733 481 2795 admitte!
505 2746 535 2795 et
548 2753 608 2794 una
621 2731 696 2794 iilud
709 2733 808 2809 disee,
832 2732 918 2795 lenes
931 2745 962 2794 et
976 2733 1065 2796 mites
1081 2754 1167 2812 esse,

85 2840 304 2906 communium
323 2839 475 2901 bonomnn
496 2837 641 2923 cupidos,
663 2857 738 2913 nec,
756 2849 790 2898 ut
805 2835 992 2920 Epicratem,
1013 2839 1101 2901 unius
1124 2842 1170 2902 sui
1219 2854 1223 2862 “

86 2969 199 3012 curam
210 2958 344 3030 agentes.
355 2942 520 3026 Quomodo
531 2963 593 3006 non
604 2943 684 3020 sint,
699 2941 806 3024 quibus
815 2942 875 3006 boc
890 2944 969 3006 inter
981 2945 1080 3027 prima
1092 2948 1170 3030 dog-

87 3068 200 3130 mata,
219 3051 337 3116 «Cives
352 3073 384 3113 se
398 3049 501 3113 mnndi
516 3049 604 3113 esse?
619 3048 734 3112 Totum
747 3049 827 3112 hunc
841 3049 970 3124 orbem,
985 3051 1137 3134 patriam?
1152 3082 1166 3107 η

87 3160 203 3242 Inque
219 3173 251 3222 et
263 3158 339 3220 iiind
352 3157 523 3233 imbibunt,

295 3283 356 3334 Nora
366 3281 432 3348 sibi,
443 3282 487 3336 sed
500 3280 545 3334 toti
557 3280 655 3351 genitos
665 3299 691 3333 se
703 3279 803 3334 credere
814 3283 920 3337 mundo.

87 3395 174 3478 Quae
184 3395 259 3458 satis
270 3392 408 3456 reseiiant
417 3392 476 3455 hoc
486 3393 522 3454 de
534 3389 733 3456 Contumacia
743 3435 752 3470 ,
764 3405 816 3454 aut
825 3393 955 3456 aliorum
966 3392 1150 3481 Contempto
1161 3423 1169 3460 z

86 3517 186 3585 atque
202 3523 262 3562 una
275 3545 285 3576 ,
299 3501 380 3582 quod
394 3500 432 3561 de
449 3497 623 3561 Acerbitate
641 3498 672 3558 in
686 3510 822 3560 extremo
837 3499 967 3562 dicebas.
981 3497 1042 3562 Sed
1059 3502 1174 3565 caium·

87 3607 183 3668 uiuae
203 3601 326 3666 dicebas
340 3598 521 3664 Ciceronem
542 3599 602 3663 hoc
620 3598 770 3673 scribere,
790 3601 871 3680 quod
890 3619 952 3663 nnn
967 3601 1093 3685 scripsit
1103 3602 1173 3667 Ne·-

86 3733 152 3793 qne
165 3711 254 3773 euim
274 3707 326 3770 iiic
344 3737 359 3762 α
372 3707 499 3770 acerbos
516 3706 597 3768 exire
611 3727 627 3767 e
644 3705 776 3768 Zenonis
793 3705 896 3769 schola
912 3735 927 3761 o
946 3707 1080 3770 definivit
1095 3733 1104 3770 t
1120 3715 1173 3775 sed

91 3847 107 3872 ·
119 3837 220 3902 posse
243 3815 355 3876 exire»
381 3812 498 3889 (verba
513 3811 580 3873 ride
594 3809 627 3894 r)
651 3811 768 3892 etquis
789 3811 820 3874 id
843 3813 957 3895 neget?
978 3835 1040 3876 non
1057 3818 1174 3901 magis,

90 3945 192 4006 quam
207 3945 224 3984 e
237 3921 477 3984 Dialectieorum
491 3918 610 3996 schola,
629 3917 805 4002 Sophistas;
826 3939 843 3982 e
857 3917 1148 3986 Jur'nsconsuitorum
1162 3971 1171 4002 ,

89 4031 244 4100 rabulam
263 4026 477 4105 Medicorum,
500 4025 664 4088 carnifices.
689 4023 797 4106 Neque
815 4025 861 4086 iiii
879 4023 943 4088 bac
963 4029 1071 4092 docent
1091 4053 1099 4089 s
1122 4034 1175 4094 sed

92 4136 235 4217 deliquia
244 4147 314 4196 srmt
326 4154 418 4216 prave
435 4131 627 4215 capientium,
643 4130 859 4212 utentinmqne.
871 4127 931 4194 Hic
946 4132 1059 4208 simile;
1075 4135 1175 4198 Zeno·
1222 4137 1231 4164 ‘

92 4243 145 4304 nis
163 4239 293 4308 scbola,
319 4259 384 4318 quae
404 4250 467 4299 tota
482 4235 611 4298 Virtutis
627 4249 693 4312 est,
716 4255 854 4311 severos,
872 4257 934 4298 non
950 4237 1059 4302 molles
1079 4240 1176 4317 iacit,

94 4347 209 4433 asperi
221 4359 272 4409 aut
283 4343 386 4408 acerbi
401 4343 484 4424 siqui
494 4344 654 4427 prodeunt,
664 4339 737 4413 vitio
751 4339 874 4405 iliorum
891 4355 921 4406 ct
931 4341 1054 4406 bumani
1064 4345 1176 4430 ingenii
