2926 4958
261 457 332 525 ΔΙ)
357 454 529 524 STOlC.
556 449 758 520 ΡΗΙΙιΟὸ.
788 447 882 514 LlB.
908 449 959 514 ll.
1045 469 1152 518 cxxxv

86 602 160 662 aliter
173 599 292 683 potius,
307 617 398 678 quam
409 595 490 656 aliud
501 593 600 655 dicent
615 614 622 649 ι
636 605 737 653 tamen
751 591 831 666 audi,
845 611 910 672 quae
922 586 1051 652 delectet
1059 587 1151 648 etiam

86 721 128 768 ιιι
145 708 232 789 juvet
247 705 379 766 audisse.
400 699 564 786 Chrysippi
583 718 669 760 mens
697 707 779 772 eret,
796 695 971 756 Hunorum
990 693 1153 766 Nonarum,

86 814 260 896 capiendam
276 811 369 873 ιιίιπι
386 827 460 870 esee.
477 803 579 869 Credo
594 817 625 866 et
639 803 751 879 Tullii,
767 803 799 862 in
813 802 860 863 bis
872 801 974 865 verbis
990 821 998 858 t
1016 825 1032 854 ιι
1047 797 1098 862 Sic
1110 813 1155 861 eat

87 919 265 994 comeum,
282 931 315 978 ut
335 928 440 979 contra
457 913 630 975 universam
653 909 803 972 Naturam
817 905 892 970 nibil
914 905 1153 981 contendamus,

87 1037 112 1084 et
124 1045 157 1086 ea
174 1038 283 1086 tamen
297 1033 492 1091 conservata,
506 1019 649 1100 proprium
664 1032 833 1096 sequenter.
850 1039 866 1068 ι
882 1009 913 1092 (1
929 1011 1009 1088 Off.)
1025 1009 1100 1092 Qoze
1119 1031 1156 1072 ee

86 1131 144 1190 est?
162 1131 196 1190 in
209 1127 303 1189 nobis
317 1125 420 1188 Ratio.
435 1151 451 1180 ιι
466 1122 549 1204 Quid
562 1135 664 1184 autem
677 1135 723 1183 est
736 1118 850 1182 Ratio?
865 1119 932 1197 (ait
944 1115 1082 1193 θᾶκοι)
1093 1115 1158 1178 Ne-

85 1251 150 1296 turae
168 1233 314 1296 imitatio.
333 1231 415 1312 Quid
428 1245 474 1293 eet
488 1229 648 1293 Summum
661 1227 805 1288 lionnnt.i
823 1245 859 1288 eu
869 1225 993 1288 Nature
1004 1223 1156 1288 voluntate

85 1361 239 1424 regerere.
257 1367 273 1392 ι
286 1337 358 1422 (Ep.
373 1341 476 1413 curt.)
495 1335 610 1398 lterum
623 1333 695 1398 alibi
712 1358 719 1392 :
740 1361 754 1387 ιι
768 1329 851 1414 Quid
863 1329 954 1393 Ratio
968 1329 1155 1412 bncexiga't?

85 1469 145 1510 rent
158 1445 353 1521 facillimam,
363 1441 536 1508 Secundum
549 1455 689 1504 uentrem
702 1450 789 1502 sctum
799 1440 910 1502 vivere.
923 1465 938 1492 ι
950 1435 1063 1522 (Epist.
1080 1439 1158 1514 xer.)

85 1553 175 1616 Vides
194 1553 301 1614 omnic
318 1549 489 1614 comentire
511 1548 611 1624 belle,
630 1560 660 1609 et
677 1547 759 1608 velut
779 1545 960 1608 concinere?
978 1541 1158 1608 Communis

84 1659 193 1737 liano,
206 1658 399 1730 Naturane,
413 1670 446 1717 ut
455 1655 582 1718 diximus
595 1681 603 1714 ι
616 1656 680 1737 ejus
691 1668 763 1736 pers
772 1651 836 1714 brec
847 1665 968 1728 nostra,
981 1663 1011 1712 et
1021 1653 1051 1712 in
1061 1671 1157 1734 parvo

84 1766 135 1826 isto
146 1765 265 1826 mundo
281 1763 403 1826 inclusa.
419 1759 604 1847 Chrysippus
617 1761 682 1844 ipse
699 1783 707 1818 ι
726 1785 741 1816 ιι
758 1756 863 1820 Partes
873 1758 955 1820 euim
966 1771 1035 1820 senet
1049 1771 1158 1818 nostre

86 1871 226 1945 Nam,
247 1869 331 1930 illius
350 1866 530 1932 Communis
550 1879 581 1928 et
597 1865 761 1928 Universae.
779 1891 794 1920 ιι
811 1863 934 1945 (Caere
952 1867 982 1926 in
999 1865 1158 1942 Zenone.)

86 1977 194 2040 Noster
204 1974 344 2038 Seneca
360 2001 375 2028 ι
390 1973 492 2036 Omne
503 1973 562 2036 hoc
576 1976 657 2053 quod
667 1971 749 2034 vider
766 1991 858 2034 uuum
871 1985 916 2033 est
934 1996 940 2029 :
956 1971 1096 2032 membra
1109 1993 1157 2034 su·

87 2103 150 2144 nes
171 2081 315 2164 eorporis
329 2079 439 2162 magni.
455 2105 470 2132 ι
484 2076 560 2158 Quae
568 2079 640 2140 talia
654 2083 741 2157 (nam
750 2092 828 2160 ape
838 2081 1012 2155 occurrunt)
1025 2095 1063 2138 eo
1074 2097 1156 2160 spec·

84 2203 157 2264 tant,
173 2191 260 2270 quod
275 2207 347 2270 pars
362 2186 415 2247 illa
428 2211 443 2240 ιι
455 2184 561 2246 Diviui
570 2185 733 2268 spiritusin
746 2185 805 2246 boc
821 2203 949 2267 corpore
960 2186 998 2246 sit
1012 2184 1126 2246 inclusa
1137 2211 1152 2236 ι

86 2296 167 2375 (Sen.
183 2295 287 2371 alibi.)
305 2315 313 2351 ι
330 2313 422 2374 quem
434 2277 597 2354 Rationem
610 2291 808 2375 appellarem.
822 2289 882 2354 Hic
891 2289 1064 2354 Stoicorum
1071 2311 1158 2356 corn-

84 2403 181 2462 munis
193 2421 299 2463 sensns
310 2413 374 2475 est,
388 2399 462 2460 alibi
474 2401 669 2481 ponenduset
679 2399 870 2482 explicandus
878 2395 937 2478 (lll
946 2395 1154 2484 PbyeiolDis

83 2522 151 2569 sert.
165 2507 260 2584 vul.)
278 2503 339 2568 Sed
354 2505 467 2566 bonam
481 2525 592 2588 nempe
606 2519 779 2586 rectamque
792 2503 870 2568 banc
884 2502 1048 2566 Rationem
1061 2506 1155 2566 intel-

81 2613 219 2696 ligimin,
237 2611 356 2674 Dirinae
369 2611 415 2672 illi
430 2611 637 2689 conformem
654 2631 715 2686 non
729 2612 884 2676 erroribus
899 2626 951 2674 ant
964 2613 1154 2695 opinionibus

82 2721 244 2783 turbatam.
261 2718 424 2802 Appellant
436 2722 554 2788 nostri.
571 2718 760 2796 perfectam,
780 2720 977 2798 Absolutum,
999 2720 1154 2784 Conmm-

82 2841 195 2889 nutam
218 2851 227 2886 ι
249 2825 321 2907 quid
335 2826 399 2888 ita?
420 2828 490 2908 quia
517 2826 667 2890 Doctrina
689 2847 799 2910 nempe
823 2827 993 2908 perficitur,
1020 2841 1050 2889 et
1073 2830 1154 2910 qood

83 2934 262 2996 inchoamm
287 2933 319 2994 in
341 2953 413 2995 eae
437 2932 560 2996 Nature
581 2933 694 2995 notitiis
714 2947 796 3009 erat,
814 2945 1034 2998 consummatur.
1054 2931 1153 3017 Supra

80 3038 164 3121 tetigi
181 3062 190 3098 z
210 3051 241 3100 et
253 3036 402 3102 Senecam
415 3059 473 3122 pro
484 3039 540 3101 ista
555 3059 635 3103 nunc
648 3059 682 3102 re
693 3041 772 3102 audi.
787 3067 801 3094 ι
820 3039 856 3102 ln
868 3039 992 3102 homine
1007 3042 1154 3124 optimum

79 3145 229 3224 quidest?
244 3143 336 3206 Ratio
351 3173 359 3218 ς
384 3146 441 3208 hec
457 3148 606 3210 antecedit
621 3147 779 3224 animalia,
801 3145 888 3212 Deos
901 3150 1042 3230 seqnitur.
1063 3147 1155 3212 Retio

79 3273 156 3334 ergo
168 3251 318 3334 perfectu,
333 3255 492 3337 propritnn
508 3255 640 3318 bominis
659 3257 775 3319 bonum
793 3272 847 3320 cst.
867 3285 881 3312 ιι
898 3255 1016 3340 (Epist
1033 3260 1155 3334 cxxvt.)
1262 3337 1273 3355 Ι

79 3355 121 3419 Ει
133 3381 206 3421 mox
221 3360 302 3422 addit
314 3383 322 3418 ε
338 3388 353 3414 ιι
367 3357 459 3424 Ratio
469 3374 552 3422 recta
567 3374 597 3423 et
610 3374 804 3424 consummata
812 3409 823 3440 ,
835 3364 1009 3426 felicitatem
1023 3361 1155 3424 bominis

78 3463 227 3548 implevit.
246 3493 261 3518 ιι
276 3464 401 3546 (thid.)
416 3463 589 3547 lterumque
604 3490 611 3526 ε
628 3495 643 3520 ιι
659 3465 763 3547 Quum
775 3469 840 3532 sola
861 3469 938 3530 ratio
949 3465 1083 3551 perficiat
1094 3467 1154 3530 ho-

78 3571 196 3632 minem
207 3570 257 3652 (id
268 3584 330 3646 est,
341 3569 474 3654 perfecte
489 3569 605 3634 bonum
613 3569 715 3650 faciat)
725 3574 790 3635 sola
798 3569 890 3636 Ratio
901 3572 1025 3656 pep‘ecto
1035 3574 1156 3636 beatum

78 3677 159 3739 iacit
175 3678 227 3740 Ad
246 3678 344 3760 ipsam
358 3679 621 3762 germanissimam
636 3679 699 3742 baec
716 3682 818 3742 omnia
832 3671 996 3765 Chrysippi
1010 3695 1156 3744 mentem.

78 3781 182 3866 Aqua
195 3805 254 3846 nec
263 3783 352 3868 longe
364 3784 428 3846 abit
437 3829 447 3854 ,
457 3785 666 3864 imo'uclsidet‚
681 3789 762 3868 quod
770 3785 925 3869 Diogenes
938 3785 1155 3872 (Babylonius,

78 3893 177 3972 plo)
200 3891 334 3954 zenonis
356 3884 495 3975 ὁμολογίαι
515 3889 790 3975 interpretabatur,
817 3898 974 3975 ιύλογιστίαι
1004 3900 1030 3956 iv
1051 3909 1085 3976 τῇ
1108 3907 1158 3957 τῶν

78 4001 148 4060 eard
164 4005 240 4078 ptos
255 4003 369 4081 διὶιγῇ,
392 4005 436 4060 ιιι
453 4003 583 4081 tenetote
601 4019 609 4058 t
632 4025 647 4052 ιι
660 3995 788 4062 Rectam
810 3991 1086 4062 Ratiocinationem
1101 4046 1110 4077 ,
1127 4003 1159 4062 in

78 4103 232 4166 electione
248 4119 300 4166 aut
317 4102 484 4186 rejectione
493 4125 602 4168 eornm
614 4127 681 4187 quae
691 4124 729 4168 es
745 4102 900 4168 Neutra.»
914 4105 997 4168 Nam
1011 4106 1074 4168 hnc
1087 4104 1160 4168 Sto-

76 4208 160 4272 bm
177 4213 310 4292 itemque
320 4207 460 4274 Laertius
470 4210 603 4295 Diogeni
614 4227 718 4294 aperte
728 4214 902 4276 ascribent
912 4236 920 4272 ι
933 4227 990 4276 nec
1003 4210 1156 4276 Clementi

76 4318 325 4397 παιωνίαισι
337 4339 427 4400 supra
438 4317 615 4400 verbis)qui
629 4316 809 4382 Cleanthem
823 4321 965 4384 fecithoc
978 4333 1161 4384 censentem.
