2894 4954
377 400 532 471 macr
556 402 616 489 11,
641 401 748 469 car.
774 401 816 468 v.
1061 402 1121 470 261

74 551 186 596 acrcna
194 530 268 622 ejus
274 553 369 598 mens
379 549 449 615 eet3
462 556 526 599 nec
538 531 723 623 quidquam
734 528 886 600 incidere
892 544 1019 624 potest,
1035 530 1127 622 quod

74 645 159 712 illam
169 645 315 715 obducat
326 649 352 732 *ς
369 647 547 738 nihilque,
567 672 668 741 quam
679 653 691 682 ²
703 671 845 740 magnus
855 645 1099 726 animuadecet
1116 675 1123 712 :

74 785 136 829 non
151 777 262 855 potest
277 777 389 831 autem
404 787 551 861 magnus.
565 788 638 832 esre
657 761 768 847 idem,
788 765 817 832 ei
830 779 939 832 metue
952 779 987 832 ct
1003 747 1128 832 moeror

74 869 280 960 contundit³‚
297 878 326 946 ai
339 893 487 945 mentem
500 877 639 946 obducit
648 894 683 946 et
695 880 876 964 contrabit.
898 883 970 952 Hoc
983 880 1127 972 sapienti

76 994 158 1061 ncin
171 995 240 1062 auia
257 992 395 1087 quidem
408 994 539 1062 accidet
551 995 817 1078 calamitatibus,
839 995 899 1064 aed
911 1020 1044 1064 omnem
1059 995 1128 1064 for·

73 1125 158 1178 tunoe
176 1111 261 1178 iram
279 1110 514 1180 reverberabit
530 1105 558 1192 ⁴,
576 1127 611 1178 et
626 1099 705 1192 ante
723 1135 759 1178 ae
779 1104 949 1204 franget⁵3
973 1109 1127 1178 camdem

72 1247 200 1317 semper
217 1221 337 1292 faciem
355 1219 537 1308 cervahit⁶,
553 1223 740 1317 placidam,
761 1225 993 1294 inconcussam
1011 1251 1019 1290 z
1036 1223 1129 1316 quod

72 1340 177 1408 lacere
195 1363 264 1408 non
282 1355 411 1433 posset,
433 1341 460 1408 ei
479 1340 649 1408 tristitiam
674 1341 855 1434 reciperet.
881 1340 1019 1433 Adjice,
1036 1339 1128 1432 quod
1153 1356 1168 1406 5

70 1457 198 1548 sapiens
215 1455 392 1550 providet,
414 1458 501 1524 etin
519 1456 675 1549 expedito
692 1457 870 1530 concilium
892 1457 996 1527 habet
1008 1483 1128 1544 quun·

71 1593 164 1660 quam
173 1585 287 1638 autem
296 1569 463 1663 liquidum
474 1571 711 1663 sincerumque
724 1594 765 1638 ex
776 1570 1127 1654 turbidovenit,Tris-

72 1685 138 1752 titia
149 1687 241 1754 enim
252 1685 413 1754 inhabilia
427 1699 478 1753 cst
490 1683 534 1752 ad
549 1685 777 1778 dispiciendas
788 1711 866 1768 ree,
881 1687 1128 1780 utilia-excogi-

71 1802 167 1870 tanda
180 1808 206 1886 ⁷,
218 1800 552 1897 periculoaavitanda
566 1852 575 1884 ,
597 1797 720 1896 aeqna'⁵
733 1803 940 1882 estimanda,
955 1807 1047 1898 ¹Ergo
1060 1828 1128 1873 non

71 1919 267 2001 miseretur,
296 1921 376 2010 quia
393 1931 427 1986 et
439 1918 512 1986 sine
531 1918 667 1986 miseria
682 1918 786 1985 animi
796 1939 865 1986 non
887 1918 950 1992 fit⁹
970 1944 991 1999 ε1
1007 1932 1130 1995 caetera

70 2145 151 2194 uirum
164 2163 218 2196 mn
235 2145 325 2212 cadit,
338 2155 384 2196 ete.
402 2143 468 2212 Qute
477 2143 526 2197 'bic
539 2144 571 2195 de
621 2145 883 2216 etstantesesmuget,
892 2144 1130 2220 prorsuajugulatur.

70 2222 173 2296 rapiente
182 2223 363 2297 precipiantur
372 2259 379 2286 ‚
389 2221 468 2275 simili
476 2222 572 2275 ratione
654 2231 677 2277 6.
691 2221 824 2288 Eumdem
838 2243 943 2295 ¹semper
951 2223 1054 2300 seriem
1071 2243 1130 2276 rer-

70 2317 135 2363 mor,
147 2307 295 2372 quanquam
306 2300 361 2352 aliia
373 2301 473 2366 verbis,
486 2301 573 2353 incul-
622 2299 700 2352 vabr't.
712 2299 768 2366 Hoq
787 2300 856 2353 enim
866 2301 986 2373 rapientia
1006 2319 1057 2352 eree
1069 2319 1130 2356 cre-

70 2391 160 2430 tautem
174 2378 319 2432 ridebimur
331 2397 337 2432 :
350 2401 387 2433 ea.
398 2401 419 2432 e.
434 2379 465 2433 de
478 2379 572 2452 Tranq.
622 2376 729 2442 debant,
746 2389 775 2428 ut
789 2377 882 2430 nonin
896 2380 999 2430 allectus
1013 2377 1131 2434 duntaxat

70 2453 149 2506 duim.
167 2454 231 2507 libb.
251 2455 304 2519 lll,
319 2456 355 2507 xl
364 2496 372 2519 ‚
391 2475 444 2528 sqq.
461 2457 525 2506 ltem
540 2454 572 2506 de
622 2454 760 2518 suos,atin
767 2455 865 2507 vultum
874 2455 1009 2530 imperium
1018 2455 1130 2509 baberet.

70 2529 193 2584 Comtant.
204 2533 266 2606 Sap.
277 2544 302 2584 et
310 2531 370 2585 alib.
623 2529 664 2582 Ad
681 2529 729 2583 boe
745 2531 806 2584 lacit
818 2531 887 2600 quod
903 2532 1012 2604 legitur,
1029 2533 1059 2584 de
1070 2533 1129 2596 Ira,

99 2627 119 2660 1.
133 2601 265 2662 Obducat.
279 2608 318 2661 De
331 2608 440 2661 nubibus
453 2607 572 2662 solemnia
622 2607 665 2660 lib.
683 2607 724 2671 ll,
744 2628 797 2681 cap.
813 2609 849 2662 δε
865 2630 878 2656 ιι
890 2610 997 2680 Desinet
1015 2610 1131 2664 Socrates

69 2684 572 2760 dietioeat‚respoudetquebicreserena.
622 2703 692 2759 potae
711 2685 828 2738 eumdem
843 2686 941 2738 vultum
960 2686 1066 2742 domum
1084 2704 1131 2738 re-

98 2783 119 2814 a.
131 2764 261 2834 Nihilque
267 2801 276 2826 ,
287 2782 377 2832 quam.
389 2761 493 2816 Ecodd.
506 2761 574 2814 Gru·
621 2763 685 2816 serre
691 2799 699 2828 ,
710 2783 787 2834 quem
796 2762 873 2816 domo
884 2762 1020 2816 extulerat?
1027 2785 1041 2810 a

69 2839 111 2892 teri
128 2839 239 2912 alliaque
257 2853 321 2894 reete
341 2839 449 2893 restituit
458 2839 572 2892 Gronov.
657 2859 680 2908 7.
690 2835 776 2891 Utilia
783 2840 1133 2909 excogitandassubaudad

70 2917 125 2968 Non
143 2919 213 2970 enim
237 2917 268 2970 de
283 2917 374 2987 quovit
393 2916 514 2981 bomine,
528 2918 572 2972 sed
622 2916 690 2990 qnod
700 2929 737 2970 ert
748 2929 804 2970 ante
815 2919 989 2987 dispiciendas
999 2938 1047 2972 rer.
1059 2917 1131 2970 ldem

72 2996 99 3050 de
110 2997 220 3070 ”pirate
233 2997 324 3071 agitur.
339 2998 423 3050 Antea
435 2995 529 3066 ubique
545 2997 573 3049 in
622 2994 688 3046 iufra
697 3006 755 3054 aute
760 3013 814 3064 per.
821 2998 868 3048 ur't.
878 3015 926 3064 oeq.
939 3001 1032 3050 oestt'rrt.

71 3074 124 3128 edd.
134 3077 264 3147 Nihilque
275 3093 348 3143 aque
366 3073 509 3136 bornehem,
528 3087 573 3127 ete.
654 3073 678 3126 8.
688 3072 793 3143 AEqua.
807 3073 945 3127 Pincianus
959 3094 988 3126 ea
999 3071 1131 3126 suiacedd.

72 3153 160 3206 sensus
171 3167 224 3218 eat:
232 3153 307 3206 Nihil
320 3165 372 3205 tam
385 3152 458 3204 decet
471 3153 575 3225 eapien-
623 3162 755 3223 receperat,
764 3151 1048 3204 aGronoriolaudatur.
1057 3152 1132 3203 Erat-

72 3243 116 3282 tem
131 3251 210 3303 quam
231 3250 339 3304 maguus
351 3230 458 3283 animus.
624 3229 839 3295 mur,utiomues
849 3229 944 3302 scripti,
957 3228 1132 3302 arque:impe·

100 3308 122 3360 3.
135 3311 288 3362 Contundit.
299 3308 413 3361 Gronov.
425 3306 576 3360 incudNa-
625 3306 677 3359 dieo
685 3325 767 3358 aenan.
779 3307 820 3360 De
832 3326 892 3358 vero
905 3306 973 3358 enim
983 3319 1007 3358 et
1017 3324 1091 3376 equo
1101 3305 1132 3358 ab

73 3384 127 3436 rari.
139 3384 250 3438 invenit
260 3386 379 3438 hermus
390 3403 491 3454 quoque
502 3396 576 3436 tenet.
626 3383 713 3455 iniquo
726 3383 881 3438 secernendo
894 3385 984 3459 agitur.

72 3465 448 3534 dnteazconfimdit.Cteterum
459 3465 577 3518 Gremer
657 3461 763 3532 9.]’3130
779 3483 830 3514 nun
847 3463 997 3528 miseretur,
1021 3463 1088 3531 qula
1108 3471 1134 3512 et

73 3543 179 3616 vestigiis
192 3544 258 3596 Nae.
274 3542 376 3616 legend.
390 3542 540 3596 videbatur:
553 3545 579 3594 ει·
625 3541 680 3591 sine
685 3541 794 3592 miseria
799 3539 885 3602 αηίηιὶ
892 3538 1043 3606 mnfit,etc.
1054 3535 1133 3609 Liptii

71 3621 577 3686 metmoer.c.mentem‚abjicitetconts
625 3613 1132 3687 judiciodebeturbaeclectiozcliuraui-

101 3701 123 3766 l.
150 3700 281 3762 Fortuna
307 3704 377 3752 iram
402 3699 577 3753 numerabit.
625 3715 685 3760 mo,
704 3695 721 3747 i.
734 3713 755 3746 e.
768 3692 1035 3758 alicanimolocum
1048 3702 1132 3741 tamen

72 3773 123 3827 lloe
132 3789 186 3842 eat,
200 3776 375 3830 verberantem
386 3777 514 3828 sonunam
521 3795 579 3829 ver·
627 3793 680 3824 nou
691 3773 797 3824 omuino
807 3771 946 3824 restitutum
966 3781 1034 3842 puto.
1049 3766 1133 3819 codd.

72 3851 331 3924 berebitssppeexdfl
342 3873 403 3906 nam
410 3853 578 3928 eapienaictue
627 3851 697 3904 enim
718 3862 742 3902 et
760 3849 855 3912 Erum
867 3847 980 3914 babent:
999 3846 1134 3914 qunen

71 3931 165 3984 fortiter
173 3931 297 3996 sustinet,
310 3951 364 3984 non
374 3932 457 3984 refert.
628 3933 802 3992 misereretur,
826 3931 891 4002 quia
913 3935 938 3992 et
955 3932 1011 3978 sine
1027 3927 1133 3976 miseria

102 4011 124 4060 5.
132 4007 352 4080 Ameresranget.
359 4008 394 4060 Ut
399 4008 503 4062 immota
512 4019 536 4058 et
542 4008 579 4060 in·
628 4009 712 4060 animi
718 4007 795 4076 Ksaell·
803 4016 895 4064 eoetem
906 4007 1014 4067 omnia,
1027 4020 1134 4073 querque

73 4104 190 4138 concussa
197 4105 297 4158 semper
304 4099 441 4158 rupesque
449 4083 538 4137 fluctus
546 4084 581 4137 al·
630 4084 786 4148 reiteretur(
798 4099 855 4150 quoe
871 4083 918 4149 qul
927 4082 1087 4131 miserentur.
1099 4077 1134 4127 E*

73 4159 127 4214 time
139 4163 246 4240 rumpit.
258 4162 326 4218 lliut
337 4162 414 4236 lipsii
424 4161 579 4234 conjectura,
630 4180 703 4218 rasin.
713 4161 730 4226 l.
758 4161 823 4220 Volo
836 4157 922 4226 secere
935 4157 1015 4211 libens
1034 4167 1057 4209 et
1066 4157 1135 4211 alius
