2896 4958
206 475 273 543 tn
297 473 468 543 suom.
492 471 694 543 neruos.
721 473 818 540 nm.
844 472 918 540 111.
1023 416 1143 554 aaut

67 621 177 695 omnia,
190 641 255 700 quae
266 617 376 699 ubique
388 629 485 678 essent
496 661 505 687 ,
517 612 667 698 Sapientis
682 615 764 678 esse?
776 614 929 676 neminem
940 609 1124 687 Consulem,
1171 655 1184 690 ,

66 722 243 799 Pmmrem,
266 721 508 806 Imperatorem?
530 724 632 786 nescio
648 742 687 783 en
700 741 740 782 ne
753 718 994 802 Quinquevirum
1005 718 1127 798 quidem

67 851 263 912 quemquam,
283 831 340 890 nisi
363 828 562 912 Sapientem?
581 828 679 892 solum
700 823 829 902 Civem,
845 825 943 886 solum
957 821 1126 886 Liberum?

68 935 241 1020 insipientes
252 959 358 999 omues
368 935 561 1020 Peregrinos,
573 935 718 1012 Exsules,
733 933 863 1010 Servos,
878 931 1046 993 Furiosus?
1058 929 1129 991 De-

68 1045 150 1123 nique
162 1044 274 1127 scripta
287 1041 438 1127 Lycurgi,
453 1042 593 1121 Solonis,
617 1043 788 1104 Duodecim
802 1040 919 1102 tabulas
934 1051 1053 1100 nostras
1066 1059 1128 1098 non

69 1170 126 1210 esse
148 1147 272 1232 Leges?
291 1170 349 1212 nec
366 1149 469 1211 Urbes
484 1150 612 1231 denique
626 1161 677 1210 aut
692 1146 853 1224 Civitates,
872 1146 929 1208 nisi
945 1166 1008 1225 quae
1031 1156 1129 1204 essent

67 1251 299 1337 sapientiumt»
315 1252 381 1333 (lv
392 1253 558 1331 Academ.)
576 1253 668 1316 Plura
689 1253 738 1315 bic
756 1253 850 1314 habes
871 1253 969 1334 ejusce
986 1249 1126 1333 generis,

66 1362 144 1421 seda
158 1359 340 1423 dictolonte.
353 1358 452 1445 Leges
470 1361 527 1422 illae
544 1361 620 1422 tales
634 1381 695 1422 non
710 1373 778 1422 sunt
793 1379 865 1420 vere
883 1355 1001 1440 Leges,
1012 1353 1128 1436 quare?
1142 1355 1147 1372 '

67 1466 131 1544 quia
148 1494 164 1518 κ
176 1463 242 1527 Lex
256 1479 301 1527 est
314 1479 396 1530 recta
410 1467 671 1550 ratio'imperandi
685 1479 773 1547 atque
784 1464 924 1537 vetandi,
940 1445 1028 1524 insita
1038 1483 1056 1522 a
1066 1459 1130 1523 Na·

65 1587 128 1633 tura
139 1601 155 1626 n
179 1594 187 1630 ε
206 1574 283 1636 tales
301 1587 363 1636 non
383 1587 452 1636 sunt
467 1574 535 1637 illae.
554 1574 629 1638 dam
647 1573 787 1639 «Civitas
800 1587 845 1636 est
859 1555 1131 1635 Coetus'hominum

66 1677 126 1756 jore
141 1679 289 1741 sociatus:
305 1707 320 1733 a
330 1680 355 1741 si
369 1680 452 1762 leges
468 1677 520 1742 aut'
531 1682 597 1762 jura
615 1700 677 1742 non
691 1693 774 1757 sunt,
791 1679 943 1760 quomodo
957 1675 1077 1738 civitas?
1093 1673 1132 1736 ad

65 1781 142 1844 idem
153 1783 230 1844 illud
239 1782 507 1847 redimus.Sedubi
517 1785 608 1869 igitur
617 1782 745 1868 Sapiens
758 1783 809 1845 ille
823 1781 970 1846 cirisest?
981 1781 1011 1842 in
1021 1801 1131 1864 magna

65 1887 118 1950 hac
133 1903 164 1950 et
178 1911 233 1951 sua
244 1891 320 1952 urbe
334 1936 342 1968 ,
355 1890 387 1952 id
403 1903 463 1966 est,
479 1887 606 1952 Mundo.
620 1888 777 1973 Pergimus
794 1914 802 1950 ι

103 1995 199 2055 Solum
218 1992 388 2070 Oratorem,
407 1997 544 2073 Pactam,
563 1997 703 2071 Doctum,
721 1998 841 2070 Vutem,
857 1995 1054 2072 Sacerdotem,
1070 2015 1130 2056 uno

68 2101 181 2175 verbo,
198 2103 303 2164 omnia
317 2123 393 2164 esse.
409 2100 543 2165 Stobteus
560 2126 567 2160 :
584 2129 599 2156 ιι
609 2099 717 2164 Solum
732 2104 815 2163 aiunt
830 2099 1004 2185 Sapientem
1019 2101 1131 2163 Vatem

67 2205 207 2280 lienum,
225 2221 256 2270 et
264 2207 392 2270 Poetam
404 2255 413 2283 ,
430 2223 460 2271 et
473 2207 661 2286 Rhetorem,
675 2206 931 2286 etDialecticum,
945 2206 1132 2272 etCriticum

68 2333 138 2375 esse.
148 2343 164 2367 υ
175 2314 271 2390 Nota,
285 2312 407 2377 Bonum
421 2339 429 2373 ε
444 2337 508 2378 esse
522 2328 648 2398 possunt
661 2315 857 2397 aliquatenus,
873 2317 953 2397 quod
967 2316 1006 2376 ad
1021 2327 1129 2384 artem;

66 2439 125 2480 non
135 2419 218 2482 Boni
234 2423 315 2502 qnod
329 2422 367 2483 ad
376 2443 463 2483 usum
475 2466 484 2494 ,
495 2433 583 2502 atque
594 2421 686 2482 etiam
695 2420 921 2503 perfectionem.
931 2418 1014 2481 Nam
1024 2419 1056 2479 in
1066 2439 1132 2478 om-

66 2524 152 2587 nibns
162 2525 224 2588 illis
238 2525 352 2588 artibus
363 2525 519 2592 Judicium
529 2538 559 2587 et
568 2524 738 2589 Consilium
749 2526 918 2588 necessaria
930 2547 937 2595 ς
953 2546 1017 2605 quse
1027 2526 1134 2586 desunt

65 2627 172 2692 Stulto.
194 2627 329 2692 Strabo:
351 2630 501 2713 «Antiqui
519 2633 620 2694 dicunt
640 2629 868 2714 Philosophiam
886 2632 1048 2711 quamdam
1068 2650 1132 2690 esse

65 2734 208 2798 Poeticen
221 2759 230 2796 t
243 2749 275 2799 at
286 2737 413 2817 nostri(
422 2739 453 2801 id
470 2752 528 2814 est,
543 2737 662 2816 Stoici)
679 2737 879 2800 etiamsolum
895 2733 1071 2818 Sapientem
1085 2737 1134 2797 di-

66 2857 133 2905 cum
145 2841 285 2906 Poetam.
299 2869 314 2896 a
326 2842 413 2923 (Lib.
426 2842 477 2921 l.)
491 2842 574 2924 Quid
588 2845 757 2907 mirantur?
770 2863 868 2904 nonne
883 2864 901 2904 e
916 2843 1004 2925 vulgo
1017 2840 1135 2904 Orato-

64 2972 130 3012 rem
145 2950 293 3012 definiunt
313 2949 451 3012 «Virum
466 2950 609 3026 Bonum,
631 2951 749 3013 dicendi
768 2949 920 3032 peritum?
938 2977 952 3004 u
976 2947 1019 3010 At
1038 2948 1134 3010 bonus

65 3058 134 3135 ille,
149 3073 197 3120 est
204 3057 340 3140 Sapiens.
353 3057 428 3120 Jam
438 3061 476 3120 de
491 3055 670 3133 Sacerdote,
683 3059 715 3119 in
725 3055 848 3120 laertio
860 3069 890 3118 et
900 3053 1019 3116 Stohaeo
1029 3055 1133 3126 hahes;

64 3165 131 3242 qnis
144 3177 250 3226 autem
266 3163 305 3224 ab
325 3161 378 3224 illo
395 3163 472 3224 alius
486 3161 635 3226 Pietatem
649 3163 736 3241 colit,
760 3185 825 3244 quae
841 3175 886 3222 est
898 3159 1137 3224 Scientiadivini

63 3269 182 3330 cultus?
199 3290 259 3330 nec
272 3269 337 3330 sine
354 3289 390 3330 ea
404 3266 553 3330 Sacerdos
568 3280 613 3330 est
625 3291 631 3326 :
645 3288 718 3350 ergo
734 3268 803 3330 talis
817 3289 910 3330 nemo
924 3265 1046 3330 Stultus.
1061 3265 1136 3327 Bre-

64 3377 160 3444 viter;
182 3376 350 3436 revocanda
367 3373 432 3436 brec
445 3372 549 3436 omnia
565 3375 604 3434 ad
616 3394 710 3434 unum
727 3373 801 3433 illud
813 3374 1014 3457 principium,
1032 3400 1046 3426 u
1059 3368 1137 3432 Om-

62 3481 112 3540 uiu
127 3493 212 3542 recte
223 3479 325 3540 facere
340 3476 514 3561 Sapientem
525 3505 540 3532 ι»
551 3502 558 3536 :
568 3480 604 3540 de
623 3497 682 3559 quo
697 3477 767 3539 dixi.
787 3476 968 3549 Athenaeus,
984 3475 1137 3538 sivealius

63 3589 143 3668 apud
160 3607 254 3658 eum,
271 3584 434 3646 subsannet
447 3608 455 3644 2
471 3581 630 3647 «Stoicum
644 3585 753 3667 dogma
768 3598 830 3660 est,
844 3588 925 3665 quod
938 3583 1039 3646 onmia
1054 3595 1136 3644 recte

62 3697 152 3758 saciet
166 3691 316 3776 Sapiens,
333 3693 424 3755 etiem
435 3691 609 3754 lenticulam
622 3692 751 3754 condiet.
764 3719 779 3744 ι»
796 3691 882 3771 (Lib.
893 3690 970 3768 IV.)
983 3689 1048 3768 lta,
1072 3689 1133 3765 ita,

64 3816 92 3862 et
108 3801 190 3863 hanc
210 3799 348 3870 condiet,
364 3799 391 3862 si
409 3796 550 3866 iubebit:
569 3810 599 3858 et
619 3797 691 3878 quid
712 3797 862 3880 amplius,
879 3795 985 3859 Sartor
1003 3811 1032 3858 et
1045 3795 1137 3860 Sutor

61 3911 131 3972 erit.

234 4052 375 4069 .........
389 4017 450 4068 Non
460 4016 541 4076 nosti,
555 4013 616 4084 qnid
626 4025 696 4086 pater
704 4013 748 4064 ille

230 4109 386 4182 Chrysippus
395 4107 478 4162 dicat?
489 4108 594 4182 Sapiens
604 4107 714 4180 crepidas
723 4106 771 4159 sibi
779 4127 911 4176 nunquam

229 4201 285 4252 Nec
298 4200 377 4252 soleas
389 4198 447 4252 fecit
458 4217 466 4250 ι
477 4211 546 4252 sutor
556 4210 640 4250 tamen
650 4211 686 4249 est
698 4197 818 4270 Sapiens,
830 4195 900 4266 quo?

230 4291 265 4342 Ut
276 4289 391 4360 quamvis
404 4302 466 4343 tacet
477 4289 664 4358 Hermogenes,
677 4299 763 4340 cuntur
777 4299 859 4339 tamen
870 4324 877 4352 ,
889 4299 962 4358 etque
