<?xml version="1.0" encoding="UTF-8"?>
<!DOCTYPE html PUBLIC "-//W3C//DTD XHTML 1.0 Transitional//EN"
    "http://www.w3.org/TR/xhtml1/DTD/xhtml1-transitional.dtd">
<html xmlns="http://www.w3.org/1999/xhtml" xml:lang="en" lang="en">
 <head>
  <title>
</title>
<meta http-equiv="Content-Type" content="text/html;charset=utf-8" />
  <meta name='ocr-system' content='tesseract 3.04.00' />
  <meta name='ocr-capabilities' content='ocr_page ocr_carea ocr_par ocr_line ocrx_word'/>
</head>
<body>
  <div class='ocr_page' id='page_1' title='image "./lannsenecparspr01bouigoog_0224.png"; bbox 0 0 2896 4958; ppageno 0'>
   <div class='ocr_carea' id='block_1_1' title="bbox 264 403 1164 512">
    <p class='ocr_par' dir='ltr' id='par_1_1' title="bbox 264 403 1164 512">
     <span class='ocr_line' id='line_1_1' title="bbox 264 403 1164 512; baseline -0.006 -35"><span class='ocrx_word' id='word_1_1' title='bbox 264 409 332 477; x_wconf 76' lang='lat' dir='ltr'><strong>di)</strong></span> <span class='ocrx_word' id='word_1_2' title='bbox 355 407 522 478; x_wconf 86' lang='lat' dir='ltr'><strong>STOIC.</strong></span> <span class='ocrx_word' id='word_1_3' title='bbox 547 407 748 512; x_wconf 82' lang='lat' dir='ltr'><strong>PHILOS.</strong></span> <span class='ocrx_word' id='word_1_4' title='bbox 774 405 870 473; x_wconf 87' lang='lat' dir='ltr'><strong>LIB.</strong></span> <span class='ocrx_word' id='word_1_5' title='bbox 894 403 970 472; x_wconf 91' lang='lat'>111.</span> <span class='ocrx_word' id='word_1_6' title='bbox 1086 429 1164 474; x_wconf 75' lang='lat' dir='ltr'><strong>ccxv</strong></span> 
     </span>
    </p>
   </div>
   <div class='ocr_carea' id='block_1_2' title="bbox 91 542 1221 1694">
    <p class='ocr_par' dir='ltr' id='par_1_2' title="bbox 92 542 1221 1377">
     <span class='ocr_line' id='line_1_2' title="bbox 95 542 1168 632; baseline -0.007 -18"><span class='ocrx_word' id='word_1_7' title='bbox 95 572 165 614; x_wconf 87' lang='lat' dir='ltr'><strong>rum</strong></span> <span class='ocrx_word' id='word_1_8' title='bbox 190 562 336 632; x_wconf 74' lang='lat' dir='ltr'><strong>sectaque</strong></span> <span class='ocrx_word' id='word_1_9' title='bbox 357 550 555 626; x_wconf 72' lang='lat' dir='ltr'><strong>convenient,</strong></span> <span class='ocrx_word' id='word_1_10' title='bbox 576 547 667 614; x_wconf 90' lang='lat' dir='ltr'><strong>amici</strong></span> <span class='ocrx_word' id='word_1_11' title='bbox 687 561 756 611; x_wconf 81' lang='lat' dir='ltr'><strong>aunt</strong></span> <span class='ocrx_word' id='word_1_12' title='bbox 769 543 910 610; x_wconf 66' lang='lat' dir='ltr'><strong>hahardi.</strong></span> <span class='ocrx_word' id='word_1_13' title='bbox 922 542 1012 608; x_wconf 77' lang='lat' dir='ltr'><strong>Paria</strong></span> <span class='ocrx_word' id='word_1_14' title='bbox 1027 544 1168 628; x_wconf 86' lang='lat' dir='ltr'><strong>qnippea</strong></span> 
     </span>
     <span class='ocr_line' id='line_1_3' title="bbox 95 651 1165 742; baseline -0.006 -22"><span class='ocrx_word' id='word_1_15' title='bbox 95 657 246 742; x_wconf 77' lang='lat' dir='ltr'><strong>similibus</strong></span> <span class='ocrx_word' id='word_1_16' title='bbox 258 674 320 718; x_wconf 87' lang='lat' dir='ltr'><strong>non</strong></span> <span class='ocrx_word' id='word_1_17' title='bbox 330 655 505 719; x_wconf 80' lang='lat' dir='ltr'><strong>abhorrent.</strong></span> <span class='ocrx_word' id='word_1_18' title='bbox 516 654 607 719; x_wconf 83' lang='lat' dir='ltr'>Unde</span> <span class='ocrx_word' id='word_1_19' title='bbox 617 656 696 718; x_wconf 91' lang='lat' dir='ltr'><strong>inter</strong></span> <span class='ocrx_word' id='word_1_20' title='bbox 709 655 791 717; x_wconf 84' lang='lat' dir='ltr'><strong>aoloa</strong></span> <span class='ocrx_word' id='word_1_21' title='bbox 803 651 908 716; x_wconf 81' lang='lat' dir='ltr'><strong>Bonna</strong></span> <span class='ocrx_word' id='word_1_22' title='bbox 923 651 1015 714; x_wconf 79' lang='lat' dir='ltr'><strong>fidem</strong></span> <span class='ocrx_word' id='word_1_23' title='bbox 1025 651 1165 714; x_wconf 77' lang='lat' dir='ltr'><strong>anrieitie</strong></span> 
     </span>
     <span class='ocr_line' id='line_1_4' title="bbox 95 759 1166 848; baseline -0.006 -22"><span class='ocrx_word' id='word_1_24' title='bbox 95 787 159 828; x_wconf 80' lang='lat' dir='ltr'><strong>esse</strong></span> <span class='ocrx_word' id='word_1_25' title='bbox 175 778 304 828; x_wconf 78' lang='lat' dir='ltr'><strong>constat</strong></span> <span class='ocrx_word' id='word_1_26' title='bbox 317 761 472 848; x_wconf 79' lang='lat' dir='ltr'><strong>Sapientia</strong></span> <span class='ocrx_word' id='word_1_27' title='bbox 484 761 565 827; x_wconf 88' lang='lat' dir='ltr'><strong>Boni</strong></span> <span class='ocrx_word' id='word_1_28' title='bbox 583 777 752 828; x_wconf 86' lang='lat' dir='ltr'><strong>amatorem</strong></span> <span class='ocrx_word' id='word_1_29' title='bbox 767 761 988 825; x_wconf 77' lang='lat' dir='ltr'>adolescentem</span> <span class='ocrx_word' id='word_1_30' title='bbox 1007 759 1094 835; x_wconf 82' lang='lat' dir='ltr'><strong>tacit,</strong></span> <span class='ocrx_word' id='word_1_31' title='bbox 1113 759 1166 821; x_wconf 86' lang='lat' dir='ltr'><strong>sed</strong></span> 
     </span>
     <span class='ocr_line' id='line_1_5' title="bbox 95 865 1167 958; baseline -0.007 -24"><span class='ocrx_word' id='word_1_32' title='bbox 95 895 164 934; x_wconf 88' lang='lat' dir='ltr'><strong>enm</strong></span> <span class='ocrx_word' id='word_1_33' title='bbox 178 873 233 955; x_wconf 84' lang='lat' dir='ltr'><strong>qni</strong></span> <span class='ocrx_word' id='word_1_34' title='bbox 247 873 398 957; x_wconf 72' lang='lat' dir='ltr'><strong>probitate</strong></span> <span class='ocrx_word' id='word_1_35' title='bbox 408 871 520 958; x_wconf 86' lang='lat' dir='ltr'><strong>ingenii</strong></span> <span class='ocrx_word' id='word_1_36' title='bbox 535 872 574 936; x_wconf 86' lang='lat' dir='ltr'><strong>sit</strong></span> <span class='ocrx_word' id='word_1_37' title='bbox 587 873 625 935; x_wconf 87' lang='lat' dir='ltr'><strong>ad</strong></span> <span class='ocrx_word' id='word_1_38' title='bbox 639 885 719 936; x_wconf 85' lang='lat' dir='ltr'><strong>artes</strong></span> <span class='ocrx_word' id='word_1_39' title='bbox 735 871 832 934; x_wconf 82' lang='lat' dir='ltr'><strong>bonas</strong></span> <span class='ocrx_word' id='word_1_40' title='bbox 846 867 1025 954; x_wconf 87' lang='lat' dir='ltr'><strong>promptior.</strong></span> <span class='ocrx_word' id='word_1_41' title='bbox 1039 865 1107 930; x_wconf 86' lang='lat' dir='ltr'><strong>Nec</strong></span> <span class='ocrx_word' id='word_1_42' title='bbox 1116 867 1167 928; x_wconf 86' lang='lat' dir='ltr'><strong>de·</strong></span> 
     </span>
     <span class='ocr_line' id='line_1_6' title="bbox 93 975 1166 1070; baseline -0.005 -31"><span class='ocrx_word' id='word_1_43' title='bbox 93 980 232 1041; x_wconf 81' lang='lat' dir='ltr'><strong>lormitas</strong></span> <span class='ocrx_word' id='word_1_44' title='bbox 251 979 388 1070; x_wconf 71' lang='lat' dir='ltr'><strong>corporia</strong></span> <span class='ocrx_word' id='word_1_45' title='bbox 403 978 497 1041; x_wconf 87' lang='lat' dir='ltr'><strong>talem</strong></span> <span class='ocrx_word' id='word_1_46' title='bbox 518 977 632 1062; x_wconf 90' lang='lat' dir='ltr'><strong>poterit</strong></span> <span class='ocrx_word' id='word_1_47' title='bbox 644 977 766 1063; x_wconf 83' lang='lat' dir='ltr'><strong>abigere</strong></span> <span class='ocrx_word' id='word_1_48' title='bbox 784 975 969 1060; x_wconf 70' lang='lat' dir='ltr'><strong>appetitum</strong></span> <span class='ocrx_word' id='word_1_49' title='bbox 984 993 1056 1035; x_wconf 81' lang='lat' dir='ltr'><strong>nam</strong></span> <span class='ocrx_word' id='word_1_50' title='bbox 1073 990 1166 1054; x_wconf 88' lang='lat' dir='ltr'><strong>quum</strong></span> 
     </span>
     <span class='ocr_line' id='line_1_7' title="bbox 92 1078 1165 1168; baseline -0.007 -21"><span class='ocrx_word' id='word_1_51' title='bbox 92 1085 156 1167; x_wconf 77' lang='lat' dir='ltr'><strong>ipsa</strong></span> <span class='ocrx_word' id='word_1_52' title='bbox 171 1085 276 1146; x_wconf 88' lang='lat' dir='ltr'><strong>anima</strong></span> <span class='ocrx_word' id='word_1_53' title='bbox 289 1084 469 1168; x_wconf 83' lang='lat' dir='ltr'><strong>complacita</strong></span> <span class='ocrx_word' id='word_1_54' title='bbox 483 1099 546 1162; x_wconf 84' lang='lat' dir='ltr'><strong>eat,</strong></span> <span class='ocrx_word' id='word_1_55' title='bbox 560 1085 655 1147; x_wconf 85' lang='lat' dir='ltr'><strong>homo</strong></span> <span class='ocrx_word' id='word_1_56' title='bbox 668 1097 748 1146; x_wconf 79' lang='lat' dir='ltr'><strong>totus</strong></span> <span class='ocrx_word' id='word_1_57' title='bbox 761 1083 928 1146; x_wconf 88' lang='lat' dir='ltr'><strong>adamatur.</strong></span> <span class='ocrx_word' id='word_1_58' title='bbox 943 1109 958 1136; x_wconf 73' lang='lat' dir='ltr'><strong>a</strong></span> <span class='ocrx_word' id='word_1_59' title='bbox 972 1078 1046 1162; x_wconf 88' lang='lat' dir='ltr'><strong>(De</strong></span> <span class='ocrx_word' id='word_1_60' title='bbox 1062 1078 1165 1158; x_wconf 82' lang='lat' dir='ltr'><strong>Phil.)</strong></span> 
     </span>
     <span class='ocr_line' id='line_1_8' title="bbox 92 1171 1221 1275; baseline -0.005 -23"><span class='ocrx_word' id='word_1_61' title='bbox 92 1189 200 1252; x_wconf 84' lang='lat' dir='ltr'>Priora</span> <span class='ocrx_word' id='word_1_62' title='bbox 213 1191 270 1252; x_wconf 65' lang='lat' dir='ltr'><strong>rilla</strong></span> <span class='ocrx_word' id='word_1_63' title='bbox 284 1236 292 1268; x_wconf 90' lang='lat'><strong>,</strong></span> <span class='ocrx_word' id='word_1_64' title='bbox 309 1191 401 1275; x_wconf 89' lang='lat' dir='ltr'><strong>plane</strong></span> <span class='ocrx_word' id='word_1_65' title='bbox 414 1204 517 1254; x_wconf 77' lang='lat' dir='ltr'><strong>nostra</strong></span> <span class='ocrx_word' id='word_1_66' title='bbox 528 1204 597 1253; x_wconf 87' lang='lat' dir='ltr'><strong>aunt</strong></span> <span class='ocrx_word' id='word_1_67' title='bbox 607 1203 638 1253; x_wconf 91' lang='lat' dir='ltr'><strong>et</strong></span> <span class='ocrx_word' id='word_1_68' title='bbox 647 1187 769 1267; x_wconf 84' lang='lat' dir='ltr'><strong>Stoica,</strong></span> <span class='ocrx_word' id='word_1_69' title='bbox 784 1190 815 1252; x_wconf 91' lang='lat' dir='ltr'><strong>id</strong></span> <span class='ocrx_word' id='word_1_70' title='bbox 825 1203 887 1264; x_wconf 85' lang='lat' dir='ltr'><strong>cst,</strong></span> <span class='ocrx_word' id='word_1_71' title='bbox 899 1187 1065 1264; x_wconf 85' lang='lat' dir='ltr'><strong>Socratica,</strong></span> <span class='ocrx_word' id='word_1_72' title='bbox 1074 1183 1167 1250; x_wconf 88' lang='lat' dir='ltr'><strong>ntCi·</strong></span> <span class='ocrx_word' id='word_1_73' title='bbox 1217 1171 1221 1179; x_wconf 45' lang='lat'><em>¹</em></span> 
     </span>
     <span class='ocr_line' id='line_1_9' title="bbox 92 1289 1198 1377; baseline -0.007 -18"><span class='ocrx_word' id='word_1_74' title='bbox 92 1316 164 1360; x_wconf 91' lang='lat' dir='ltr'><strong>cero</strong></span> <span class='ocrx_word' id='word_1_75' title='bbox 176 1295 279 1358; x_wconf 78' lang='lat' dir='ltr'><strong>aiebat</strong></span> <span class='ocrx_word' id='word_1_76' title='bbox 288 1319 303 1356; x_wconf 92' lang='lat'><strong>.:</strong></span> <span class='ocrx_word' id='word_1_77' title='bbox 313 1295 413 1374; x_wconf 27' lang='lat' dir='ltr'><strong>,etiam</strong></span> <span class='ocrx_word' id='word_1_78' title='bbox 424 1295 598 1377; x_wconf 79' lang='lat' dir='ltr'><strong>sequentia,</strong></span> <span class='ocrx_word' id='word_1_79' title='bbox 615 1295 641 1358; x_wconf 81' lang='lat' dir='ltr'><strong>si</strong></span> <span class='ocrx_word' id='word_1_80' title='bbox 652 1296 795 1358; x_wconf 78' lang='lat' dir='ltr'><strong>emendas</strong></span> <span class='ocrx_word' id='word_1_81' title='bbox 807 1339 816 1370; x_wconf 94' lang='lat'><strong>,</strong></span> <span class='ocrx_word' id='word_1_82' title='bbox 829 1307 920 1356; x_wconf 88' lang='lat' dir='ltr'><strong>etme</strong></span> <span class='ocrx_word' id='word_1_83' title='bbox 931 1292 1046 1354; x_wconf 89' lang='lat' dir='ltr'><strong>arbitro</strong></span> <span class='ocrx_word' id='word_1_84' title='bbox 1063 1290 1165 1353; x_wconf 86' lang='lat' dir='ltr'><strong>debes.</strong></span> <span class='ocrx_word' id='word_1_85' title='bbox 1196 1289 1198 1292; x_wconf 78' lang='grc'><strong>’</strong></span> 
     </span>
    </p>

    <p class='ocr_par' dir='ltr' id='par_1_3' title="bbox 91 1395 1168 1694">
     <span class='ocr_line' id='line_1_10' title="bbox 91 1395 1167 1484; baseline -0.004 -22"><span class='ocrx_word' id='word_1_86' title='bbox 91 1399 175 1462; x_wconf 86' lang='lat' dir='ltr'><strong>Nam</strong></span> <span class='ocrx_word' id='word_1_87' title='bbox 189 1399 331 1482; x_wconf 75' lang='lat' dir='ltr'><strong>quidhoc</strong></span> <span class='ocrx_word' id='word_1_88' title='bbox 340 1413 404 1477; x_wconf 82' lang='lat' dir='ltr'><strong>est,</strong></span> <span class='ocrx_word' id='word_1_89' title='bbox 418 1427 435 1455; x_wconf 72' lang='grc' dir='ltr'><em>α</em></span> <span class='ocrx_word' id='word_1_90' title='bbox 451 1397 641 1484; x_wconf 78' lang='lat' dir='ltr'><strong>Sapientiam</strong></span> <span class='ocrx_word' id='word_1_91' title='bbox 651 1400 751 1463; x_wconf 82' lang='lat' dir='ltr'><strong>iacere</strong></span> <span class='ocrx_word' id='word_1_92' title='bbox 761 1398 983 1461; x_wconf 70' lang='lat' dir='ltr'><strong>adolescentem</strong></span> <span class='ocrx_word' id='word_1_93' title='bbox 992 1395 1073 1458; x_wconf 90' lang='lat' dir='ltr'><strong>Boni</strong></span> <span class='ocrx_word' id='word_1_94' title='bbox 1084 1415 1167 1458; x_wconf 88' lang='lat' dir='ltr'><strong>ama-</strong></span> 
     </span>
     <span class='ocr_line' id='line_1_11' title="bbox 91 1502 1166 1604; baseline -0.003 -36"><span class='ocrx_word' id='word_1_95' title='bbox 91 1508 214 1570; x_wconf 82' lang='lat' dir='ltr'>torem?</span> <span class='ocrx_word' id='word_1_96' title='bbox 227 1535 245 1562; x_wconf 75' lang='lat' dir='ltr'><strong>n</strong></span> <span class='ocrx_word' id='word_1_97' title='bbox 258 1529 332 1591; x_wconf 85' lang='lat' dir='ltr'><strong>ergo</strong></span> <span class='ocrx_word' id='word_1_98' title='bbox 346 1510 409 1590; x_wconf 84' lang='lat' dir='ltr'><strong>jam</strong></span> <span class='ocrx_word' id='word_1_99' title='bbox 424 1505 552 1604; x_wconf 82' lang='lat' dir='ltr'><strong>Sapiens</strong></span> <span class='ocrx_word' id='word_1_100' title='bbox 564 1507 616 1570; x_wconf 89' lang='lat' dir='ltr'><strong>ille</strong></span> <span class='ocrx_word' id='word_1_101' title='bbox 628 1508 694 1570; x_wconf 82' lang='lat' dir='ltr'><strong>est?</strong></span> <span class='ocrx_word' id='word_1_102' title='bbox 707 1518 787 1570; x_wconf 86' lang='lat' dir='ltr'><strong>amat</strong></span> <span class='ocrx_word' id='word_1_103' title='bbox 798 1504 921 1567; x_wconf 87' lang='lat' dir='ltr'><strong>Bonum</strong></span> <span class='ocrx_word' id='word_1_104' title='bbox 933 1518 961 1567; x_wconf 87' lang='lat' dir='ltr'><strong>et</strong></span> <span class='ocrx_word' id='word_1_105' title='bbox 971 1502 1166 1588; x_wconf 83' lang='lat' dir='ltr'><strong>Sapientem?</strong></span> 
     </span>
     <span class='ocr_line' id='line_1_12' title="bbox 92 1609 1168 1694; baseline -0.005 -18"><span class='ocrx_word' id='word_1_106' title='bbox 92 1618 155 1678; x_wconf 90' lang='lat' dir='ltr'><strong>imo</strong></span> <span class='ocrx_word' id='word_1_107' title='bbox 169 1628 311 1692; x_wconf 91' lang='lat' dir='ltr'><strong>amatur,</strong></span> <span class='ocrx_word' id='word_1_108' title='bbox 327 1627 358 1676; x_wconf 88' lang='lat' dir='ltr'><strong>et</strong></span> <span class='ocrx_word' id='word_1_109' title='bbox 370 1613 464 1677; x_wconf 74' lang='lat' dir='ltr'><strong>verba</strong></span> <span class='ocrx_word' id='word_1_110' title='bbox 480 1635 518 1676; x_wconf 89' lang='lat' dir='ltr'><strong>eo</strong></span> <span class='ocrx_word' id='word_1_111' title='bbox 531 1633 673 1677; x_wconf 81' lang='lat' dir='ltr'><strong>censeam</strong></span> <span class='ocrx_word' id='word_1_112' title='bbox 689 1615 841 1675; x_wconf 83' lang='lat' dir='ltr'><strong>vertenda.</strong></span> <span class='ocrx_word' id='word_1_113' title='bbox 854 1609 1038 1694; x_wconf 79' lang='lat' dir='ltr'><strong>Faciamque</strong></span> <span class='ocrx_word' id='word_1_114' title='bbox 1055 1634 1062 1672; x_wconf 75' lang='grc' dir='ltr'>ε</span> <span class='ocrx_word' id='word_1_115' title='bbox 1080 1639 1095 1665; x_wconf 75' lang='grc' dir='ltr'><strong>ιι</strong></span> <span class='ocrx_word' id='word_1_116' title='bbox 1113 1609 1168 1672; x_wconf 88' lang='lat' dir='ltr'><strong>Sa·</strong></span> 
     </span>
    </p>
   </div>
   <div class='ocr_carea' id='block_1_3' title="bbox 92 1717 1259 1806">
    <p class='ocr_par' dir='ltr' id='par_1_4' title="bbox 92 1717 1259 1806">
     <span class='ocr_line' id='line_1_13' title="bbox 92 1717 1259 1806; baseline -0.003 -24"><span class='ocrx_word' id='word_1_117' title='bbox 92 1721 205 1806; x_wconf 90' lang='lat' dir='ltr'><strong>pientia</strong></span> <span class='ocrx_word' id='word_1_118' title='bbox 218 1717 344 1782; x_wconf 83' lang='lat' dir='ltr'><strong>Bonum</strong></span> <span class='ocrx_word' id='word_1_119' title='bbox 359 1733 528 1783; x_wconf 88' lang='lat' dir='ltr'><strong>amatorem</strong></span> <span class='ocrx_word' id='word_1_120' title='bbox 548 1717 771 1782; x_wconf 79' lang='lat' dir='ltr'><strong>adolescentem</strong></span> <span class='ocrx_word' id='word_1_121' title='bbox 786 1717 877 1794; x_wconf 79' lang='lat' dir='ltr'><strong>lacit,</strong></span> <span class='ocrx_word' id='word_1_122' title='bbox 892 1721 945 1782; x_wconf 84' lang='lat' dir='ltr'><strong>aed</strong></span> <span class='ocrx_word' id='word_1_123' title='bbox 968 1738 1095 1794; x_wconf 90' lang='lat' dir='ltr'><strong>eorum,</strong></span> <span class='ocrx_word' id='word_1_124' title='bbox 1117 1718 1168 1800; x_wconf 86' lang='lat' dir='ltr'><strong>qui</strong></span> <span class='ocrx_word' id='word_1_125' title='bbox 1187 1803 1189 1806; x_wconf 16' lang='grc' dir='ltr'>Ι</span> <span class='ocrx_word' id='word_1_126' title='bbox 1256 1767 1259 1778; x_wconf 95' lang='grc'><em>.</em></span> 
     </span>
    </p>
   </div>
   <div class='ocr_carea' id='block_1_4' title="bbox 91 1823 1167 2220">
    <p class='ocr_par' dir='ltr' id='par_1_5' title="bbox 91 1823 1167 2220">
     <span class='ocr_line' id='line_1_14' title="bbox 91 1823 1167 1912; baseline -0.003 -23"><span class='ocrx_word' id='word_1_127' title='bbox 91 1827 244 1912; x_wconf 76' lang='lat' dir='ltr'><strong>probitate</strong></span> <span class='ocrx_word' id='word_1_128' title='bbox 258 1827 370 1912; x_wconf 81' lang='lat' dir='ltr'><strong>ingenii</strong></span> <span class='ocrx_word' id='word_1_129' title='bbox 384 1826 443 1890; x_wconf 85' lang='lat' dir='ltr'><strong>aiut</strong></span> <span class='ocrx_word' id='word_1_130' title='bbox 458 1827 496 1888; x_wconf 86' lang='lat' dir='ltr'><strong>ad</strong></span> <span class='ocrx_word' id='word_1_131' title='bbox 508 1839 589 1889; x_wconf 85' lang='lat' dir='ltr'><strong>artes</strong></span> <span class='ocrx_word' id='word_1_132' title='bbox 602 1825 699 1888; x_wconf 82' lang='lat' dir='ltr'><strong>bonas</strong></span> <span class='ocrx_word' id='word_1_133' title='bbox 715 1825 885 1908; x_wconf 87' lang='lat' dir='ltr'><strong>proniores.</strong></span> <span class='ocrx_word' id='word_1_134' title='bbox 902 1853 918 1880; x_wconf 76' lang='lat' dir='ltr'><strong>a</strong></span> <span class='ocrx_word' id='word_1_135' title='bbox 933 1823 1010 1887; x_wconf 88' lang='lat' dir='ltr'><strong>Sunt</strong></span> <span class='ocrx_word' id='word_1_136' title='bbox 1026 1827 1090 1909; x_wconf 83' lang='lat' dir='ltr'><strong>ipsa</strong></span> <span class='ocrx_word' id='word_1_137' title='bbox 1105 1827 1167 1908; x_wconf 87' lang='lat' dir='ltr'><strong>jam</strong></span> 
     </span>
     <span class='ocr_line' id='line_1_15' title="bbox 93 1927 1166 2016; baseline -0.007 -19"><span class='ocrx_word' id='word_1_138' title='bbox 93 1935 169 1997; x_wconf 88' lang='lat' dir='ltr'><strong>dicta</strong></span> <span class='ocrx_word' id='word_1_139' title='bbox 185 1959 193 1994; x_wconf 93' lang='lat'><strong>:</strong></span> <span class='ocrx_word' id='word_1_140' title='bbox 212 1948 244 1996; x_wconf 86' lang='lat' dir='ltr'><strong>et</strong></span> <span class='ocrx_word' id='word_1_141' title='bbox 256 1935 339 2016; x_wconf 85' lang='lat' dir='ltr'><strong>qnod</strong></span> <span class='ocrx_word' id='word_1_142' title='bbox 352 1933 452 1996; x_wconf 88' lang='lat' dir='ltr'><strong>statim</strong></span> <span class='ocrx_word' id='word_1_143' title='bbox 468 1933 578 2016; x_wconf 81' lang='lat' dir='ltr'><strong>legitor</strong></span> <span class='ocrx_word' id='word_1_144' title='bbox 591 1953 600 1991; x_wconf 73' lang='grc' dir='ltr'>ε</span> <span class='ocrx_word' id='word_1_145' title='bbox 613 1959 628 1986; x_wconf 74' lang='grc' dir='ltr'><strong>ιι</strong></span> <span class='ocrx_word' id='word_1_146' title='bbox 645 1927 792 2012; x_wconf 71' lang='grc' dir='ltr'>Εωιιῳί</span> <span class='ocrx_word' id='word_1_147' title='bbox 806 1932 845 1994; x_wconf 85' lang='lat' dir='ltr'><strong>sit</strong></span> <span class='ocrx_word' id='word_1_148' title='bbox 855 1932 975 2015; x_wconf 83' lang='lat' dir='ltr'><strong>ignarus</strong></span> <span class='ocrx_word' id='word_1_149' title='bbox 987 1929 1166 2006; x_wconf 85' lang='lat' dir='ltr'><strong>Bonorum,</strong></span> 
     </span>
     <span class='ocr_line' id='line_1_16' title="bbox 94 2033 1165 2125; baseline -0.007 -24"><span class='ocrx_word' id='word_1_150' title='bbox 94 2039 263 2125; x_wconf 86' lang='lat' dir='ltr'><strong>cupitorem</strong></span> <span class='ocrx_word' id='word_1_151' title='bbox 274 2039 421 2122; x_wconf 82' lang='lat' dir='ltr'><strong>ejusmodi</strong></span> <span class='ocrx_word' id='word_1_152' title='bbox 432 2038 523 2100; x_wconf 75' lang='lat' dir='ltr'><strong>rehtu</strong></span> <span class='ocrx_word' id='word_1_153' title='bbox 534 2059 619 2100; x_wconf 75' lang='lat' dir='ltr'><strong>eoae:</strong></span> <span class='ocrx_word' id='word_1_154' title='bbox 635 2061 650 2094; x_wconf 78' lang='lat' dir='ltr'><strong>a</strong></span> <span class='ocrx_word' id='word_1_155' title='bbox 662 2037 820 2122; x_wconf 78' lang='lat' dir='ltr'><strong>negatione</strong></span> <span class='ocrx_word' id='word_1_156' title='bbox 832 2037 944 2100; x_wconf 87' lang='lat' dir='ltr'><strong>inserta</strong></span> <span class='ocrx_word' id='word_1_157' title='bbox 954 2033 1165 2098; x_wconf 79' lang='lat' dir='ltr'><strong>scribendum:</strong></span> 
     </span>
     <span class='ocr_line' id='line_1_17' title="bbox 96 2141 996 2220; baseline -0.007 -12"><span class='ocrx_word' id='word_1_158' title='bbox 96 2168 147 2207; x_wconf 83' lang='lat' dir='ltr'><strong>non</strong></span> <span class='ocrx_word' id='word_1_159' title='bbox 162 2168 234 2208; x_wconf 80' lang='lat' dir='ltr'><strong>esre.</strong></span> <span class='ocrx_word' id='word_1_160' title='bbox 248 2143 296 2207; x_wconf 91' lang='lat' dir='ltr'><strong>lta</strong></span> <span class='ocrx_word' id='word_1_161' title='bbox 305 2143 423 2206; x_wconf 85' lang='lat' dir='ltr'><strong>ridetur</strong></span> <span class='ocrx_word' id='word_1_162' title='bbox 435 2164 444 2203; x_wconf 75' lang='grc' dir='ltr'>ε</span> <span class='ocrx_word' id='word_1_163' title='bbox 457 2143 483 2206; x_wconf 83' lang='lat' dir='ltr'><strong>ai</strong></span> <span class='ocrx_word' id='word_1_164' title='bbox 494 2141 602 2220; x_wconf 82' lang='lat' dir='ltr'><strong>aliter,</strong></span> <span class='ocrx_word' id='word_1_165' title='bbox 616 2142 705 2206; x_wconf 85' lang='lat' dir='ltr'><strong>abeat</strong></span> <span class='ocrx_word' id='word_1_166' title='bbox 716 2187 726 2220; x_wconf 88' lang='lat'><strong>,</strong></span> <span class='ocrx_word' id='word_1_167' title='bbox 737 2163 797 2205; x_wconf 89' lang='lat' dir='ltr'><strong>nec</strong></span> <span class='ocrx_word' id='word_1_168' title='bbox 806 2153 911 2206; x_wconf 80' lang='lat' dir='ltr'><strong>noster</strong></span> <span class='ocrx_word' id='word_1_169' title='bbox 921 2156 996 2205; x_wconf 76' lang='lat' dir='ltr'><strong>esto.</strong></span> 
     </span>
    </p>
   </div>
   <div class='ocr_carea' id='block_1_5' title="bbox 385 2332 875 2400">
    <p class='ocr_par' dir='ltr' id='par_1_6' title="bbox 385 2332 875 2400">
     <span class='ocr_line' id='line_1_18' title="bbox 385 2332 875 2400; baseline -0.002 -1"><span class='ocrx_word' id='word_1_170' title='bbox 385 2332 736 2400; x_wconf 77' lang='lat' dir='ltr'><strong>DISSERTATIO</strong></span> <span class='ocrx_word' id='word_1_171' title='bbox 756 2333 875 2398; x_wconf 83' lang='lat' dir='ltr'><strong>xvtl.</strong></span> 
     </span>
    </p>
   </div>
   <div class='ocr_carea' id='block_1_6' title="bbox 114 2475 1142 2672">
    <p class='ocr_par' dir='ltr' id='par_1_7' title="bbox 114 2475 1142 2672">
     <span class='ocr_line' id='line_1_19' title="bbox 114 2475 1142 2555; baseline -0.004 -13"><span class='ocrx_word' id='word_1_172' title='bbox 114 2480 250 2542; x_wconf 66' lang='lat' dir='ltr'><strong>munda</strong></span> <span class='ocrx_word' id='word_1_173' title='bbox 260 2479 351 2541; x_wconf 78' lang='lat' dir='ltr'><strong>simul</strong></span> <span class='ocrx_word' id='word_1_174' title='bbox 371 2479 538 2543; x_wconf 70' lang='lat' dir='ltr'><strong>Pandaro.</strong></span> <span class='ocrx_word' id='word_1_175' title='bbox 559 2482 658 2542; x_wconf 80' lang='lat' dir='ltr'><strong>Sodtm</strong></span> <span class='ocrx_word' id='word_1_176' title='bbox 672 2475 993 2555; x_wconf 58' lang='lat' dir='ltr'><strong>Polcdmm,‘Nobilem</strong></span> <span class='ocrx_word' id='word_1_177' title='bbox 1002 2524 1013 2554; x_wconf 91' lang='lat'><strong>,</strong></span> <span class='ocrx_word' id='word_1_178' title='bbox 1032 2479 1142 2554; x_wconf 77' lang='lat' dir='ltr'><strong>Civem,</strong></span> 
     </span>
     <span class='ocr_line' id='line_1_20' title="bbox 247 2585 1054 2672; baseline 0 -26"><span class='ocrx_word' id='word_1_179' title='bbox 247 2585 473 2664; x_wconf 68' lang='lat' dir='ltr'><strong>Magistratum,</strong></span> <span class='ocrx_word' id='word_1_180' title='bbox 492 2585 527 2646; x_wconf 85' lang='lat' dir='ltr'><em>V</em></span> <span class='ocrx_word' id='word_1_181' title='bbox 522 2594 613 2661; x_wconf 79' lang='lat' dir='ltr'><strong>ntem,</strong></span> <span class='ocrx_word' id='word_1_182' title='bbox 626 2585 776 2646; x_wconf 70' lang='lat' dir='ltr'><strong>illatorem</strong></span> <span class='ocrx_word' id='word_1_183' title='bbox 787 2631 796 2665; x_wconf 88' lang='lat'><strong>,</strong></span> <span class='ocrx_word' id='word_1_184' title='bbox 809 2595 838 2646; x_wconf 81' lang='lat' dir='ltr'><strong>et</strong></span> <span class='ocrx_word' id='word_1_185' title='bbox 844 2587 929 2668; x_wconf 81' lang='lat' dir='ltr'><strong>pluro</strong></span> <span class='ocrx_word' id='word_1_186' title='bbox 943 2608 1013 2646; x_wconf 85' lang='lat' dir='ltr'><strong>esse.</strong></span> <span class='ocrx_word' id='word_1_187' title='bbox 1052 2665 1054 2672; x_wconf 18' lang='lat' dir='ltr'><strong><em>J</em></strong></span> 
     </span>
    </p>
   </div>
   <div class='ocr_carea' id='block_1_7' title="bbox 50 2732 1242 4113">
    <p class='ocr_par' dir='ltr' id='par_1_8' title="bbox 50 2732 1167 3116">
     <span class='ocr_line' id='line_1_21' title="bbox 132 2732 1167 2819; baseline -0.001 -19"><span class='ocrx_word' id='word_1_188' title='bbox 132 2734 199 2800; x_wconf 82' lang='lat' dir='ltr'><strong>sm</strong></span> <span class='ocrx_word' id='word_1_189' title='bbox 209 2755 251 2798; x_wconf 86' lang='lat' dir='ltr'><strong>an</strong></span> <span class='ocrx_word' id='word_1_190' title='bbox 260 2753 323 2798; x_wconf 84' lang='lat' dir='ltr'><strong>non</strong></span> <span class='ocrx_word' id='word_1_191' title='bbox 334 2733 422 2796; x_wconf 78' lang='lat' dir='ltr'><strong>taedio</strong></span> <span class='ocrx_word' id='word_1_192' title='bbox 433 2734 496 2817; x_wconf 85' lang='lat' dir='ltr'><strong>jam</strong></span> <span class='ocrx_word' id='word_1_193' title='bbox 509 2745 554 2796; x_wconf 92' lang='lat' dir='ltr'><strong>tot</strong></span> <span class='ocrx_word' id='word_1_194' title='bbox 563 2735 795 2812; x_wconf 66' lang='lat' dir='ltr'><strong>Pvaomtogo</strong></span> <span class='ocrx_word' id='word_1_195' title='bbox 807 2732 986 2819; x_wconf 75' lang='lat' dir='ltr'><strong>(Inopinatoe</strong></span> <span class='ocrx_word' id='word_1_196' title='bbox 996 2735 1167 2814; x_wconf 79' lang='lat' dir='ltr'><strong>sententiae)</strong></span> 
     </span>
     <span class='ocr_line' id='line_1_22' title="bbox 96 2837 1164 2923; baseline 0.001 -21"><span class='ocrx_word' id='word_1_197' title='bbox 96 2841 180 2903; x_wconf 82' lang='lat' dir='ltr'><strong>aunt?</strong></span> <span class='ocrx_word' id='word_1_198' title='bbox 190 2837 387 2913; x_wconf 82' lang='lat' dir='ltr'><strong>contraham,</strong></span> <span class='ocrx_word' id='word_1_199' title='bbox 401 2851 431 2901; x_wconf 85' lang='lat' dir='ltr'><strong>et</strong></span> <span class='ocrx_word' id='word_1_200' title='bbox 438 2839 580 2921; x_wconf 90' lang='lat' dir='ltr'><strong>junctim,</strong></span> <span class='ocrx_word' id='word_1_201' title='bbox 592 2859 654 2906; x_wconf 88' lang='lat' dir='ltr'><strong>non</strong></span> <span class='ocrx_word' id='word_1_202' title='bbox 663 2853 765 2909; x_wconf 83' lang='lat' dir='ltr'><strong>tamen</strong></span> <span class='ocrx_word' id='word_1_203' title='bbox 775 2841 909 2920; x_wconf 81' lang='lat' dir='ltr'><strong>mixtim,</strong></span> <span class='ocrx_word' id='word_1_204' title='bbox 919 2844 1065 2923; x_wconf 81' lang='lat' dir='ltr'><strong>quasdam</strong></span> <span class='ocrx_word' id='word_1_205' title='bbox 1075 2842 1164 2906; x_wconf 84' lang='lat' dir='ltr'><strong>dabo.</strong></span> 
     </span>
     <span class='ocr_line' id='line_1_23' title="bbox 50 2944 1163 3032; baseline 0.004 -27"><span class='ocrx_word' id='word_1_206' title='bbox 50 2998 58 3005; x_wconf 95' lang='lat'>.</span> <span class='ocrx_word' id='word_1_207' title='bbox 95 2946 269 3029; x_wconf 80' lang='lat' dir='ltr'><strong>Quasdam,</strong></span> <span class='ocrx_word' id='word_1_208' title='bbox 292 2944 340 3008; x_wconf 86' lang='lat' dir='ltr'><strong>vel</strong></span> <span class='ocrx_word' id='word_1_209' title='bbox 355 2944 480 3011; x_wconf 76' lang='lat' dir='ltr'><strong>eximias</strong></span> <span class='ocrx_word' id='word_1_210' title='bbox 499 2969 507 3006; x_wconf 88' lang='lat'><em>=</em></span> <span class='ocrx_word' id='word_1_211' title='bbox 523 2959 555 3008; x_wconf 88' lang='lat' dir='ltr'><strong>et</strong></span> <span class='ocrx_word' id='word_1_212' title='bbox 568 2967 633 3026; x_wconf 78' lang='lat' dir='ltr'><strong>quoa</strong></span> <span class='ocrx_word' id='word_1_213' title='bbox 649 2946 772 3030; x_wconf 88' lang='lat' dir='ltr'><strong>plenam</strong></span> <span class='ocrx_word' id='word_1_214' title='bbox 789 2949 868 3032; x_wconf 88' lang='lat' dir='ltr'><strong>apnd</strong></span> <span class='ocrx_word' id='word_1_215' title='bbox 884 2949 967 3032; x_wconf 78' lang='lat' dir='ltr'><strong>ipsos</strong></span> <span class='ocrx_word' id='word_1_216' title='bbox 983 2947 1101 3012; x_wconf 84' lang='lat' dir='ltr'><strong>Stoicos</strong></span> <span class='ocrx_word' id='word_1_217' title='bbox 1115 2950 1163 3010; x_wconf 87' lang='lat' dir='ltr'><strong>vix</strong></span> 
     </span>
     <span class='ocr_line' id='line_1_24' title="bbox 94 3047 615 3116; baseline -0.01 0"><span class='ocrx_word' id='word_1_218' title='bbox 94 3051 221 3116; x_wconf 83' lang='lat' dir='ltr'><strong>babeant</strong></span> <span class='ocrx_word' id='word_1_219' title='bbox 233 3051 334 3114; x_wconf 84' lang='lat' dir='ltr'><strong>fidem.</strong></span> <span class='ocrx_word' id='word_1_220' title='bbox 349 3047 436 3113; x_wconf 85' lang='lat' dir='ltr'><strong>Talis</strong></span> <span class='ocrx_word' id='word_1_221' title='bbox 451 3049 514 3114; x_wconf 74' lang='lat' dir='ltr'><strong>lame</strong></span> <span class='ocrx_word' id='word_1_222' title='bbox 526 3050 583 3112; x_wconf 81' lang='lat' dir='ltr'><strong>iata</strong></span> <span class='ocrx_word' id='word_1_223' title='bbox 596 3075 615 3112; x_wconf 76' lang='lat' dir='ltr'><strong>z.</strong></span> 
     </span>
    </p>

    <p class='ocr_par' dir='ltr' id='par_1_9' title="bbox 93 3153 1242 3983">
     <span class='ocr_line' id='line_1_25' title="bbox 132 3153 1163 3242; baseline 0.002 -22"><span class='ocrx_word' id='word_1_224' title='bbox 132 3161 228 3220; x_wconf 79' lang='lat' dir='ltr'><strong>Solum</strong></span> <span class='ocrx_word' id='word_1_225' title='bbox 239 3157 401 3238; x_wconf 65' lang='lat' dir='ltr'><strong>Sapientem</strong></span> <span class='ocrx_word' id='word_1_226' title='bbox 408 3156 558 3238; x_wconf 83' lang='lat' dir='ltr'><strong>poledrum</strong></span> <span class='ocrx_word' id='word_1_227' title='bbox 569 3179 639 3220; x_wconf 80' lang='lat' dir='ltr'><strong>ease.</strong></span> <span class='ocrx_word' id='word_1_228' title='bbox 649 3153 727 3220; x_wconf 86' lang='lat' dir='ltr'><strong>Cato</strong></span> <span class='ocrx_word' id='word_1_229' title='bbox 738 3160 818 3242; x_wconf 88' lang='lat' dir='ltr'><strong>apud</strong></span> <span class='ocrx_word' id='word_1_230' title='bbox 828 3155 1030 3224; x_wconf 81' lang='lat' dir='ltr'><strong>Ciceronem:</strong></span> <span class='ocrx_word' id='word_1_231' title='bbox 1045 3158 1163 3224; x_wconf 77' lang='lat' dir='ltr'><strong>«Recte</strong></span> 
     </span>
     <span class='ocr_line' id='line_1_26' title="bbox 94 3259 1164 3349; baseline 0.002 -23"><span class='ocrx_word' id='word_1_232' title='bbox 94 3264 181 3328; x_wconf 82' lang='lat' dir='ltr'><strong>etiam</strong></span> <span class='ocrx_word' id='word_1_233' title='bbox 199 3261 403 3346; x_wconf 85' lang='lat' dir='ltr'><strong>appellabitur</strong></span> <span class='ocrx_word' id='word_1_234' title='bbox 424 3259 572 3333; x_wconf 68' lang='lat' dir='ltr'><strong>Pulcherr</strong></span> <span class='ocrx_word' id='word_1_235' title='bbox 596 3261 690 3326; x_wconf 85' lang='lat' dir='ltr'><strong>animi</strong></span> <span class='ocrx_word' id='word_1_236' title='bbox 708 3262 789 3326; x_wconf 85' lang='lat' dir='ltr'><strong>euim</strong></span> <span class='ocrx_word' id='word_1_237' title='bbox 809 3264 992 3330; x_wconf 78' lang='lat' dir='ltr'><strong>lineamenta</strong></span> <span class='ocrx_word' id='word_1_238' title='bbox 1009 3279 1077 3330; x_wconf 84' lang='lat' dir='ltr'><strong>sunt</strong></span> <span class='ocrx_word' id='word_1_239' title='bbox 1091 3267 1164 3349; x_wconf 84' lang='lat' dir='ltr'><strong>pul-</strong></span> 
     </span>
     <span class='ocr_line' id='line_1_27' title="bbox 94 3365 1163 3455; baseline 0.002 -23"><span class='ocrx_word' id='word_1_240' title='bbox 94 3369 228 3444; x_wconf 80' lang='lat' dir='ltr'><strong>elariora,</strong></span> <span class='ocrx_word' id='word_1_241' title='bbox 240 3389 334 3450; x_wconf 77' lang='lat' dir='ltr'><strong>quam</strong></span> <span class='ocrx_word' id='word_1_242' title='bbox 343 3367 489 3451; x_wconf 84' lang='lat' dir='ltr'><strong>corporis.</strong></span> <span class='ocrx_word' id='word_1_243' title='bbox 499 3395 515 3424; x_wconf 71' lang='lat' dir='ltr'><strong>a</strong></span> <span class='ocrx_word' id='word_1_244' title='bbox 528 3365 590 3448; x_wconf 82' lang='lat' dir='ltr'><strong>(llt</strong></span> <span class='ocrx_word' id='word_1_245' title='bbox 597 3366 648 3432; x_wconf 85' lang='lat' dir='ltr'><strong>De</strong></span> <span class='ocrx_word' id='word_1_246' title='bbox 659 3365 739 3442; x_wconf 58' lang='lat' dir='ltr'><strong>Fine)</strong></span> <span class='ocrx_word' id='word_1_247' title='bbox 748 3367 829 3433; x_wconf 86' lang='lat' dir='ltr'><strong>Sext.</strong></span> <span class='ocrx_word' id='word_1_248' title='bbox 839 3367 1014 3455; x_wconf 84' lang='lat' dir='ltr'><strong>Empiricua</strong></span> <span class='ocrx_word' id='word_1_249' title='bbox 1024 3395 1032 3433; x_wconf 75' lang='lat' dir='ltr'><strong>c</strong></span> <span class='ocrx_word' id='word_1_250' title='bbox 1044 3370 1163 3438; x_wconf 81' lang='lat' dir='ltr'><strong>«Stoici</strong></span> 
     </span>
     <span class='ocr_line' id='line_1_28' title="bbox 93 3475 1242 3562; baseline 0.004 -22"><span class='ocrx_word' id='word_1_251' title='bbox 93 3492 192 3560; x_wconf 83' lang='lat' dir='ltr'><strong>aperte</strong></span> <span class='ocrx_word' id='word_1_252' title='bbox 204 3478 322 3554; x_wconf 80' lang='lat' dir='ltr'><strong>dieunt,</strong></span> <span class='ocrx_word' id='word_1_253' title='bbox 335 3476 386 3558; x_wconf 90' lang='lat' dir='ltr'><strong>qni</strong></span> <span class='ocrx_word' id='word_1_254' title='bbox 399 3475 596 3540; x_wconf 75' lang='lat' dir='ltr'><strong>prudentiam</strong></span> <span class='ocrx_word' id='word_1_255' title='bbox 609 3477 808 3562; x_wconf 84' lang='lat' dir='ltr'><strong>protnlerint,</strong></span> <span class='ocrx_word' id='word_1_256' title='bbox 824 3481 906 3543; x_wconf 86' lang='lat' dir='ltr'><strong>aoloa</strong></span> <span class='ocrx_word' id='word_1_257' title='bbox 920 3503 985 3546; x_wconf 80' lang='lat' dir='ltr'><strong>eoae</strong></span> <span class='ocrx_word' id='word_1_258' title='bbox 997 3479 1161 3560; x_wconf 82' lang='lat' dir='ltr'><strong>Pulehroa,</strong></span> <span class='ocrx_word' id='word_1_259' title='bbox 1241 3493 1242 3496; x_wconf 76' lang='grc'>’</span> 
     </span>
     <span class='ocr_line' id='line_1_29' title="bbox 94 3580 1163 3673; baseline 0.006 -27"><span class='ocrx_word' id='word_1_260' title='bbox 94 3583 170 3646; x_wconf 64' lang='lat' dir='ltr'><strong>siloa</strong></span> <span class='ocrx_word' id='word_1_261' title='bbox 183 3583 321 3661; x_wconf 81' lang='lat' dir='ltr'><strong>Divitea,</strong></span> <span class='ocrx_word' id='word_1_262' title='bbox 342 3581 424 3646; x_wconf 82' lang='lat' dir='ltr'><strong>anlon</strong></span> <span class='ocrx_word' id='word_1_263' title='bbox 442 3580 641 3667; x_wconf 76' lang='lat' dir='ltr'><strong>Sapientes.»</strong></span> <span class='ocrx_word' id='word_1_264' title='bbox 656 3581 748 3648; x_wconf 84' lang='lat' dir='ltr'><strong>Ratio</strong></span> <span class='ocrx_word' id='word_1_265' title='bbox 769 3585 850 3648; x_wconf 73' lang='lat' dir='ltr'><strong>illins</strong></span> <span class='ocrx_word' id='word_1_266' title='bbox 866 3608 874 3646; x_wconf 73' lang='lat' dir='ltr'><strong>a</strong></span> <span class='ocrx_word' id='word_1_267' title='bbox 899 3585 985 3669; x_wconf 74' lang='lat' dir='ltr'><strong>«Qui</strong></span> <span class='ocrx_word' id='word_1_268' title='bbox 1000 3602 1046 3650; x_wconf 86' lang='lat' dir='ltr'><strong>cat</strong></span> <span class='ocrx_word' id='word_1_269' title='bbox 1058 3589 1163 3673; x_wconf 75' lang='lat' dir='ltr'><strong>dignm</strong></span> 
     </span>
     <span class='ocr_line' id='line_1_30' title="bbox 95 3685 1161 3778; baseline 0.004 -25"><span class='ocrx_word' id='word_1_270' title='bbox 95 3691 205 3767; x_wconf 74' lang='lat' dir='ltr'><strong>amari,</strong></span> <span class='ocrx_word' id='word_1_271' title='bbox 228 3703 275 3753; x_wconf 81' lang='lat' dir='ltr'><strong>eat</strong></span> <span class='ocrx_word' id='word_1_272' title='bbox 291 3687 443 3772; x_wconf 76' lang='lat' dir='ltr'><strong>pulcher:</strong></span> <span class='ocrx_word' id='word_1_273' title='bbox 459 3685 550 3754; x_wconf 73' lang='lat' dir='ltr'><strong>sotus</strong></span> <span class='ocrx_word' id='word_1_274' title='bbox 568 3689 689 3772; x_wconf 77' lang='lat' dir='ltr'><strong>capiens</strong></span> <span class='ocrx_word' id='word_1_275' title='bbox 703 3691 801 3754; x_wconf 75' lang='lat' dir='ltr'><strong>anari</strong></span> <span class='ocrx_word' id='word_1_276' title='bbox 821 3688 929 3774; x_wconf 49' lang='lat' dir='ltr'><strong>dignos¹</strong></span> <span class='ocrx_word' id='word_1_277' title='bbox 945 3712 953 3749; x_wconf 75' lang='grc' dir='ltr'><em>τ</em></span> <span class='ocrx_word' id='word_1_278' title='bbox 971 3693 1053 3756; x_wconf 84' lang='lat' dir='ltr'><strong>aolus</strong></span> <span class='ocrx_word' id='word_1_279' title='bbox 1071 3695 1161 3778; x_wconf 85' lang='lat' dir='ltr'><strong>igitur</strong></span> 
     </span>
     <span class='ocr_line' id='line_1_31' title="bbox 94 3793 1161 3885; baseline 0.005 -26"><span class='ocrx_word' id='word_1_280' title='bbox 94 3796 248 3878; x_wconf 62' lang='lat' dir='ltr'><strong>putatet.»</strong></span> <span class='ocrx_word' id='word_1_281' title='bbox 265 3793 384 3860; x_wconf 84' lang='lat' dir='ltr'><strong>Seneca</strong></span> <span class='ocrx_word' id='word_1_282' title='bbox 396 3793 462 3860; x_wconf 74' lang='lat' dir='ltr'><strong>haec</strong></span> <span class='ocrx_word' id='word_1_283' title='bbox 476 3796 571 3879; x_wconf 84' lang='lat' dir='ltr'><strong>tangit</strong></span> <span class='ocrx_word' id='word_1_284' title='bbox 584 3809 614 3860; x_wconf 85' lang='lat' dir='ltr'><strong>et</strong></span> <span class='ocrx_word' id='word_1_285' title='bbox 626 3795 764 3880; x_wconf 72' lang='lat' dir='ltr'><strong>profert,</strong></span> <span class='ocrx_word' id='word_1_286' title='bbox 782 3798 835 3859; x_wconf 85' lang='lat' dir='ltr'><strong>sad</strong></span> <span class='ocrx_word' id='word_1_287' title='bbox 852 3798 989 3862; x_wconf 90' lang='lat' dir='ltr'><strong>colorem</strong></span> <span class='ocrx_word' id='word_1_288' title='bbox 1001 3802 1098 3885; x_wconf 80' lang='lat' dir='ltr'><strong>magis</strong></span> <span class='ocrx_word' id='word_1_289' title='bbox 1112 3803 1161 3864; x_wconf 88' lang='lat' dir='ltr'><strong>al-</strong></span> 
     </span>
     <span class='ocr_line' id='line_1_32' title="bbox 95 3898 910 3983; baseline 0.004 -22"><span class='ocrx_word' id='word_1_290' title='bbox 95 3898 179 3964; x_wconf 79' lang='lat' dir='ltr'><strong>linit:</strong></span> <span class='ocrx_word' id='word_1_291' title='bbox 199 3899 340 3964; x_wconf 64' lang='lat' dir='ltr'><strong>‹Ernre</strong></span> <span class='ocrx_word' id='word_1_292' title='bbox 353 3898 430 3965; x_wconf 77' lang='lat' dir='ltr'><strong>milli</strong></span> <span class='ocrx_word' id='word_1_293' title='bbox 442 3899 522 3965; x_wconf 80' lang='lat' dir='ltr'><strong>risus</strong></span> <span class='ocrx_word' id='word_1_294' title='bbox 536 3913 601 3976; x_wconf 80' lang='lat' dir='ltr'><strong>eat,</strong></span> <span class='ocrx_word' id='word_1_295' title='bbox 618 3900 733 3983; x_wconf 83' lang='lat' dir='ltr'><strong>inquit,</strong></span> <span class='ocrx_word' id='word_1_296' title='bbox 751 3902 803 3983; x_wconf 84' lang='lat' dir='ltr'><strong>qui</strong></span> <span class='ocrx_word' id='word_1_297' title='bbox 816 3903 888 3964; x_wconf 82' lang='lat' dir='ltr'><strong>dixit</strong></span> <span class='ocrx_word' id='word_1_298' title='bbox 903 3927 910 3964; x_wconf 76' lang='grc' dir='ltr'><strong>ι</strong></span> 
     </span>
    </p>

    <p class='ocr_par' dir='ltr' id='par_1_10' title="bbox 190 4031 1139 4113">
     <span class='ocr_line' id='line_1_33' title="bbox 190 4031 1139 4113; baseline 0.008 -25"><span class='ocrx_word' id='word_1_299' title='bbox 190 4036 294 4092; x_wconf 84' lang='lat' dir='ltr'><strong>Gratior</strong></span> <span class='ocrx_word' id='word_1_300' title='bbox 303 4049 341 4089; x_wconf 85' lang='lat' dir='ltr'><strong>eat</strong></span> <span class='ocrx_word' id='word_1_301' title='bbox 351 4036 457 4110; x_wconf 76' lang='lat' dir='ltr'><strong>pulchra</strong></span> <span class='ocrx_word' id='word_1_302' title='bbox 468 4036 574 4090; x_wconf 72' lang='lat' dir='ltr'><strong>venient</strong></span> <span class='ocrx_word' id='word_1_303' title='bbox 585 4057 599 4089; x_wconf 88' lang='grc' dir='ltr'>ε</span> <span class='ocrx_word' id='word_1_304' title='bbox 611 4053 715 4110; x_wconf 75' lang='lat' dir='ltr'><strong>corpore</strong></span> <span class='ocrx_word' id='word_1_305' title='bbox 726 4031 823 4092; x_wconf 79' lang='lat' dir='ltr'><strong>Virtus.</strong></span> <span class='ocrx_word' id='word_1_306' title='bbox 837 4039 929 4113; x_wconf 70' lang='lat' dir='ltr'><strong>(Via-g.</strong></span> <span class='ocrx_word' id='word_1_307' title='bbox 938 4041 1033 4095; x_wconf 78' lang='lat' dir='ltr'><strong>AEruV</strong></span> <span class='ocrx_word' id='word_1_308' title='bbox 1044 4083 1051 4111; x_wconf 81' lang='lat'><strong>,</strong></span> <span class='ocrx_word' id='word_1_309' title='bbox 1066 4043 1139 4113; x_wconf 75' lang='grc'>344.)</span> 
     </span>
    </p>
   </div>
   <div class='ocr_carea' id='block_1_8' title="bbox 95 4153 1159 4354">
    <p class='ocr_par' dir='ltr' id='par_1_11' title="bbox 95 4153 1159 4354">
     <span class='ocr_line' id='line_1_34' title="bbox 95 4153 1157 4248; baseline 0.011 -30"><span class='ocrx_word' id='word_1_310' title='bbox 95 4153 186 4221; x_wconf 81' lang='lat' dir='ltr'><strong>Nullo</strong></span> <span class='ocrx_word' id='word_1_311' title='bbox 199 4159 282 4222; x_wconf 85' lang='lat' dir='ltr'><strong>enim</strong></span> <span class='ocrx_word' id='word_1_312' title='bbox 294 4159 524 4222; x_wconf 85' lang='lat' dir='ltr'><strong>honestamento</strong></span> <span class='ocrx_word' id='word_1_313' title='bbox 539 4171 606 4244; x_wconf 83' lang='lat' dir='ltr'><strong>eget</strong></span> <span class='ocrx_word' id='word_1_314' title='bbox 623 4183 630 4218; x_wconf 92' lang='lat'><strong>:</strong></span> <span class='ocrx_word' id='word_1_315' title='bbox 646 4160 711 4244; x_wconf 85' lang='lat' dir='ltr'><strong>ipsa</strong></span> <span class='ocrx_word' id='word_1_316' title='bbox 727 4175 757 4222; x_wconf 88' lang='lat' dir='ltr'><strong>et</strong></span> <span class='ocrx_word' id='word_1_317' title='bbox 774 4183 916 4246; x_wconf 85' lang='lat' dir='ltr'><strong>magnum</strong></span> <span class='ocrx_word' id='word_1_318' title='bbox 932 4166 977 4226; x_wconf 86' lang='lat' dir='ltr'><strong>sui</strong></span> <span class='ocrx_word' id='word_1_319' title='bbox 994 4169 1084 4228; x_wconf 87' lang='lat' dir='ltr'><strong>decus</strong></span> <span class='ocrx_word' id='word_1_320' title='bbox 1099 4182 1157 4248; x_wconf 84' lang='lat' dir='ltr'><strong>est,</strong></span> 
     </span>
     <span class='ocr_line' id='line_1_35' title="bbox 95 4262 1159 4354; baseline 0.014 -33"><span class='ocrx_word' id='word_1_321' title='bbox 95 4274 127 4322; x_wconf 86' lang='lat' dir='ltr'><strong>et</strong></span> <span class='ocrx_word' id='word_1_322' title='bbox 142 4283 246 4346; x_wconf 83' lang='lat' dir='ltr'><strong>corpus</strong></span> <span class='ocrx_word' id='word_1_323' title='bbox 260 4277 348 4326; x_wconf 82' lang='lat' dir='ltr'><strong>auutn</strong></span> <span class='ocrx_word' id='word_1_324' title='bbox 362 4277 555 4328; x_wconf 80' lang='lat' dir='ltr'><strong>consecrat.»</strong></span> <span class='ocrx_word' id='word_1_325' title='bbox 568 4262 647 4350; x_wconf 87' lang='lat' dir='ltr'><strong>(Ep.</strong></span> <span class='ocrx_word' id='word_1_326' title='bbox 663 4271 789 4348; x_wconf 80' lang='lat' dir='ltr'><strong>nxxvt.)</strong></span> <span class='ocrx_word' id='word_1_327' title='bbox 806 4267 898 4332; x_wconf 83' lang='lat' dir='ltr'><strong>Addit</strong></span> <span class='ocrx_word' id='word_1_328' title='bbox 910 4272 1013 4354; x_wconf 87' lang='lat' dir='ltr'><strong>jocose</strong></span> <span class='ocrx_word' id='word_1_329' title='bbox 1028 4273 1066 4336; x_wconf 90' lang='lat' dir='ltr'><strong>de</strong></span> <span class='ocrx_word' id='word_1_330' title='bbox 1082 4269 1159 4338; x_wconf 90' lang='lat' dir='ltr'><strong>Cla-</strong></span> 
     </span>
    </p>
   </div>
   <div class='ocr_carea' id='block_1_9' title="bbox 0 0 1452 4958">
    <p class='ocr_par' dir='ltr' id='par_1_12' title="bbox 0 0 1452 4958">
     <span class='ocr_line' id='line_1_36' title="bbox 0 0 1452 4958; baseline 0 0"><span class='ocrx_word' id='word_1_331' title='bbox 0 0 1452 4958; x_wconf 95' lang='lat' dir='ltr'><strong> </strong></span> 
     </span>
    </p>
   </div>
  </div>
 </body>
</html>
