2896 4958
318 475 361 560 da
643 497 648 514 ¹
757 481 824 546 DE
854 477 948 545 IRA

316 631 407 678 rere.
422 605 527 678 Dabit
542 607 799 702 impunitatem,
821 631 887 677 nec
899 608 1145 702 accipientibus
1160 613 1170 644 ¹
1183 607 1385 682 nocituram,

317 749 383 794 nec
398 723 558 793 dantibus
569 729 596 792 ².
612 727 863 820 Nonnunquam
875 751 999 820 magna
1017 725 1145 794 scelera
1162 725 1270 795 levius
1286 733 1388 816 quam

317 844 449 910 minora
464 858 677 934 compescet,
703 844 732 910 si
750 835 835 912 illa³
852 841 970 936 lapsu,
992 867 1061 910 non
1079 841 1279 910 crudelitate
1296 863 1387 907 com-

317 958 420 1026 missa
433 972 512 1025 eunt
523 1009 533 1040 ,
546 951 625 1025 bis‘
638 958 726 1026 inest
738 957 859 1040 latens,
876 973 911 1027 et
923 974 1061 1051 operta,
1074 973 1109 1026 et
1121 959 1308 1028 inveterata
1319 953 1388 1022 cal-

318 1071 445 1140 liditas.
471 1071 567 1140 Idem
594 1069 756 1142 delictum
772 1074 809 1142 in
832 1072 967 1142 duobus
983 1097 1053 1142 nou
1072 1073 1191 1143 eodem
1208 1071 1295 1142 malo
1311 1069 1388 1138 affi-

318 1183 422 1274 ciet⁵,
444 1191 472 1258 si
486 1189 572 1258 alter
584 1212 649 1285 per
660 1191 905 1286 negligentiam
922 1191 1078 1275 admisit,
1099 1192 1186 1261 alter
1203 1190 1335 1260 curavit
1351 1203 1389 1254 ιιι

318 1330 445 1376 nocem
460 1299 585 1376 csset⁶.
602 1309 675 1376 Hoc
687 1331 822 1402 semper
835 1315 846 1358 ⁷
861 1311 897 1377 in
910 1311 1003 1379 omni
1015 1307 1304 1380 animadversione
1316 1331 1389 1374 ser-

317 1419 431 1504 vabit,
451 1437 491 1490 ut
504 1423 605 1505 sciat,
624 1421 766 1492 alteram
780 1422 958 1508 adhiberi,
975 1441 1014 1493 ut
1026 1423 1183 1494 emendet
1195 1423 1325 1503 malos,
1342 1420 1389 1488 al-

319 1548 445 1618 teram,
469 1551 508 1603 ut
526 1534 631 1604 tollat.
661 1537 702 1604 In
719 1529 866 1629 utroque
884 1561 953 1606 non
971 1539 1164 1630 praeterita,
1191 1534 1253 1605 sed
1273 1533 1389 1601 bitum

260 1685 289 1719 αι
319 1649 519 1718 intuebitur.
532 1652 635 1734 Nam,
653 1665 691 1719 ut
701 1651 795 1720 Plato
805 1653 876 1735 ait,
892 1655 998 1722 Nemo
1011 1651 1162 1746 prudeus
1172 1652 1288 1744 punit,
1308 1647 1389 1740 quia

318 1783 495 1860 peccatum
511 1782 581 1852 est,
603 1767 664 1836 sed
681 1792 725 1835 ne
742 1784 922 1861 peccetur,
941 1771 1094 1838 revocari
1109 1769 1200 1836 enim
1216 1767 1389 1860 preterita

318 1907 387 1951 non
401 1898 557 1977 possunt,
579 1883 694 1952 iirurra
709 1883 937 1980 prohibentur
955 1913 962 1951 ι
980 1900 1015 1953 et
1029 1909 1113 1977 quos
1125 1884 1215 1953 volet
1226 1881 1388 1974 nequitiae

318 2002 405 2069 male
416 1995 587 2069 cedentis⁸
600 1999 753 2093 exempla
765 2001 859 2083 lieri,
874 1999 986 2093 palam
996 2000 1139 2082 occidet,
1153 2023 1222 2067 non
1232 1999 1386 2065 tantum’

262 2163 292 2193 ιι
318 2135 358 2188 ut
375 2135 519 2214 pereant
537 2120 623 2212 ipsi,
644 2115 705 2186 sed
722 2133 761 2186 ut
778 2117 861 2186 alios
878 2116 1055 2212 pereundo
1071 2117 1276 2185 deterreant.
1306 2115 1388 2182 Hsec

319 2237 375 2304 cui
392 2233 614 2330 expendenda
632 2233 895 2326 aestimandaque
913 2249 1015 2316 eunt,
1034 2232 1130 2304 vides
1146 2255 1247 2325 quam
1264 2229 1389 2298 debeat

319 2355 410 2422 omni
431 2353 689 2447 perturbatione
711 2351 800 2420 liber
819 2349 983 2420 accedere
1005 2345 1050 2419 ad
1073 2372 1145 2418 rem
1163 2372 1293 2417 summa
1310 2345 1391 2414 dili-

318 2468 433 2560 gentia
449 2465 674 2548 tractandam,
694 2479 895 2558 potestatem
908 2463 986 2533 vitae
1002 2465 1174 2554 necisque.
1196 2460 1286 2529 Male
1302 2461 1390 2527 irato

317 2585 449 2652 sermm
473 2584 706 2652 committitur.
733 2583 784 2650 Ne
808 2579 896 2650 illud
915 2579 1054 2674 quidem
1072 2573 1296 2672 judicandum
1315 2591 1388 2656 cst,

318 2697 449 2792 aliquid
466 2701 551 2766 iram
569 2696 614 2767 ad
635 2693 904 2791 magnitudinem
921 2697 1026 2766 animi
1043 2696 1210 2766 conferre.
1241 2695 1318 2761 Non
1340 2709 1393 2760 est

262 2841 293 2892 23
318 2815 408 2883 enim
423 2813 482 2884 illa
493 2814 709 2908 magnitudo3
724 2829 835 2882 tumor
844 2829 896 2882 est
909 2839 916 2879 ε
929 2837 994 2881 nec
1001 2825 1013 2896 ',
1030 2810 1228 2904 corporibus
1245 2814 1274 2844 ¹⁰
1292 2809 1392 2900 copia

320 3033 344 3072 et
354 3019 469 3094 mitigari
479 3021 563 3092 quivis
577 3018 711 3091 intelliget.
722 3017 762 3072 Ci.
774 3017 828 3071 Cic.
896 3035 918 3086 7.
930 3015 990 3070 Hoc
1004 3033 1117 3084 smper,
1134 3027 1180 3067 etc.
1194 3013 1332 3066 Platonem
1347 3031 1393 3063 ex-

318 3096 440 3152 Paredox.
449 3101 477 3164 l,
490 3113 514 3151 et
525 3100 555 3152 de
565 3097 637 3151 finib.
647 3099 696 3160 lV,
707 3117 751 3164 ιφ,
765 3099 804 3150 28.
877 3093 1004 3168 pressitde
1012 3093 1089 3166 Legg.
1100 3091 1153 3155 tx,
1163 3112 1188 3164 p.
1196 3093 1218 3143 5.
1230 3091 1284 3154 Xl,
1297 3111 1321 3162 p.
1333 3089 1391 3155 164,

338 3175 421 3230 eNee
427 3179 618 3246 accipientibus.
627 3176 728 3248 Quippe
736 3174 781 3245 qui
790 3172 830 3224 ni·
881 3173 927 3226 155
939 3212 946 3240 ,
958 3171 1031 3224 Tem.
1042 3169 1096 3234 IX,
1106 3167 1164 3242 Bip.

318 3253 357 3305 bil
370 3254 421 3324 jem
438 3255 539 3309 sceleris
556 3266 745 3329 perpetraruntt
760 3249 830 3323 quod
896 3247 1187 3302 llMalecedentiste.
1197 3265 1304 3318 scopum
1315 3265 1392 3296 sunm

319 3345 485 3405 perpetrantes
495 3335 544 3388 sibi
555 3333 603 3406 ipsi
614 3345 714 3384 nocent.
879 3328 986 3380 minime
998 3327 1157 3398 attingentis,
1166 3326 1196 3378 in
1207 3324 1306 3377 irritum
1317 3325 1395 3377 labo-

336 3431 358 3462 r.
377 3412 431 3466 Nec
443 3415 574 3466 dantibus.
588 3411 689 3484 Quippe
700 3407 745 3480 qui
760 3403 825 3458 nihil
877 3405 964 3469 rantis,
976 3405 1034 3468 sibi,
1045 3419 1177 3478 postquam
1184 3401 1258 3456 toties
1270 3402 1330 3454 aliis
1340 3423 1396 3454 nc·-

318 3486 370 3557 jam
379 3491 478 3543 sceleris
487 3491 620 3562 patientur.
878 3485 939 3547 cuit,
948 3484 1070 3548 nocentis,
1080 3494 1158 3535 nacta
1166 3501 1211 3556 pro
1220 3481 1399 3554 pecnniaino-

336 3567 360 3619 3.
370 3567 436 3620 1110.
447 3569 543 3640 Magna
555 3587 654 3639 nempe.
819 3609 830 3625 „
879 3564 964 3638 piem,
975 3583 1021 3638 pro
1031 3562 1122 3616 alienis
1133 3560 1244 3634 caedibus
1256 3560 1373 3612 exitium.

336 3641 799 3711 d.His.Minoribus‚etsubeud.si.
897 3639 994 3714 9.Non
1012 3651 1122 3692 motum.
1148 3639 1218 3692 Bene
1242 3637 1319 3689 babet
1338 3635 1399 3688 baee

337 3723 772 3778 5.1demde1tcsum....eodemnmto
779 3717 831 3794 oss.
879 3714 954 3772 lectio
964 3719 1039 3792 :ipsis
1055 3719 1094 3772 bis
1111 3717 1272 3792 peccantibus
1284 3738 1402 3792 perenn-

322 3801 389 3854 Cum
400 3803 515 3854 Gronov.
525 3802 609 3875 recepi
618 3838 626 3866 ,
636 3797 733 3874 scriptis
743 3811 765 3850 et
773 3795 832 3849 edd.
881 3796 943 3850 dum
955 3811 1008 3864 est,
1020 3812 1047 3852 ut
1063 3801 1147 3852 lutura
1156 3798 1225 3851 nula
1236 3797 1402 3873 prohibean-

320 3893 380 3934 vett.
389 3881 598 3955 adstipulantibus
608 3899 615 3934 ι
627 3882 644 3935 i.
654 3901 676 3934 e.
688 3879 775 3933 eedem
783 3897 832 3954 pce
881 3876 1045 3939 tur3sedbsec
1054 3875 1237 3929 consolaratio
1246 3875 1404 3938 est;acceslit

322 3979 354 4010 na
363 3971 388 4010 et
396 3957 498 4012 damno.
509 3959 627 4034 Exempla
637 3961 711 4012 allert
717 3959 833 4012 Gronov.
882 3954 976 4020 altera,
991 3968 1021 4007 ut
1031 3954 1146 4029 exemplo
1160 3953 1212 4006 sint
1223 3953 1289 4007 aliis·
1306 3955 1401 4024 ltaque

320 4037 418 4090 Autem
429 4041 521 4102 mod03
533 4039 602 4109 qnod
610 4040 677 4112 lips.
686 4038 809 4091 tuebatur.
882 4034 987 4106 coajeet.
1001 4033 1079 4110 Lipsii
1092 4071 1100 4100 ,
1111 4054 1163 4086 ιιοιι
1177 4045 1249 4098 tam,
1264 4030 1332 4085 baud
1345 4031 1401 4084 ad-

354 4115 379 4167 6.
398 4117 475 4170 Alter
490 4120 590 4170 cumeis
607 4127 636 4168 ut
652 4135 743 4170 nocens
759 4127 831 4170 esset.
881 4115 1013 4168 mittenda.

321 4197 422 4251 Scilicet
438 4195 483 4250 cui
494 4195 546 4268 jam
557 4193 609 4247 sols
625 4193 746 4266 peccandi
758 4212 831 4250 causa
901 4213 937 4247 ιο.
946 4195 1150 4264 Neccorpors'bus
1152 4230 1192 4248 .....
1201 4195 1402 4246 morbosum

321 4297 437 4350 peccare,
452 4290 480 4329 ut
490 4275 602 4348 superius
616 4275 667 4345 ipte
678 4273 748 4326 dixit.
880 4284 993 4328 mutum
1007 4272 1240 4344 est.Negligentius
1254 4271 1324 4334 elata,
1343 4271 1364 4321 i.
1375 4292 1402 4323 e.
