2910 4954
271 445 274 454 =
305 445 347 515 70
753 427 820 492 nr:
841 425 931 492 ma

303 558 439 649 gentis,
456 559 582 652 vixque
593 559 753 626 humanis
765 557 941 638 toleranda
952 557 1085 627 vitibus
1099 581 1203 626 onera
1214 573 1363 650 portare,

302 689 337 742 et
357 675 393 742 in
412 675 609 742 immensam
630 671 844 744 altitudinem
862 675 994 768 mergi,
1018 697 1060 742 ac
1079 674 1153 741 sine
1170 673 1240 742 ullu
1262 672 1366 765 respi-

303 786 402 858 randi
418 790 492 858 vice
506 789 639 882 perpeti
659 789 777 858 meria.

264 935 273 968 t
351 907 448 974 xm.
460 903 558 972 Mille
567 919 647 974 sunt
659 903 746 988 alia,
764 904 941 997 inquibus
952 905 1142 999 pertinacia
1151 901 1367 995 impedimen·

303 1039 373 1092 tum
384 1045 483 1090 omne
494 1019 724 1103 transcendit,
737 1020 954 1114 ostenditque
964 1020 1136 1088 nibilessc
1146 1017 1287 1086 difficile
1296 1067 1307 1099 ‚
1317 1039 1367 1084 cu

296 1137 429 1230 jussibi
447 1138 521 1230 ipsa
538 1161 635 1204 mens
646 1137 845 1230 patientiam
864 1135 1034 1206 indiceret
1046 1141 1072 1204 ¹.
1084 1135 1162 1204 Istis
1175 1157 1260 1226 quos
1272 1131 1367 1225 paulo

300 1265 379 1318 ante
391 1250 493 1318 retuli
506 1299 516 1332 ‚
528 1267 588 1318 aut
600 1249 695 1318 nulla
709 1267 777 1318 tam
790 1251 974 1342 pertinacis
986 1247 1110 1330 studii,
1122 1264 1182 1316 aut
1190 1272 1261 1315 non
1269 1245 1366 1339 digna

261 1394 275 1424 ι
301 1387 433 1431 merces
445 1363 521 1431 luit.
539 1361 635 1455 Quid
648 1365 739 1432 enim
753 1364 971 1456 magnificum
985 1362 1206 1454 consequitur
1215 1359 1295 1442 ille,
1312 1358 1367 1449 qui

217 1543 222 1554 ,
301 1479 483 1548 meditatus
504 1485 579 1548 est¹
600 1505 664 1574 per
681 1482 831 1550 intensos
853 1481 953 1548 funes
974 1481 1026 1548 ire
1041 1481 1056 1547 l
1074 1480 1134 1571 qui
1158 1478 1298 1546 sarcinae
1316 1477 1368 1543 in-

302 1595 397 1686 genti
423 1595 572 1662 cervices
596 1596 819 1687 supponere?
839 1595 899 1686 qui
928 1617 1046 1664 somno
1076 1617 1146 1662 non
1173 1591 1367 1660 submittere

302 1711 441 1780 oculos?
453 1712 513 1804 qui
528 1727 709 1805 penetrare
725 1711 879 1778 inimum
893 1733 986 1778 mare
997 1711 1013 1776 t
1025 1713 1068 1778 Et
1082 1724 1197 1776 tamen
1211 1705 1257 1775 ad
1269 1708 1366 1775 finem

301 1827 435 1919 operis,
453 1851 521 1896 non
545 1851 668 1920 magno
686 1816 974 1908 auctoramento³,
999 1825 1096 1894 labor
1114 1825 1285 1918 pervenit.
1304 1825 1367 1890 Nos

303 1965 371 2010 non
385 1940 622 2010 advocabimus
640 1941 861 2035 patientiam,
881 1965 966 2033 quos
985 1955 1114 2010 tantum
1128 1939 1306 2032 praemium
1317 1961 1367 2004 ex·

263 2069 278 2120 ³
303 2075 433 2154 spectat
445 2051 473 2143 ⁴,
491 2051 599 2128 felicis
620 2059 724 2126 animi
748 2059 885 2126 immota
899 2057 1127 2149 tranquillitas
1139 2048 1179 2123 ⁵?
1197 2055 1367 2147 Quantum

303 2193 374 2262 est,
391 2179 543 2270 effugere
553 2177 733 2245 maximum
745 2173 869 2243 malum
885 2176 992 2256 iram,
1009 2190 1133 2242 etcum
1147 2172 1205 2240 illa
1219 2172 1362 2252 rabiem,

305 2295 487 2376 saevitiam,
509 2291 744 2361 crudelitatem
757 2341 768 2392 ,ι
795 2287 964 2374 furorem,
985 2307 1019 2358 et
1039 2291 1123 2359 alios
1141 2292 1281 2359 comites
1300 2291 1370 2382 ejus

302 2406 462 2479 allectus!
486 2413 562 2478 Non
576 2425 644 2490 est,
662 2405 754 2499 quod
772 2407 997 2499 patrocinium
1014 2406 1117 2475 nobis
1130 2430 1321 2498 quaeramus
1336 2419 1368 2472 et

303 2544 493 2598 excusatam
516 2527 687 2622 licentiam
700 2519 736 2608 ⁶,
759 2522 910 2592 dicentes
928 2552 936 2591 ε
957 2539 1017 2593 aut
1034 2523 1118 2592 utile
1138 2523 1175 2592 id
1194 2548 1290 2606 ease,
1315 2537 1368 2590 aut

302 2645 518 2728 inevitabile3
537 2644 592 2711 cui
605 2643 696 2710 enim
715 2639 851 2708 tandem
864 2641 946 2708 vitio
960 2640 1145 2711 advocatus
1155 2639 1291 2709 deluit?
1306 2663 1367 2710 nou

302 2757 456 2852 estquod
470 2757 581 2840 dicas,
599 2754 708 2823 excidi
722 2779 790 2822 non
805 2778 903 2848 posse
921 2780 929 2821 ε
946 2755 1154 2824 sanabilibus
1167 2771 1366 2848 aegrotamus

302 2874 418 2958 malis,
436 2876 577 2967 ipsaque
591 2897 652 2940 nos
664 2873 700 2939 in
715 2888 844 2940 rectum
857 2873 989 2964 genitos
1003 2886 1145 2955 nutura,
1161 2873 1190 2940 si
1200 2867 1368 2940 emendari

300 3118 427 3170 Adversis
438 3117 534 3171 dictum
545 3130 595 3183 est,
605 3130 634 3170 ut
641 3116 747 3170 adverso
757 3117 811 3168 llu-
896 3117 919 3181 4.
928 3115 1082 3186 Exspectat.
1090 3115 1143 3170 cie.
1152 3128 1176 3168 et
1181 3115 1255 3189 Virg.
1263 3127 1366 3187 ternpore

300 3195 370 3247 mine
397 3195 516 3269 navigare
539 3213 545 3247 :
570 3196 637 3248 benc
660 3193 811 3248 sententiam
859 3196 944 3248 omnis
954 3209 1050 3261 sudor,
1058 3195 1303 3260 siveissolute,seu
1314 3212 1366 3267 poe·

298 3274 373 3326 multi
391 3275 498 3327 exsecuti
509 3287 576 3327 sunt.
589 3275 629 3326 Cs.
642 3273 759 3326 Gateker.
777 3274 809 3325 sd
859 3275 906 3327 tica
920 3274 1024 3328 dicendi
1033 3274 1130 3328 ratione
1142 3293 1202 3327 usus
1213 3285 1292 3335 esset,
1302 3269 1365 3323 stri-

297 3353 392 3404 Anton.
402 3373 459 3426 pag.
473 3351 540 3417 424,
551 3351 596 3404 ubi
615 3363 728 3403 nostrum
742 3350 809 3402 bunc
858 3345 1364 3429 psistetmatret.dndeeiustuneedbibuit

297 3429 381 3482 locum
391 3449 444 3482 nou
452 3429 575 3502 neglexit:
584 3427 679 3482 Stoboi
687 3427 808 3500 Florileg.
859 3435 972 3486 Anuaeut
984 3435 1011 3484 sb
1023 3441 1173 3500 exspectat,
1185 3429 1259 3499 qussi
1273 3427 1304 3480 de
1315 3425 1364 3478 viro

297 3507 379 3560 Serm.
388 3507 505 3570 XXVII,
516 3527 541 3581 p.
549 3523 613 3578 ²99²
626 3506 739 3558 Mueenii
749 3505 808 3558 Rufi
857 3525 883 3563 et
891 3510 1021 3562 animante
1031 3507 1145 3580 quolibet
1155 3520 1280 3580 ageretur.
1291 3504 1318 3557 ld
1328 3523 1365 3554 eu·

297 3587 414 3648 (Fabric-
426 3586 495 3640 Bibl.
508 3588 553 3640 Gr.
564 3588 596 3640 Τ.
607 3587 646 3639 lll
656 3624 663 3650 ‚
674 3606 732 3659 pag.
741 3585 806 3651 5663
857 3601 908 3640 tem
915 3587 1007 3662 poetici
1015 3586 1116 3659 spiritus
1124 3597 1174 3650 est,
1184 3584 1297 3637 animem
1305 3599 1365 3652 quo·

296 3665 386 3731 llerl.)
397 3665 546 3738 preclarum
556 3668 734 3738 fragmentum.
858 3665 915 3718 dem
928 3666 1006 3719 modo
1016 3664 1138 3718 inanimis
1147 3663 1217 3716 dere.

324 3742 394 3793 Xlll.
408 3745 477 3795 Aee.
488 3745 614 3816 Μιςιιιιηι
626 3743 757 3816 premium
767 3762 807 3794 ex·
891 3746 914 3794 5.
928 3743 985 3796 Nos
994 3763 1080 3796 noum.
1096 3743 1287 3811 tranquillitas.
1298 3736 1361 3790 ldetn

295 3819 404 3888 positum
416 3839 467 3872 este
485 3821 522 3883 ei,
539 3820 583 3890 qui
595 3821 658 3872 irem
673 3833 751 3874 totam
765 3819 807 3873 di·
855 3823 944 3876 suadet
953 3823 1071 3876 Horatius
1079 3841 1158 3894 quum
1167 3821 1246 3874 libril
1258 3820 1332 3892 Epist.
1340 3837 1361 3878 e,

291 3894 373 3947 mittat
383 3915 445 3950 :nec
456 3898 491 3949 ita
502 3895 608 3951 difficile
618 3897 667 3951 boc
681 3918 741 3951 esse.
854 3901 889 3953 sic
900 3901 1022 3954 exclamat
1033 3920 1040 3954 :
1052 3901 1108 3952 «Ut
1116 3900 1234 3974 jugulent
1241 3898 1362 3954 homino,

329 3993 350 4026 ι.
372 3975 451 4039 Cuius
472 3977 559 4028 sthi...
580 3979 718 4038 indicere&
736 3977 804 4048 quod
855 3991 964 4053 surgunt
982 3979 1014 4032 de
1036 3991 1109 4032 nocte
1132 3977 1243 4030 latrones
1264 3993 1270 4026 :
1291 3975 1324 4028 Ut
1341 3985 1361 4022 ts

291 4073 362 4106 ruens
375 4055 422 4106 sibi
437 4055 569 4128 imperaret
582 4056 766 4128 perferendum.
854 4057 935 4132 ipsum
953 4077 1054 4120 serves,
1072 4077 1127 4110 non
1150 4051 1360 4128 expergiscerit?⁸

326 4133 499 4186 a-Meds'tatus
507 4146 554 4188 est.
561 4133 589 4184 ld
601 4147 646 4196 est,
653 4135 761 4187 exercuit
769 4155 801 4186 se.
887 4135 911 4186 6.
927 4135 1098 4191 Exeuntem
1114 4137 1255 4188 licentiam.
1270 4131 1299 4184 ld
1315 4139 1361 4188 etl»

323 4209 346 4260 3.
359 4209 569 4264 Auctor-amento.
581 4211 609 4262 ld
618 4225 667 4277 est,
679 4213 801 4266 mercede.
853 4233 909 4283 que
919 4212 1031 4268 excusari
1040 4226 1128 4287 potest.
