2896 4958
232 461 301 528 AD
327 459 499 528 STOIC.
526 458 730 528 PHILOS.
755 458 850 528 LIB.
877 457 951 526 111.
1017 459 1145 546 ccxxvii

379 697 724 765 DISSERTATIO
744 697 842 762 XXI.

206 852 281 913 Item
296 851 442 928 singulare
453 850 638 912 Parndonum
645 894 655 924 ,
669 847 794 908 Peccata
808 823 932 932 ‹equalin
944 871 1016 910 esse.

121 1031 227 1096 Penne
238 1036 276 1096 de
288 1031 393 1095 Stultis
403 1031 493 1096 liceat
503 1033 644 1116 persequi
658 1054 665 1092 ε
680 1051 740 1094 non
756 1032 847 1108 libet,
861 1033 1023 1095 manuduxi
1035 1046 1065 1094 et
1075 1055 1154 1116 prae-

87 1140 141 1218 ivi,
156 1142 208 1222 qui
223 1139 285 1203 fiat.
299 1137 388 1202 Addo
405 1141 618 1215 decantatum,
639 1141 692 1201 sed
707 1151 737 1200 et
753 1141 928 1200 damnatum
942 1138 1156 1228 Paradorum:

86 1246 254 1330 «AEqnalia
270 1260 395 1332 peccata
418 1267 516 1308 esse.»
536 1242 647 1309 Cicero
666 1269 674 1306 ε
693 1242 820 1308 «Placet
838 1243 948 1308 Stoicis
964 1247 1066 1307 omnia
1083 1267 1159 1331 pec-

86 1369 145 1417 cata
157 1376 223 1418 esse
232 1353 329 1438 paria.
340 1381 355 1407 ι»
372 1350 441 1431 (lv
451 1351 664 1429 Acad.)ldem
686 1351 760 1413 alibi
778 1352 942 1435 amplificat
961 1365 991 1415 et
1008 1353 1157 1414 extendit:

41 1537 43 1540 Ι
86 1458 219 1522 ¹=0mnia
234 1473 359 1543 peccata
374 1481 440 1522 csse
455 1459 541 1541 paria
555 1482 563 1530 3
585 1477 676 1520 omne
697 1458 859 1549 delictum,
877 1459 975 1522 scelus
992 1482 1057 1522 esse
1072 1460 1160 1522 nefa-

83 1569 157 1628 rium
168 1591 176 1625 ε
189 1587 248 1630 nec
261 1566 362 1628 minus
373 1552 549 1646 delinquere
561 1586 642 1641 eum,
656 1564 708 1645 qui
719 1563 834 1654 gallum
844 1563 1057 1648 gallinaceum,
1066 1589 1160 1648 quum

84 1692 152 1754 opus
162 1693 227 1734 non
236 1672 337 1744 inerit,
347 1671 498 1753 quamqni
509 1685 629 1754 patrem
642 1670 844 1733 suffocaverit.
853 1699 868 1726 »
877 1671 954 1748 (Pro
965 1671 1163 1756 Mur.)Laer-

83 1778 237 1860 tiusponit,
247 1791 344 1840 etmra
352 1798 484 1840 cansam:
496 1774 864 1858 «PlacetStoicisaequolia
873 1793 997 1861 peccato
1010 1804 1017 1838 τ
1035 1795 1068 1842 nt
1079 1782 1163 1843 enim

84 1883 196 1946 Verum
207 1883 294 1946 Vero
308 1885 404 1967 magis
417 1883 478 1945 tale
490 1903 553 1944 non
571 1897 632 1960 est,
653 1904 752 1964 neque
766 1881 892 1945 Falsum
907 1882 1000 1946 Falso
1017 1911 1024 1958 ;
1046 1887 1086 1947 ita
1103 1909 1161 1949 nec

86 1987 163 2052 frans
175 1991 304 2068 fraude,
321 2011 379 2052 nec
395 2003 552 2073 peccatum
565 2002 699 2072 peccato.
715 1987 796 2051 Nam
814 2002 844 2050 et
859 1989 910 2070 qui
926 2003 1047 2052 centum
1060 1993 1163 2055 stadiis
1278 2038 1281 2051 .

87 2092 211 2180 Canopo
228 2095 329 2173 abest,
346 2095 443 2176 etqui
457 2115 537 2170 uno,
554 2095 669 2179 pariter
682 2115 744 2156 non
759 2095 873 2156 suntin
888 2093 1017 2178 Canopo
1033 2120 1040 2157 ε
1056 2099 1098 2160 sic
1113 2099 1164 2179 qui

87 2223 207 2283 parvum
221 2202 271 2264 vei
285 2223 430 2286 magnum
443 2202 608 2282 delinquit,
624 2201 739 2285 pariter
750 2201 835 2263 abest
846 2222 863 2263 a
875 2216 968 2265 recto.
980 2229 995 2258 a
1011 2202 1062 2280 (ln
1073 2205 1163 2289 Zeu.)

86 2304 200 2391 Duplex
214 2307 386 2370 adfirmatio
398 2331 407 2381 ;
419 2309 505 2391 prior
516 2329 534 2369 a
547 2319 654 2369 natura
667 2307 712 2368 rei
723 2333 730 2376 ;
745 2327 835 2369 omne
850 2308 931 2370 enim
944 2306 1084 2386 Bonum,
1096 2310 1161 2372 Ve-

87 2435 148 2476 mm
162 2429 224 2486 est,
236 2435 328 2476 omne
342 2414 461 2477 Malum
470 2460 480 2486 ,
489 2412 629 2485 Falsum
645 2413 728 2494 atqui
740 2413 803 2476 haec
816 2415 940 2496 aequalia
951 2441 958 2488 ;
969 2432 1082 2500 ergoet
1095 2419 1161 2481 ista.

86 2518 219 2600 Deinde,
233 2521 370 2593 asimili;
382 2521 561 2602 quicumque
571 2519 640 2583 loco
650 2518 751 2600 aliquo
764 2535 815 2582 aut
823 2535 904 2584 meta
912 2522 1012 2593 obest,
1025 2526 1160 2608 pauxillo

85 2643 131 2690 aut
144 2629 308 2712 longinquo
322 2653 330 2702 ;
346 2641 448 2690 tamen
466 2627 574 2689 abest:
592 2647 684 2689 omne
705 2627 810 2689 vitium
823 2628 945 2691 aBono
955 2631 1041 2692 abest
1058 2658 1065 2704 ς
1083 2655 1157 2717 ergo

88 2749 213 2818 caparte
226 2735 354 2818 pariant.
368 2732 459 2818 Apud
470 2732 669 2807 Ciceronem,
682 2735 809 2795 assertio
820 2734 912 2796 etiam
923 2737 992 2798 alia.
1006 2736 1159 2804 «Peccata

87 2842 185 2922 paria,
202 2861 336 2922 quonam
349 2841 462 2903 modo?
484 2840 554 2922 quia
572 2862 629 2903 nec
643 2825 783 2904 Honesto
804 2841 967 2924 quidquam
981 2843 1157 2922 honestius,

86 2968 139 3010 nec
153 2947 252 3030 Turpi
271 2947 396 3030 turpius.
408 2944 505 3030 Perge
525 2967 639 3031 porro;
660 2967 732 3008 nam
750 2949 787 3008 de
808 2948 865 3009 isto
882 2970 992 3034 magua
1007 2953 1155 3018 dissensio

49 3139 51 3144 Ι
87 3066 130 3114 est
140 3075 147 3111 :
157 3053 212 3114 illa
226 3066 401 3136 argrnnenta
415 3053 540 3136 propria
555 3051 720 3116 rideamus.
733 3053 793 3128 Ut,
807 3054 921 3136 inquit,
933 3057 964 3119 in
975 3057 1083 3123 fidibus
1094 3061 1160 3145 plu·

87 3159 189 3234 ribos,
204 3159 231 3220 si
252 3159 336 3221 nulla
357 3181 464 3222 earum
483 3160 525 3221 ita
546 3173 686 3222 contenta
704 3162 838 3224 numeris
855 3163 913 3239 sit,
936 3179 967 3226 ut
981 3182 1160 3231 concentum

86 3287 207 3328 serrare
223 3267 340 3350 possit,
368 3289 476 3330 omnes
490 3289 574 3349 aeque
594 3269 771 3331 incontenta,²
792 3270 852 3332 sint
868 3294 875 3328 ε
892 3272 935 3334 sic
949 3271 1075 3336 Peccata
1090 3278 1160 3358 quia

84 3375 266 3457 dismpam,
272 3395 355 3455 aque
361 3375 534 3457 discrepant
542 3400 550 3447 ;
557 3376 642 3458 paria
650 3388 718 3438 sunt
724 3376 823 3460 igitur.
835 3405 849 3432 u
857 3375 919 3440 Sed
926 3392 956 3440 et
961 3379 1042 3441 aliud
1047 3381 1156 3464 simile.

86 3477 153 3541 -Ut
162 3479 348 3564 gubernator
356 3501 441 3563 aeque
450 3467 574 3564 peccat,
587 3482 612 3543 si
623 3480 782 3565 palearum
790 3503 901 3546 navem
912 3486 1070 3564 everterit,
1085 3501 1114 3550 et
1128 3490 1156 3550 si

84 3587 150 3648 aori
165 3609 174 3644 ι
186 3585 261 3648 item
271 3608 355 3667 aeque
367 3600 482 3669 peccat,
493 3588 544 3669 qni
552 3600 722 3670 parentem,
737 3589 825 3669 etqui
837 3609 958 3651 servum
970 3590 1080 3674 injuria
1090 3615 1157 3658 ver-

83 3690 325 3773 hemc»(1vlte
331 3691 414 3773 Fin.)
422 3690 574 3756 invidiosa
581 3693 655 3771 haec,
662 3715 724 3756 non
734 3693 834 3757 coium
846 3716 989 3780 scruposa
998 3699 1155 3777 videntum

86 3798 181 3879 qnid?
196 3799 278 3860 inter
293 3798 477 3882 parricidam
491 3845 504 3871 ,
518 3813 548 3861 et
561 3799 733 3882 gallicidam
747 3823 810 3864 non
827 3803 1025 3868 discrimem?
1043 3805 1105 3890 Qui
1116 3824 1161 3872 ta-

85 3926 157 3966 men
163 3905 301 3966 animum
312 3905 455 3988 peccandi
470 3905 570 3983 ridet,
585 3919 615 3968 et
628 3907 668 3968 ab
682 3928 720 3969 eo
731 3913 1034 3993 peccatumtaequalis
1047 3915 1159 3997 ubique

84 4012 213 4090 malitia,
223 4027 269 4076 est
282 4013 314 4074 in
329 4014 458 4075 materia
472 4013 621 4096 inaequali.
633 4013 824 4102 Areopagitae
838 4019 914 4082 olim
927 4041 1056 4104 puerum
1069 4023 1162 4096 inter·

82 4118 222 4184 fecerunt
232 4167 242 4194 ,
254 4121 305 4184 cui
315 4119 404 4183 ludus
423 4134 489 4183 erat
505 4122 700 4186 hirundinum
715 4124 819 4189 oculos
835 4127 986 4212 configere
1002 4155 1010 4203 ς
1024 4131 1165 4193 videbant

120 4347 129 4377 ¹
139 4346 206 4399 flac
218 4366 248 4399 aa
260 4359 345 4399 mente
355 4347 507 4402 Stoicorum.
