2896 4958
283 403 325 488 ad
721 411 788 478 DE
822 399 911 478 IRA

281 561 352 606 rem
371 538 470 606 irasci
490 539 596 606 feris?
612 538 718 632 Atqui
734 555 769 608 et
782 541 957 612 venientes
973 523 1114 636 sucipit,
1135 519 1171 611 et
1182 517 1351 636 fugientes

279 657 499 750 persequitur
516 681 523 722 :
541 671 576 724 et
592 656 705 724 omnia
718 656 776 724 illa
790 658 863 726 sine
879 658 930 726 ira
944 657 1024 726 lacit
1038 659 1135 727 ratio.
1150 655 1248 750 Quid
1257 657 1351 726 Cim·
1441 646 1442 684 l

280 768 420 841 brorum
441 777 473 856 ¹,
498 773 801 866 Teutonorumque
820 789 869 842 tot
890 774 996 844 millia
1014 775 1192 871 superfusa
1206 774 1352 867 Alpibus

279 891 328 958 ita
344 889 496 973 sustulit,
518 905 557 958 ut
575 905 675 958 tantae
697 875 804 960 cladis
824 891 978 959 notitiam
999 890 1045 959 ad
1068 917 1146 962 suos
1168 916 1236 961 non
1259 914 1352 960 nun-

280 1007 364 1090 tius,
385 1005 446 1075 sed
460 1003 546 1074 fama
560 1006 762 1101 pertulerit,
782 1007 848 1075 nisi
861 1005 954 1100 quod
967 1025 1041 1078 erat
1053 1008 1121 1078 illis
1137 1010 1188 1077 ira
1199 1031 1264 1102 pro
1278 1008 1352 1077 vir-

280 1122 379 1189 tute?
394 1145 471 1213 que
496 1135 535 1188 ut
561 1119 744 1214 aliqnando
769 1121 916 1215 perculit
943 1125 1128 1216 stravitque
1155 1122 1273 1206 obvia,
1306 1123 1353 1190 ita

279 1238 402 1332 sapius
416 1238 481 1306 sibi
494 1238 598 1305 exitio
610 1253 672 1305 est.
690 1239 870 1307 Germanis
882 1237 967 1330 quid
979 1256 1031 1308 est
1043 1241 1251 1310 animosius?
1267 1236 1353 1332 quid

278 1353 322 1423 ad
347 1356 521 1423 incursum
548 1355 688 1424 acrius?
713 1353 798 1448 quid
820 1379 992 1425 armornm
1017 1356 1195 1452 cupidius,
1225 1356 1353 1450 quibus

279 1473 502 1541 innascuntur
526 1472 858 1566 innutriuntnrqne,
884 1497 1029 1566 quorum
1051 1475 1153 1543 unica
1177 1474 1247 1542 illis
1269 1497 1353 1543 cura

279 1600 351 1668 est,
375 1586 411 1653 in
428 1584 494 1654 alia
510 1584 765 1680 negligentibus
777 1589 811 1655 Ῥ
831 1587 928 1681 Quid
945 1587 1136 1658 induratius
1154 1587 1198 1656 ad
1217 1612 1354 1656 omnem

279 1701 501 1800 patientiam?
522 1717 561 1770 ut
582 1701 707 1795 quibus
733 1727 855 1797 magna
880 1727 921 1772 ex
944 1719 1042 1800 parte
1067 1729 1136 1774 non
1156 1720 1354 1798 tegumenta

280 1839 458 1912 corporum
478 1817 612 1910 provisa
628 1833 708 1886 sunt
720 1809 754 1901 ³,
775 1841 844 1886 uon
860 1813 1027 1916 suffirgiaf
1045 1819 1207 1890 adversus
1224 1845 1354 1914 perpe-

139 1962 143 1970 ’
239 1963 255 2017 3
280 1953 375 2004 tunm
398 1935 471 2004 celi
499 1935 661 2030 rigorem.
689 1939 758 2004 llos
783 1932 920 2006 tamen⁵
944 1939 1086 2032 Hispani
1110 1939 1290 2032 Gallique,
1319 1953 1355 2007 et

280 2052 369 2122 Asiae
381 2052 558 2146 Syriaeque
570 2051 688 2121 molles
701 2050 792 2121 bello
804 2053 891 2138 viri,
911 2070 1092 2148 antequam
1104 2049 1194 2151 legio
1206 2055 1351 2138 visatur,

298 2269 320 2302 ι.
332 2249 409 2322 Quid
414 2247 578 2302 Cimbrorum
582 2259 645 2311 ,etc
653 2246 701 2302 llis
709 2265 789 2300 esem·
839 2247 942 2302 vulnera
950 2249 1159 2325 mereri3pigrum
1170 2249 1318 2321 quinimmo
1329 2261 1354 2302 et

279 2327 328 2402 plis
338 2339 366 2380 nt
383 2327 536 2382 declamator
549 2325 643 2378 utitur:
654 2344 707 2378 oon
720 2325 790 2379 enim
839 2327 905 2381 iners
916 2327 1027 2394 videtur,
1033 2329 1123 2382 sudore
1129 2328 1275 2401 adquirere,
1281 2327 1354 2399 qnod

186 2435 189 2448 ν
278 2409 316 2460 ira
323 2445 329 2474 ,
339 2407 382 2460 sed
391 2407 517 2480 ignoratio
524 2405 665 2480 disciplinas
673 2405 790 2458 militaris
839 2406 917 2480 possis
929 2408 1052 2480 sangnine
1060 2427 1154 2482 parare.
1167 2407 1276 2477 Quoties
1282 2407 1351 2460 bella

280 2487 399 2541 Cimbros
420 2488 599 2554 'l'cntonosquc
620 2487 789 2547 comminuit,
840 2501 893 2538 non
904 2483 1009 2550 incunt,
1020 2483 1284 2552 multnmrenatibus,
1296 2486 1354 2558 plus

279 2567 297 2620 i.
308 2587 329 2620 e.
339 2567 444 2632 delevit,
457 2585 534 2636 quos,
549 2564 650 2618 sedibus
659 2565 711 2617 suis
721 2564 792 2618 esci·
839 2581 884 2634 per
898 2563 979 2614 otium
993 2563 1152 2637 transigunt,
1168 2563 1248 2616 dediti
1262 2582 1354 2616 mmno

278 2659 332 2710 tos,
347 2646 472 2699 incertum
482 2644 527 2698 ubi
539 2656 622 2716 etqua
634 2662 721 2707 causa,
733 2662 793 2695 om-
840 2641 954 2712 ciboquc.
966 2642 1128 2696 Fortissimus
1139 2641 1247 2715 quisque
1266 2661 1296 2695 ac
1304 2641 1355 2694 bel·

279 2723 355 2777 nibus
373 2742 430 2795 qnae
452 2722 580 2776 obstarent
603 2720 791 2796 impedimentis
841 2719 1003 2772 licosissimus
1027 2720 1093 2772 nihil
1115 2740 1216 2792 agens,
1238 2719 1357 2794 delegata

277 2804 412 2878 superatis,
425 2803 538 2855 Galliam
547 2814 571 2854 ct
582 2801 682 2854 ltaliam
693 2799 794 2872 ingres-
842 2799 931 2852 domus
942 2811 966 2851 ct
978 2797 1108 2873 penatium
1120 2814 1146 2852 et
1157 2817 1280 2872 agrorum
1294 2819 1356 2852 cura

278 2902 319 2935 sos
332 2902 346 2934 a
357 2881 386 2935 C.
399 2883 482 2936 Mario
493 2893 518 2933 et
534 2882 567 2951 Q.
581 2879 674 2933 Catulo
684 2878 742 2944 bis,
759 2878 792 2931 stl
841 2876 967 2941 loeminis,
982 2875 1133 2946 senibusque
1143 2889 1167 2929 et
1177 2875 1354 2929 infirmissimo

278 2962 365 3032 Aquas
378 2959 473 3012 Sextias
485 2963 573 3027 (anno
589 2959 622 3011 U.
633 2957 662 3010 (l
673 2955 749 3024 652.)
767 2966 793 3010 et
841 2953 968 3023 cniqnecs
980 2953 1092 3018 tamttis,
1106 2953 1152 3026 ipsi
1164 2952 1266 3006 hebent.
1275 2974 1289 3000 s

278 3038 473 3110 sequentianno
487 3038 519 3090 ad
529 3034 670 3100 Vercellas,
682 3035 710 3087 in
723 3053 794 3087 cam·
858 3028 1135 3100 3.Nonte3umcota....
1143 3039 1213 3082 sunt.
1223 3031 1274 3082 «ln
1282 3031 1355 3083 omni

278 3119 318 3194 pis
331 3116 436 3170 llaudiis
446 3155 453 3181 ,
464 3115 543 3169 victor
553 3125 579 3168 et
595 3116 626 3167 ad
636 3114 793 3167 internecio·
843 3105 920 3159 ‘loma
931 3106 994 3160 nudi
1006 3127 1035 3160 tc
1047 3105 1160 3172 sordidi,
1170 3108 1199 3160 iu
1209 3107 1258 3160 laos
1269 3123 1353 3174 artus,

280 3217 339 3250 nem
348 3216 426 3267 usque
436 3215 514 3249 erasos
524 3215 575 3248 esse
586 3205 685 3247 constat
696 3211 726 3246 es
736 3193 794 3246 l‘lu·
842 3183 870 3238 in
882 3183 937 3238 hee
953 3203 1072 3259 corpora,
1087 3204 1144 3257 qne
1152 3185 1295 3250 miramur,
1308 3205 1355 3239 es-

278 3275 366 3328 tarclro
377 3274 403 3326 in
413 3272 497 3325 Mario
506 3272 585 3335 c.Xl‚
596 3271 658 3342 ibiq.
669 3269 792 3344 Leopold.
843 3275 963 3316 meseum.
974 3263 1073 3316 s'l'acit.
1081 3263 1184 3336 delllor.
1192 3264 1356 3318 Germano.

279 3373 303 3426 p.
312 3351 358 3416 35,
367 3371 421 3422 sqq.
435 3362 463 3402 ut
472 3349 555 3423 plnres
571 3360 645 3402 testes
659 3347 723 3400 inre
733 3357 793 3398 nota
860 3341 884 3406 4.
896 3339 1029 3413 Suffragia.
1040 3341 1103 3395 llasc
1112 3341 1186 3394 lectio
1197 3343 1355 3416 preferenda

280 3429 404 3482 omittam.
841 3433 879 3473 est
894 3418 962 3472 hand
979 3418 1055 3490 dubie
1073 3425 1106 3491 τῷ
1122 3420 1272 3493 suffragia,
1285 3420 1356 3493 qnod

297 3525 320 3558 s.
336 3505 456 3576 Quorum
469 3508 581 3558 saniem...
592 3503 790 3574 negligentibus.
841 3511 925 3550 tamen
943 3497 1041 3572 Lipsius
1053 3498 1160 3550 omuino
1177 3498 1286 3571 probum
1303 3517 1356 3551 csse

279 3584 470 3653 Tacitdelllor.
477 3583 564 3637 Germ.
571 3601 623 3654 cap.
633 3585 692 3650 sict
701 3583 755 3634 15:01
763 3579 792 3632 Si
842 3587 912 3650 putat
922 3593 929 3627 ε
940 3575 1048 3629 commu
1060 3576 1129 3628 cuim
1141 3575 1169 3628 in
1183 3575 1271 3648 legum
1283 3575 1356 3628 libris

280 3663 368 3717 civitss
376 3705 383 3731 ,
390 3665 419 3717 in
425 3682 475 3735 qna
481 3663 529 3715 orti
534 3673 593 3715 sant
600 3699 608 3726 ,
616 3660 693 3732 longa
699 3677 759 3732 pace
769 3671 794 3710 et
843 3655 874 3708 de
885 3654 978 3709 auxilio
986 3691 993 3720 ,
1001 3655 1107 3728 exempli
1116 3673 1189 3708 eausa
1199 3691 1207 3720 ,
1216 3655 1298 3708 astatis
1308 3655 1357 3707 ml·

280 3743 334 3796 otio
344 3756 452 3818 torpeat,
465 3742 579 3817 plerique
591 3739 719 3792 nobilium
734 3736 794 3789 ado-
843 3733 934 3806 (ragio.
1272 3807 1279 3821 .

280 3819 428 3873 lesccntinm
437 3832 525 3895 petnnt
532 3819 600 3872 ultro
613 3837 654 3870 cas
665 3816 793 3881 nationes,
862 3813 885 3864 5.
901 3811 963 3864 Hos
973 3821 1068 3864 tanuen.
1082 3808 1159 3879 Syri,
1170 3807 1298 3882 Hispana,
1312 3821 1357 3861 etc.

281 3919 337 3970 quae
361 3912 416 3953 tum
446 3899 542 3953 bellum
563 3896 667 3970 aliquod
686 3907 793 3968 gernon
844 3888 1229 3966 subprincipibus‚interausilia
1238 3889 1359 3960 quello·

281 3977 342 4047 qnia
352 3989 376 4028 et
382 3977 480 4049 ingrata
489 3977 559 4050 genti
566 3975 682 4047 quies,et
693 3971 792 4026 lucilius
844 3969 916 4022 mani
932 3987 962 4020 es
973 3968 1091 4021 omnibus
1104 3965 1244 4040 provinciis
1258 3965 1358 4040 collige·

280 4051 792 4126 interancipitiaclarescant...Necarare
844 4047 922 4113 bant,
944 4059 1070 4100 meantes
1093 4043 1219 4119 stipendia
1247 4043 1355 4115 ideoque

280 4145 383 4198 terram,
392 4145 580 4206 sntcmpcctare
588 4131 795 4194 annum,tamfa·
845 4124 1354 4200 autelegionespugnaml'crcortlicntss.

281 4209 798 4286 cilepersuaserinquamvoearehostes,ct
844 4225 911 4282 sepe
928 4205 1071 4261 Germanos
1083 4203 1206 4257 vicerunt
