2896 4954
245 497 251 524 ⁷
288 529 446 596 asnaa
471 530 557 609 111,
585 529 696 595 car.
722 527 934 596 xxxvtt.
1082 525 1163 616 169'

86 650 220 738 judicem
239 681 312 726 esse
325 656 544 726 veniendum.
568 656 664 749 Quid
683 683 766 754 ergo
784 655 962 751 pulchrius
980 656 1045 724 hac
1063 679 1144 725 con·

89 771 253 842 suetudine
279 772 474 842 excutiendi
504 790 609 843 totum
637 773 756 843 dem?
783 773 894 867 qualis
919 772 977 841 ille
1006 775 1143 841 somnus

89 900 154 973 post
163 890 428 982 recognitionem
441 890 493 958 sui
504 891 687 982 sequitur?
705 913 807 982 quam
822 887 1039 980 tranquillus,
1055 888 1143 957 altus

87 999 231 1086 scliber,
248 1029 358 1097 quum
364 1021 423 1075 aut
436 1004 592 1075 laudatus
607 1021 659 1075 est
674 1007 828 1089 animus,
846 1008 918 1074 ιιιιῑΙ
933 1006 1139 1091 admonitus,

87 1133 116 1185 et
130 1123 317 1215 speculator
335 1125 388 1194 sui
406 1147 596 1216 censorque
614 1140 766 1193 secretus
784 1123 958 1218 cognoscit
978 1121 1023 1192 de
1040 1123 1144 1194 mori·

87 1232 141 1303 bus
153 1239 248 1308 suis?
264 1243 349 1310 Utor
366 1242 436 1310 lsac'
444 1254 631 1334 potestate,
653 1255 689 1309 et
707 1238 861 1334 quotidie
878 1238 972 1333 apud
989 1263 1043 1310 me
1062 1265 1144 1310 cau·
1170 1253 1185 1304 ³

85 1371 146 1416 tam
168 1351 244 1422 dico
267 1379 275 1421 ε
297 1364 402 1447 quum
424 1353 595 1424 sublatum
618 1379 639 1422 o
661 1370 846 1448 conspectu
863 1353 979 1422 lumen
999 1359 1087 1436 est²‚
1108 1369 1143 1422 et

85 1469 234 1540 conticuit
251 1495 337 1540 uxor
354 1473 458 1552 moris
465 1473 538 1565 jam
556 1473 624 1540 mei
640 1473 776 1540 conscia
787 1466 813 1554 ³,
838 1485 943 1540 totum
962 1469 1052 1538 diem
1073 1495 1143 1539 mo-

83 1576 175 1648 ιιιιιιι4
193 1599 350 1669 scrutor,
379 1585 466 1672 facta
488 1586 639 1658 aedicto
656 1611 731 1656 mea
751 1588 925 1655 remetior.
946 1585 1041 1653 Nihil
1059 1583 1143 1654 mihi
1189 1665 1191 1676 Ι

82 1695 147 1788 ipse
163 1700 353 1786 abscondo,
372 1701 460 1770 nihil
479 1717 626 1772 munseo.
645 1703 764 1796 Quare
782 1703 873 1770 euim
892 1701 1080 1794 quidquam
1102 1727 1142 1770 ex

83 1814 247 1884 erroribus
265 1817 350 1884 meis
370 1817 529 1900 timeam,
556 1841 661 1909 quum
679 1818 806 1911 possim
829 1815 946 1884 dicere
963 1842 971 1882 ε
988 1815 1076 1884 Vide
1100 1839 1144 1885 ne

83 1924 164 1995 istud
178 1931 325 2025 amplius
339 1932 462 2016 lacios,
486 1953 578 2002 nunc
593 1932 654 2001 tibi
670 1923 843 2026 ignosco⁵.
859 1933 900 2000 In
913 1932 973 2001 illa
989 1931 1143 2026 disputa·

84 2043 165 2114 tione
187 2048 528 2143 pugnaciuslocutus
551 2075 588 2119 es
606 2051 700 2119 :noli
726 2066 844 2144 postea
874 2048 1038 2145 congredi
1067 2068 1143 2119 cum

84 2159 269 2253 imperitis3
299 2163 421 2232 nolunt
449 2162 604 2248 discere,
640 2166 700 2258 qui
726 2189 902 2258 nunquam
934 2163 1140 2234 didicerunt.

82 2273 172 2347 Illum
195 2279 339 2348 liberius
360 2279 586 2364 admonuisti,
610 2306 711 2374 quam
735 2280 884 2352 debebas
905 2311 914 2370 3
936 2284 1051 2375 itaque
1075 2306 1144 2350 non

81 2395 282 2482 emendasti,
303 2396 370 2472 sed,
378 2396 549 2466 offendisti
568 2424 575 2464 :
593 2398 635 2466 de
650 2413 773 2467 caetero
786 2397 887 2482 vide,
904 2423 973 2468 non
992 2396 1142 2482 tantum,

81 2533 255 2580 noverum
278 2511 323 2579 sit
346 2508 439 2602 quod
463 2509 568 2592 dicis,
591 2510 651 2580 sed
675 2511 797 2580 anille
823 2514 878 2580 cui
903 2511 1050 2595 dicitur,
1072 2515 1144 2582 veri

80 2626 202 2715 patiens
220 2629 277 2695 sit.
634 2707 637 2716 y
780 2706 783 2716 ὁ
830 2711 832 2716 Ι

122 2744 306 2812 XXXVII.
328 2741 514 2814 Admoneri
528 2744 637 2814 bonus
652 2746 778 2840 gaudet
795 2771 803 2812 τ
820 2745 985 2837 pessimus
999 2745 1144 2838 quisque
1173 2779 1182 2810 ι

79 2877 299 2936 correctorem
318 2863 505 2954 asperrime
524 2865 664 2956 patitur.
686 2865 726 2934 ln
748 2863 901 2932 convivio
921 2861 1145 2954 quorumdam

80 2989 108 3040 te
131 2977 219 3046 sales
236 2979 323 3046 etin
342 2977 494 3047 dolorem
515 2995 609 3049 tuum
627 2982 720 3074 jacta
738 2979 843 3049 verba
862 2981 1074 3074 tetigerunt?
1094 2980 1147 3049 ri-

78 3118 144 3182 slo,
165 3122 225 3190 Πρὶν
247 3121 293 3170 seis
314 3118 426 3186 ἡμεροῦν
447 3117 517 3188 r'pyss
536 3120 584 3188 τρὶς
633 3119 653 3172 l.
664 3139 688 3190 q.
697 3118 810 3172 sntesde
823 3117 908 3173 Sextio
917 3119 1023 3186 dixerat,
1035 3113 1103 3178 nunc
1114 3117 1145 3172 de

77 3195 167 3252 lueres
197 3199 316 3252 ἐπελθεῖν·
335 3201 385 3252 ‘uu
411 3197 532 3266 caplim
553 3199 584 3250 Τί
632 3219 659 3252 se
679 3197 907 3271 dicittinterrogat
927 3199 1043 3256 annuum
1063 3219 1146 3262 suum.

77 3271 176 3343 δ’ἴριξις
188 3279 221 3330 'l'l
230 3299 269 3344 pes
283 3277 337 3328 dr'os
350 3277 392 3328 ets
403 3278 526 3338 ἐτελέσθης
538 3289 583 3330 etc.
634 3277 723 3330 Meum
735 3287 820 3330 tantan
829 3296 951 3350 reponere
963 3278 1018 3330 vult
1032 3278 1146 3331 Gronov.

104 3355 584 3424 =.laudasusaumdmonitus.Quum
637 3379 665 3410 er
683 3356 781 3428 aliquot
792 3355 867 3410 codd.
880 3369 908 3412 ut
920 3357 1042 3410 sincerius
1055 3357 1147 3429 pariter

75 3429 120 3484 sili
131 3432 184 3505 ipse
197 3475 206 3502 ,
220 3446 279 3507 post
290 3433 330 3488 sui
344 3433 584 3505 contemplationem
635 3446 659 3486 et
669 3433 817 3507 elegantius.
825 3437 886 3487 Non
899 3435 1021 3488 assentior
1032 3435 1086 3489 viro
1099 3435 1145 3488 do-

75 3525 232 3576 uranum,
250 3526 294 3570 aut
305 3511 457 3584 laudesjute
471 3531 518 3567 suo
535 3511 586 3564 tri-
634 3512 767 3577 ctissime,
789 3533 876 3566 meum
900 3515 975 3576 diem,
990 3511 1144 3584 explicanti:

76 3583 137 3652 luit,
150 3603 194 3643 aut
204 3590 299 3646 delicte
311 3589 445 3663 culpasque
457 3589 552 3663 objicit.
634 3591 720 3648 omnis
735 3611 791 3644 mea
808 3605 863 3645 acts
881 3591 933 3644 diei
945 3613 953 3655 ς
967 3589 1078 3642 sednon
1094 3587 1146 3641 sd-

105 3691 127 3722 s.
147 3669 293 3726 Sublalum
313 3679 479 3738 emmpeclu
498 3671 585 3725 luascu
634 3669 724 3733 vertit,
737 3671 830 3724 inferre
841 3689 869 3722 se
880 3669 1053 3743 tautologiam.

75 3757 116 3801 stt.
125 3747 253 3802 Ultimum
263 3748 352 3802 horam
366 3746 450 3810 innuit
458 3765 508 3816 qus
519 3745 585 3821 vigi·
668 3751 690 3800 5.
705 3749 775 3800 Vide
788 3767 885 3801 nemu...
900 3751 1009 3816 s'ppuotco.
1021 3745 1077 3799 Hoc
1089 3759 1126 3800 est
1139 3763 1145 3800 ε

74 3821 212 3884 brebem
220 3838 310 3899 potest.
634 3826 689 3878 Hac
703 3824 865 3888 ,conditioni
883 3846 931 3898 eqo
953 3824 1000 3878 tibi
1024 3823 1145 3880 delictum

104 3901 126 3954 3.
141 3905 312 3960 conmutat.
328 3909 437 3958 cometa.
451 3902 540 3976 Fingit
556 3902 583 3956 in
633 3903 772 3968 condono,
785 3916 814 3956 ut
829 3904 856 3957 id
872 3917 964 3958 statuas
980 3903 1073 3968 dehinc
1085 3905 1145 3958 evi-

74 3979 582 4056 toroconjngslisspieptemaequiescsrs,
633 3983 761 4046 tandum,
785 4003 923 4056 caveasque
942 3995 1088 4058 petpetuum
1111 4003 1144 4036 us

71 4071 93 4116 tt
107 4061 249 4134 oonprgsm
261 4081 319 4118 eum
331 4060 386 4113 viro
399 4059 431 4116 dc
443 4059 528 4114 multis
539 4057 583 4112 lo-
634 4059 702 4122 idem
714 4081 828 4132 unquam
838 4061 965 4116 admittes.
983 4063 1050 4114 Vade
1059 4071 1143 4114 autem

71 4138 119 4204 qui.
139 4140 241 4196 Tamen
259 4139 362 4196 ,desinit
380 4137 463 4202 mariti
486 4157 583 4206 morem
633 4152 748 4194 estcove.
933 4188 936 4196 ,
978 4181 981 4191 ,
1057 4189 1059 4197 Α

70 4215 173 4283 edocta,
188 4233 215 4278 et
228 4233 299 4274 tacet.
666 4218 801 4274 XXXVll.
823 4221 892 4272 Aac.
910 4220 1036 4272 Pressuras
1057 4218 1142 4294 animo

95 4297 116 4360 4.
128 4297 300 4352 Totumds'cm
306 4299 581 4374 nroeum.l}onelectio.
634 4295 711 4350 mults
725 4315 775 4348 esse
789 4296 913 4372 patienda.
