2894 4954
319 425 385 492 338
467 421 535 490 DE
559 422 1044 516 TRANQUILLITATE
1067 423 1229 492 ANIMI

319 551 518 618 latrunculis
534 556 560 634 ¹,
586 575 692 642 quum
711 555 886 634 centurio,
914 576 1035 644 agmen
1060 554 1294 646 periturorum
1317 567 1387 620 tra·

318 669 427 752 hene,
448 666 543 734 illum
564 691 699 758 quoque
718 669 858 738 excitari
872 668 1005 760 jubet².
1028 672 1173 738 Vocatus
1191 671 1387 738 numer-urit

319 782 482 865 calculos,
499 798 535 850 et
546 781 651 850 sodali
666 807 727 852 suo
744 812 753 867 3
772 811 789 846 s
805 783 913 866 Vide,
934 785 1066 878 inquit,
1084 809 1128 852 ne
1145 801 1220 878 post
1239 801 1386 852 mortem

279 912 294 962 5
323 923 339 960 s
362 919 470 964 meam
483 898 657 964 mentiaris
670 898 844 966 tevicisse.
861 923 878 962 s
895 899 985 968 Tum
1000 923 1152 966 annuens
1167 898 1384 976 contrariom,

323 1038 338 1074 tt
362 1012 496 1096 Testis,
520 1013 654 1104 inquit,
685 1014 777 1094 eris,
806 1035 874 1080 uno
900 1037 953 1081 me
976 1005 1224 1082 antecedere.»
1244 1015 1386 1080 Lusisse

321 1141 357 1194 tu
373 1128 502 1195 fanum
521 1127 580 1194 illa
598 1126 713 1196 tabula
731 1128 858 1220 putas?
875 1128 992 1196 illusit.
1016 1130 1149 1199 Tristes
1166 1145 1265 1198 eraut
1285 1129 1386 1196 amici

321 1240 421 1309 talem
434 1242 589 1310 amissuri
605 1243 729 1312 virum.
749 1271 764 1306 r<
782 1240 877 1334 Quid
891 1246 1021 1327 moesti,
1039 1245 1150 1336 inquit
1164 1295 1174 1326 ‚
1190 1244 1272 1311 estis
1288 1245 1307 1311 Ρ
1325 1246 1388 1310 Vos

326 1387 342 1422 s
366 1360 517 1451 quaeritis
532 1409 542 1442 ‚
558 1383 602 1428 un
618 1359 820 1428 immortales
831 1360 951 1428 animae
966 1361 1034 1428 sint
1050 1386 1058 1426 ε
1075 1383 1138 1454 ego
1146 1360 1217 1452 jam
1231 1360 1385 1426 sciam.»

320 1475 392 1540 Nec
410 1469 511 1538 desiit
534 1473 570 1538 in
595 1473 669 1564 ipso
688 1473 864 1540 veritatem
882 1473 951 1542 fine
971 1475 1139 1554 scrutari,
1165 1489 1257 1540 etex
1276 1487 1387 1540 morte

322 1611 381 1656 sua
407 1588 625 1678 questionem
651 1587 791 1656 habere.
818 1589 1090 1680 Prosequebetur
1117 1589 1213 1656 illum
1232 1587 1387 1680 philoso-

322 1704 412 1796 phus
430 1693 535 1771 suus³
555 1729 562 1768 :
584 1727 648 1770 nec
660 1704 733 1795 jam
752 1704 869 1797 procul
888 1720 961 1772 erat
980 1703 1147 1786 tumulus,
1170 1705 1206 1772 in
1225 1727 1298 1795 quo
1315 1706 1387 1772 Cae-

324 1815 499 1890 eari⁴1>e0
516 1835 631 1890 nostro
649 1821 753 1888 fiebat
767 1819 1000 1912 quotidianum
1018 1845 1161 1890 sacntm.
1179 1849 1193 1883 u
1208 1819 1309 1912 Quid
1322 1871 1332 1901 ‚
1345 1821 1389 1885 in

328 1963 343 1998 s
365 1935 459 2027 quit,
474 1937 588 2018 Cane,
603 1959 695 2003 nunc
708 1936 834 2028 cogitas
848 1937 861 2002 i
873 1951 931 2004 aut
941 1960 1016 2028 quae
1036 1936 1098 2004 tibi
1111 1960 1206 2003 mens
1219 1937 1296 2003 est?
1314 1961 1333 1997 s
1349 1971 1384 1984 -

328 2051 575 2134 «Observare,
605 2052 718 2143 inquit
746 2053 878 2134 Canus,
908 2054 1068 2145 proposui
1095 2053 1152 2120 illo
1179 2050 1388 2121 velocissimo

329 2193 345 2228 s
369 2181 561 2252 momento,
587 2189 631 2233 an
657 2189 818 2236 sensurus
848 2169 893 2234 sit
915 2169 1047 2258 animus
1075 2168 1277 2236 enimse.»
1306 2169 1389 2233 Pro-

326 2281 503 2372 misitque‚
520 2279 648 2373 siquid
665 2280 892 2373 explorasset,
913 2284 1169 2352 circumiturum
1195 2281 1341 2362 amicos,
1358 2295 1390 2346 ct

284 2412 300 2459 6
326 2397 554 2466 indicaturum
569 2399 646 2490 quis
662 2413 749 2466 esset
763 2398 950 2466 animarum
968 2391 1108 2468 status⁵.
1125 2401 1211 2465 Ecce
1224 2399 1261 2464 in
1278 2394 1390 2463 media

328 2529 524 2608 tempestate
544 2509 791 2605 tranquillitas!
809 2537 888 2582 ecoe
901 2515 1033 2584 animus
1047 2513 1235 2582 eternitate
1248 2511 1387 2606 dignus,

363 2735 383 2766 t.
398 2715 573 2767 Lotmncult'e.
587 2712 723 2780 Quodnam
739 2711 782 2764 hic
796 2711 835 2764 di·
916 2713 940 2764 3.
950 2711 1123 2781 Philosophus
1132 2731 1204 2764 suus.
1214 2709 1316 2763 Delios:
1322 2729 1391 2761 mure

305 2805 398 2860 ¹catttr
421 2809 501 2864 genus
524 2790 599 2857 ludi,
622 2789 769 2862 ambiguum
791 2801 835 2842 est.
882 2809 987 2844 romano
1014 2788 1129 2860 quedam
1160 2787 1341 2842 adnotabimus
1363 2787 1389 2837 in

327 2867 741 2942 Honcquidamvoluntquihodie
751 2867 835 2920 soher·
886 2865 988 2920 Consul.
1000 2867 1031 2918 ed
1040 2867 1117 2920 llere.
1126 2885 1180 2938 cap.
1190 2866 1221 2932 4,
1236 2887 1257 2918 ι.
1270 2864 1393 2918 contum

329 2948 403 3014 chia,
418 2951 463 3001 des
480 2949 579 3006 cilices.
595 2959 707 3000 vocetur.
726 2947 757 2997 ln
773 2945 835 2998 ludo
884 2957 952 3018 potes
964 2958 988 2996 et
998 2945 1143 2996 Ernestium
1159 2944 1204 3014 qui
1216 2943 1296 2995 lineas
1310 2943 1394 3014 ‹lispu-

329 3039 412 3078 tunen
428 3024 574 3078 schacehiro
585 3037 669 3078 nostro
683 3043 736 3076 nott
746 3037 796 3076 tara
808 3022 835 3076 id
883 3021 984 3076 tationis
995 3024 1026 3074 de
1037 3021 1085 3076 hac
1091 3042 1120 3076 re
1132 3021 1209 3074 ducit.
1218 3021 1280 3076 Exc.
1286 3022 1352 3084 XV,
1363 3019 1392 3072 etl

329 3102 463 3173 queritur,
477 3114 538 3172 quot
553 3101 660 3168 latrones
673 3101 802 3172 (efficiere
812 3111 838 3152 et
886 3100 991 3152 Sueton·
1000 3097 1083 3152 Tito.
1094 3117 1147 3169 usp·
1153 3096 1209 3163 46..
1258 3135 1261 3142 ·

326 3180 420 3248 piens)
436 3175 480 3230 tibi
498 3189 606 3245 restent,
624 3177 668 3230 sed
685 3177 788 3249 quinam
805 3177 838 3230 sit
917 3179 940 3243 4
965 3176 1072 3228 Coesurr'.
1096 3174 1228 3247 Caligulae.
1249 3173 1304 3226 Dio
1326 3173 1396 3226 Cass.

329 3256 384 3309 ludi
395 3269 486 3316 status,
505 3269 550 3308 etr.
563 3255 641 3328 igitur
653 3254 684 3308 de
696 3273 838 3308 numerari·
885 3252 929 3306 lib.
938 3253 1009 3314 th,
1021 3272 1092 3324 capp.
1104 3252 1137 3304 as
1147 3263 1173 3304 et
1184 3252 1224 3306 28.

330 3334 369 3386 dis
392 3333 493 3387 calculis
512 3353 594 3386 sermo
615 3352 666 3385 esse
686 3331 721 3384 ibi
742 3331 837 3402 nequit.
918 3331 942 3384 5·
955 3327 1141 3398 promisitque,
1151 3331 1178 3382 εἰ
1185 3330 1252 3397 quid
1257 3331 1394 3396 captores

332 3409 461 3464 Convenit
471 3409 576 3480 proinde
585 3409 675 3462 melius
686 3409 714 3462 in
724 3421 838 3462 nostrum
885 3421 955 3462 ret...
968 3419 1061 3462 stauai.
1072 3409 1106 3461 Et
1116 3408 1221 3479 quidem
1234 3427 1330 3462 vanum
1344 3427 1392 3460 nou

325 3490 371 3556 leu
383 3488 415 3538 de
427 3489 532 3552 danus,
547 3485 574 3540 in
586 3505 636 3556 quo
647 3485 746 3538 numeri
758 3483 839 3556 major
886 3487 1074 3554 omninoluisse
1084 3487 1131 3540 hoe
1140 3485 1304 3560 promissum.
1314 3497 1396 3538 narret

331 3566 418 3619 saltem
431 3565 494 3618 ratio
505 3564 593 3618 haberi
602 3566 673 3617 solet.
684 3565 722 3617 Cl.
733 3565 838 3618 Gesner.
887 3564 1014 3617 Plutarch.
1033 3586 1071 3637 sp.
1091 3563 1257 3638 syncellum,
1276 3581 1336 3636 pag.
1348 3561 1393 3612 &lo

331 3635 364 3697 ad
377 3643 517 3697 Chrestom.
528 3643 589 3697 vid.
602 3655 626 3696 et
639 3642 705 3696 Pliu.
720 3642 764 3696 lib.
777 3642 839 3707 XV,
888 3641 955 3713 (qui
972 3655 1056 3698 tamen
1073 3641 1144 3695 locus
1160 3641 1227 3714 fugit
1244 3642 1274 3693 Ρ.
1290 3639 1392 3710 Boyle,

332 3741 385 3796 cap.
399 3721 429 3774 23
441 3759 449 3786 ‚
465 3739 523 3796 pag.
540 3721 603 3787 153,
617 3741 655 3792 sq.
667 3721 780 3792 inprimis
793 3721 841 3774 Er-
888 3719 1019 3774 Dictt’orm.
1030 3721 1119 3776 lister.
1130 3723 1221 3774 eterit
1233 3717 1278 3770 lib.
1290 3714 1319 3773 Ῑ.
1338 3734 1394 3786 peg-

332 3797 396 3853 nesti
408 3799 478 3854 Clav.
489 3799 570 3854 Cicer.
581 3799 675 3854 advoc
685 3799 841 3872 Scriptorum
888 3797 937 3850 503
946 3835 953 3860 .
963 3800 1014 3862 e.);
1026 3797 1152 3852 Antiocho
1159 3797 1228 3852 enirn
1239 3793 1393 3848 Seleueieusi

332 3877 422 3940 ludus,
433 3878 585 3951 ubisauiora
594 3877 733 3931 traduntur.
890 3875 1012 3940 (sortasse
1030 3895 1075 3928 suo
1086 3873 1239 3948 philosopho
1251 3876 1261 3936 )
1274 3873 1310 3926 de
1322 3881 1393 3922 nocte

366 3976 390 4008 2.
412 3953 498 4009 Illum
514 3975 614 4026 quoque
628 3956 744 4008 excitari
762 3952 845 4006 Gron.
888 3970 933 4023 per
943 3953 1070 4004 somnium
1078 3951 1220 4023 apparuisse
1234 3949 1344 4012 Cannu
1355 3946 1393 3995 ti-

335 4057 348 4087 e
368 4034 441 4088 codd.
460 4046 485 4088 et
500 4032 557 4085 edd.
569 4031 655 4105 priscis
667 4030 744 4084 dedit.
761 4031 843 4082 Antea
888 4047 936 4098 que
949 4028 1087 4099 exposuisse
1107 4031 1136 4082 sir
1153 4031 1208 4096 eripi
1228 4029 1339 4095 ὃιψνῖς
1353 4033 1390 4079 τῖς

334 4121 360 4164 et
371 4114 449 4164 illum
459 4114 543 4164 citari.
555 4111 649 4162 Parum
661 4121 745 4160 tamen
756 4109 840 4175 refert,
888 4107 969 4176 ψυχῆς
985 4107 1020 4158 sel
1033 4105 1192 4175 zulepser'peu
1203 4105 1279 4170 poll<
1288 4101 1343 4170 peta
1352 4099 1390 4152 riv

336 4199 418 4240 utrum
431 4189 553 4260 praeleras.
888 4181 976 4242 liedes.
