2930 4956
308 465 352 555 n,
486 469 519 538 s.
543 467 704 540 mrsu
728 467 1188 541 uanouucrroms

307 611 532 675 deteudebatur.
548 609 650 676 Ornisi
662 613 781 690 dicere,
794 615 833 675 de
845 612 931 675 initio
942 613 1006 696 ejus
1016 613 1080 676 sive
1094 613 1175 675 aditu
1191 615 1229 676 ad
1237 609 1374 675 Philoso-

307 717 413 800 phiam
426 743 433 778 :
445 720 497 802 qui
508 719 549 782 ab
558 720 668 804 initu-ia
678 717 838 798 Fortem,
851 733 903 782 aut
912 721 1012 782 verius
1021 719 1168 782 beneficio
1178 720 1240 781 fuit
1252 717 1375 782 Merca-

309 839 359 887 tor
374 827 457 890 euim
465 874 473 905 ,
482 823 518 890 ”et
531 829 615 891 dives
631 829 691 914 (ad
701 827 788 891 mille
800 828 914 892 talenta
927 829 1096 912 possedisse
1107 829 1234 906 dicitur)
1243 826 1376 890 Athenas

310 933 409 1010 venit,
421 955 589 1019 purpuram
602 957 620 999 e
633 934 719 1022 Tyro
733 935 874 998 venalem
887 935 968 999 vexit
980 958 989 994 ι
1001 935 1193 1019 naufragium
1203 935 1291 1012 lecit,
1304 947 1334 996 et
1346 932 1376 994 in

310 1039 739 1127 portmnPhilosophiaevenit.
745 1041 1058 1127 NamquumAthenis
1066 1053 1376 1108 moestusrersaretur.

311 1147 414 1230 legere
425 1148 533 1232 coepit,
549 1169 679 1233 rogare,
696 1149 813 1213 discere
826 1175 836 1225 ς
853 1149 982 1232 denique
995 1145 1112 1213 Crateti
1127 1147 1279 1211 adhaerere
1295 1171 1303 1206 z
1322 1167 1378 1209 au-

311 1273 368 1314 nos
384 1255 448 1335 jam
466 1267 554 1317 natus
568 1255 689 1318 circiter
704 1254 835 1340 triginta.
850 1253 937 1318 Vixit
951 1269 1053 1318 autem
1066 1252 1227 1338 nonaginta
1241 1267 1332 1328 octo,
1349 1266 1379 1313 ut

251 1365 255 1374 “
311 1361 449 1443 plerique
465 1365 586 1425 tradunt
610 1385 618 1423 ε
642 1375 675 1424 ut
686 1360 821 1426 Permus
833 1364 902 1446 ejus
917 1361 1099 1446 discipulus,
1115 1363 1255 1424 duntaxat
1265 1373 1380 1444 septua-

312 1468 395 1551 ginta
407 1470 507 1531 duos¹.
519 1467 661 1553 Sepultus
670 1469 803 1554 publice,
816 1491 853 1532 ex
866 1471 988 1532 decreto
998 1466 1235 1541 Atheniensium,
1246 1467 1278 1528 in
1289 1463 1381 1530 Cera-

314 1575 395 1638 mico
410 1597 417 1635 :
429 1574 563 1660 Diogeni
573 1577 732 1655 traditum,
743 1576 774 1638 in
785 1595 846 1658 quo
857 1589 888 1638 et
896 1575 990 1638 verba
1001 1573 1136 1638 Decreti
1149 1569 1313 1635 Pausanias
1323 1592 1381 1632 non

314 1693 445 1762 pugnat,
457 1681 509 1763 qui
519 1695 750 1745 monmnentnm
760 1681 910 1760 Zenonis,
924 1695 954 1744 et
963 1677 1126 1768 Chrysippi
1139 1675 1289 1756 Solensis,
1301 1691 1383 1740 extra

316 1786 424 1848 urbem
437 1787 539 1870 pouit,
553 1809 651 1873 prope
664 1788 863 1852 Academiam
879 1811 887 1847 ι
904 1788 975 1871 quia
988 1787 1098 1871 duplex
1113 1784 1227 1848 scilicet
1242 1781 1384 1848 Cerami-

316 1916 385 1971 cus,
400 1895 475 1958 etin
490 1897 566 1960 urbe
581 1898 647 1970 via,
661 1909 692 1958 et
707 1909 791 1958 extra
805 1895 917 1958 urbem
930 1915 1019 1978 ager,
1034 1893 1088 1955 ubi
1098 1890 1221 1975 sepeliri
1237 1888 1337 1953 solent
1349 1892 1384 1951 de

317 2023 381 2085 rep.
394 2001 476 2064 hello
489 2002 538 2066 vel
550 2003 640 2065 aliter
652 2003 731 2066 hene
743 2002 853 2065 meriti.
863 1998 967 2064 Pluria
978 1999 1097 2082 scripsit
1109 2023 1117 2059 c
1131 1999 1183 2060 sed
1192 1997 1273 2080 quod
1284 2016 1385 2059 excer-

315 2127 387 2189 pam
400 2110 439 2169 ad
450 2107 605 2192 ingenium
617 2108 819 2192 judiciumque
835 2108 896 2171 riri
912 2105 1145 2180 notificandum,
1163 2100 1383 2188 Pythagorica,

319 2229 349 2275 ut
364 2213 571 2296 Quaestionum
586 2212 823 2278 Homericarmn
843 2213 939 2277 libros
959 2213 1099 2296 quinque.
1119 2209 1215 2272 Vides
1233 2209 1265 2271 iu
1280 2209 1385 2291 quibus

319 2321 493 2385 auctoribus
506 2321 622 2384 deditus
630 2321 743 2385 suerit?
756 2335 885 2403 unoque
895 2319 993 2406 capite
1004 2317 1163 2402 Sapientiae
1173 2363 1182 2394 ,
1197 2329 1227 2379 et
1235 2317 1318 2398 quod
1325 2315 1385 2398 ejus

323 2427 438 2491 alumni
451 2449 572 2493 mectxm
581 2427 738 2492 mirentur.

636 2625 973 2693 nrsssnrsrio
1003 2575 1065 2690 xi.

326 2787 471 2868 Discipuli
478 2787 555 2868 ejus,
569 2798 599 2848 et
604 2787 743 2868 praecipui
754 2785 855 2845 deiude
867 2784 992 2845 dotium
1005 2806 1014 2842 ε
1026 2784 1162 2866 descripti
1171 2784 1221 2844 vel
1232 2781 1345 2842 haeduli
1354 2780 1388 2838 ub

757 2893 863 2974 aliquot
874 2891 957 2951 noh's.

365 3071 407 3132 At
416 3069 694 3135 saniciensium
703 3071 837 3156 excepit,
847 3072 899 3153 qui
909 3077 1050 3156 Φρεάντλης
1059 3073 1127 3156 joco
1138 3072 1243 3147 dictus,
1256 3092 1275 3131 a
1287 3069 1389 3132 labore

326 3197 417 3258 quem
426 3175 564 3238 noctibus
572 3175 727 3255 sumebat,
740 3189 847 3260 puteos
860 3176 1053 3240 exhauriendi
1064 3202 1072 3250 ;
1089 3191 1122 3240 ut
1131 3177 1211 3240 diem
1221 3176 1348 3252 studiis,
1363 3187 1392 3236 et

326 3281 472 3344 alimenta
484 3281 542 3344 sibi
552 3283 646 3344 daret.
659 3279 773 3352 Praeter
782 3281 972 3366 Diogenem,
986 3284 1081 3348 etiam'
1088 3281 1206 3347 Seneca
1222 3305 1233 3343 τ
1247 3309 1264 3336 s
1278 3278 1391 3347 Clean-

324 3389 392 3451 thes
403 3409 513 3470 aquam
519 3385 628 3460 traxit,
641 3403 671 3452 ct
679 3387 806 3472 rigando
814 3389 935 3453 hortulo
943 3389 1055 3454 locarit
1063 3409 1181 3452 manus.
1192 3416 1207 3444 »
1219 3385 1299 3472 (Ep.
1309 3403 1393 3449 xm.

325 3495 378 3558 lib.
389 3494 497 3573 Xlll.)
512 3493 614 3557 Patria
624 3493 719 3558 Asana
732 3495 807 3570 suit,
824 3495 897 3560 urbs
907 3495 1043 3559 AEoliats
1058 3519 1067 3557 a
1081 3497 1162 3578 quod
1178 3507 1209 3557 et
1223 3491 1337 3557 Strabo
1352 3493 1392 3555 sic

325 3617 458 3665 testatur.
475 3599 614 3664 «Natura
631 3615 662 3664 et
675 3615 740 3664 arte
758 3603 874 3666 munita
890 3617 936 3666 est
947 3601 1059 3680 limus,
1079 3602 1189 3664 amari
1202 3613 1394 3683 etportuar-

326 3711 418 3771 duum
429 3722 459 3771 ct
470 3707 625 3772 dificilem
638 3725 796 3772 ascensum
810 3709 935 3773 habeus.
948 3707 1112 3774 Cleanthes
1127 3706 1246 3771 Stoicus
1255 3705 1394 3791 philoso-

326 3815 403 3897 phus
414 3859 423 3892 ,
435 3815 486 3896 qui
499 3815 615 3878 Zenoni
629 3813 742 3880 Cittieo
759 3817 901 3881 successit
913 3816 945 3878 iu
959 3815 1083 3895 schola,
1099 3827 1130 3878 et
1140 3833 1208 3878 eam
1221 3809 1393 3899 Chrysippo

326 3917 446 3982 Soleusi
457 3921 596 4002 reliquit,
607 3921 838 3986 hincuatusest
849 3950 864 3977 ι»
885 3921 1075 4008 Simplicius,
1097 3917 1260 3982 «Statuam
1278 3916 1394 3982 Clean-

326 4025 385 4088 this
402 4025 613 4090 admirabilem
630 4049 662 4091 se
677 4029 785 4091 vidisse
799 4057 813 4084 ιι
829 4041 972 4106 testatur,
995 4056 1011 4083 κ
1023 4029 1055 4090 in
1066 4027 1132 4112 ipsa
1142 4024 1238 4100 Asso,
1251 4023 1394 4110 magnili-

328 4132 429 4195 centiae
446 4129 580 4194 Romani
597 4131 724 4198 Senatus
741 4135 912 4219 specimen,
931 4133 986 4196 riri
997 4135 1062 4217 ejus
1070 4131 1182 4194 honori
1191 4130 1368 4195 dedicatam.
1379 4156 1395 4183 υ

360 4345 368 4376 ¹
383 4343 489 4428 lima
499 4343 527 4398 5¹¹
540 4341 644 4414 ‘l'istob
656 4343 689 4398 ’ἃ
700 4345 875 4418 Antigonum,
886 4344 1076 4420 octogenarium
1086 4363 1112 4398 se
1124 4341 1214 4397 scribit
