2896 4958
294 465 435 551 censs
505 463 534 530 r.
562 459 725 530 nrnsrr
748 460 1208 535 uauuuuc'rrours

293 608 376 670 enirn
388 623 517 690 pravum
530 602 604 666 illud
617 603 757 680 insitum,
779 617 810 667 et
821 606 860 667 ad
869 603 1028 668 hominnm
1040 606 1164 670 exitium
1175 621 1371 693 erupturum:

293 724 479 777 necaverunt
492 711 583 794 igitur
593 711 624 772 in
635 710 741 773 herba.
750 709 837 774 Talis
844 711 960 776 malitia
970 759 979 783 ,
990 715 1020 775 in
1029 715 1171 776 omnibus
1184 716 1284 779 malis.
1297 715 1376 781 Dis-

294 820 410 902 crimen
422 819 513 903 igitur
520 817 657 880 nullum?
669 818 787 901 inquies
804 844 812 892 ς
834 833 864 881 et
880 842 934 884 cur
948 820 1032 904 leges
1043 821 1156 884 sacinnt
1165 869 1176 901 ‚
1186 836 1276 905 atque
1286 824 1376 887 aliter

291 927 438 1007 aliterque
450 925 602 1009 puniunt?
619 921 688 987 Irno
706 924 828 1008 aliquod
846 939 909 1004 est,
924 947 1005 990 nunc
1024 926 1195 992 dicendum.
1211 927 1374 992 Primum:

291 1029 461 1114 «Eqnlia
474 1053 568 1113 quum
581 1031 641 1092 sint
650 1045 792 1114 peccata,
807 1045 911 1094 manen
923 1031 1068 1096 disserunt
1078 1035 1111 1112 ip
1124 1036 1182 1097 isto
1198 1081 1206 1114 ,
1219 1037 1301 1117 qnod
1314 1035 1375 1098 alia

292 1161 311 1202 a
332 1159 427 1224 prava
448 1151 480 1202 et
498 1139 548 1202 vix
569 1138 696 1202 sanabili
719 1137 881 1204 allectione
901 1140 1105 1224 proveniunt;
1128 1142 1190 1204 alia
1210 1141 1373 1205 minime.»

286 1243 394 1327 (Stoi).
403 1244 495 1324 Eu.)
508 1241 561 1308 En
575 1243 755 1322 discrimen,
771 1265 789 1310 a
803 1258 963 1330 patrante:
980 1246 1111 1310 alterum
1124 1248 1165 1310 ab
1180 1269 1218 1311 eo
1234 1248 1265 1310 in
1280 1270 1375 1330 quem

284 1367 425 1440 patrant,
446 1368 498 1416 aut
513 1353 595 1418 circa
607 1355 689 1435 quod
702 1366 833 1438 patrant.
844 1351 1008 1417 Parentum
1020 1355 1128 1421 vides?
1145 1356 1250 1440 plures
1264 1356 1322 1420 tibi
1341 1357 1373 1418 in

288 1481 360 1524 eum
373 1463 530 1546 adspectus
544 1473 574 1522 et
584 1460 704 1524 vincula
712 1457 833 1526 Natura
845 1476 877 1523 et
887 1459 981 1524 Ratio
994 1461 1118 1545 injecit:
1130 1483 1196 1546 qnae
1205 1485 1301 1546 quum
1313 1463 1373 1525 sol-

288 1569 352 1644 vis,
370 1568 403 1628 in
417 1567 485 1651 pari
498 1565 613 1629 malitia
623 1567 692 1651 plus
703 1579 756 1628 aut
767 1567 883 1652 pluries
898 1589 1017 1652 peccas.
1027 1566 1197 1632 Externum
1211 1569 1305 1655 igitur
1316 1569 1376 1631 ali-

292 1675 365 1758 qnid
381 1689 447 1752 est,
464 1677 545 1756 quod
559 1674 762 1752 discrirninat‚
786 1695 850 1738 non
862 1676 939 1739 inte
954 1677 1055 1740 situm.
1068 1675 1180 1742 Cicero
1195 1675 1227 1738 in
1241 1677 1300 1740 hae
1315 1697 1351 1739 re
1366 1698 1374 1735 ι

294 1811 310 1838 ιι
319 1781 406 1844 Nihil
419 1781 510 1865 igitur
526 1782 672 1859 interest,
693 1795 814 1866 patrem
835 1783 903 1866 quis
925 1799 1033 1860 necet,
1054 1803 1092 1845 an
1109 1783 1252 1846 serrum?
1274 1779 1377 1846 Causa

291 1888 373 1967 hac,
392 1909 455 1950 nnn
470 1901 578 1950 natura
594 1887 749 1972 distinguit
761 1912 771 1963 ς
787 1909 860 1952 narn
875 1902 906 1952 et
918 1889 1037 1973 parenti
1050 1909 1268 1970 nonnunquam
1281 1889 1377 1951 adimi

213 2065 216 2070 Δ
291 1997 353 2059 vita
364 1996 428 2060 sine
441 1996 556 2060 scelere
567 2009 683 2082 potest,
700 2008 729 2057 et
739 2015 829 2058 servo
839 2017 901 2058 non
910 2010 1019 2079 potest.
1025 1995 1110 2059 illud
1121 2009 1222 2059 manen
1232 1997 1375 2073 interest,

292 2106 418 2186 quadiu
433 2125 522 2166 servo
535 2102 782 2167 necandusemel
798 2115 960 2187 peccaturc
978 2103 1010 2165 in
1023 2117 1133 2188 patre,
1164 2103 1271 2166 multa.
1294 2103 1377 2166 Vin-

293 2213 373 2274 latur
384 2211 473 2292 isqui
486 2209 674 2294 procreavit,
691 2209 744 2290 qui
755 2208 830 2274 aluit
842 2255 851 2287 ‚
863 2210 916 2312 qui
929 2209 1058 2273 erudivit
1074 2232 1082 2270 ε
1100 2209 1290 2272 multitudine
1302 2231 1379 2294 pec-

293 2331 431 2382 catorum
446 2329 590 2399 praestat,
608 2335 705 2399 coque
720 2317 839 2398 majore
852 2335 943 2400 poena
959 2316 1066 2400 dignus
1081 2329 1136 2378 est.
1148 2341 1163 2370 υ
1185 2313 1379 2394 (Paradox.)

292 2425 464 2487 Audiantur
476 2438 506 2486 et
521 2421 679 2486 Stohaeana
687 2419 805 2499 Electa,
816 2425 919 2504 (atque
932 2443 968 2485 ea
982 2421 1147 2507 pleraque,
1163 2435 1196 2483 ut
1209 2425 1344 2498 odoror,
1361 2443 1378 2484 e

291 2529 463 2616 Chrysippo
475 2533 568 2607 sunt)
583 2531 742 2592 audiantur
760 2550 770 2588 t
791 2527 960 2612 «qunalia
980 2530 1102 2611 quidem
1113 2527 1242 2592 Peccata
1253 2529 1377 2606 omnia,

294 2660 358 2702 non
369 2652 438 2702 sunt
450 2653 553 2702 tamen
568 2636 715 2702 similia.»
730 2633 831 2699 Valde
845 2635 1001 2714 locusta,
1018 2649 1048 2698 ct
1058 2657 1122 2718 qna·
1136 2638 1271 2698 addunt:
1290 2635 1381 2698 «Fe-

201 2799 203 2804 .
295 2761 402 2809 runtur
417 2745 497 2806 euim
515 2756 546 2806 et
561 2753 685 2804 manant
701 2739 804 2804 omnia
826 2741 866 2804 ab
881 2762 942 2804 uno
957 2739 1083 2802 Malitire
1093 2740 1197 2816 sonte,
1220 2741 1381 2823 judiciuin

297 2844 438 2907 omnibus
452 2843 583 2926 peccatis
594 2845 725 2919 eodem,
741 2843 847 2919 idest,
864 2863 977 2926 pravos
995 2845 1052 2915 ¹sed
1066 2861 1123 2924 per
1137 2861 1259 2910 causam
1277 2853 1382 2902 exter-

298 2969 371 3011 nam
379 2949 459 3011 circa
470 2970 563 3030 quam
572 2949 683 3031 judicia
695 2949 907 3031 perficiuntur,
918 2947 1075 3012 dissimilia
1087 2949 1253 3010 redduntur
1269 2944 1383 3009 Pecca-

298 3071 329 3118 ta
340 3059 427 3136 (κατὰ
442 3059 589 3136 ποιότητα)
599 3055 631 3116 in
646 3055 799 3136 qualitate.
814 3052 917 3131 Sicut,
935 3076 1026 3118 omne
1037 3055 1230 3118 mendacium
1242 3067 1290 3116 est
1299 3073 1383 3136 aeque

298 3143 490 3226 meddacium
509 3186 517 3220 ι
530 3175 564 3222 ιιι
576 3161 602 3226 ai
610 3161 720 3236 dicant,
734 3160 805 3224 Nux
819 3175 874 3236 est,
887 3184 981 3244 quum
990 3160 1068 3228 Dies
1079 3161 1135 3233 sit;
1152 3157 1384 3224 antCentausus

301 3269 423 3332 visitet
438 3267 552 3330 exsistit
573 3289 582 3327 e
609 3267 683 3328 illud
703 3281 825 3351 potest,
845 3267 905 3331 hoc
918 3289 981 3332 nou
995 3280 1114 3352 potest;
1138 3266 1270 3348 ideoque
1287 3266 1385 3349 magis

298 3375 451 3453 mentiar,
470 3393 563 3456 quarn
579 3374 611 3436 in
624 3374 689 3436 illo.
708 3371 760 3438 Sic
784 3375 816 3436 in
839 3373 994 3452 Peccantis,
1016 3395 1082 3458 quae
1099 3373 1202 3436 omnia
1224 3371 1385 3436 mendacia

299 3482 406 3552 dicas;
434 3495 465 3544 et
484 3494 631 3562 quatenus
647 3481 739 3551 talia,
761 3481 897 3565 perlecta
920 3496 951 3544 et
967 3482 1118 3564 aequalia3
1140 3500 1204 3542 nnn
1224 3493 1333 3542 tamen
1355 3481 1385 3540 in

246 3669 255 3679 .
301 3589 444 3670 qualitate
465 3590 574 3650 eadem
593 3600 644 3648 aut
663 3587 809 3670 subjecto.
822 3614 839 3644 a
856 3587 945 3650 Talia
959 3591 1095 3670 quaedam
1108 3587 1174 3650 istic
1188 3586 1276 3670 legas
1293 3613 1302 3660 ς
1330 3605 1386 3648 nec

302 3695 405 3756 dubito
419 3694 492 3776 quin
509 3691 697 3778 Chrysippus
712 3707 800 3776 atque
817 3693 863 3756 illi
878 3697 972 3774 (nam
986 3694 1130 3775 quamdiu
1143 3694 1223 3769 haec,
1246 3707 1278 3756 et
1294 3713 1386 3776 quam

301 3801 412 3864 acriter
422 3800 601 3884 disputatall
609 3799 767 3864 subtiliora
775 3801 836 3864 alia
844 3799 987 3878 'dixerint
996 3800 1104 3882 quihus
1113 3799 1197 3863 lubet
1203 3801 1388 3884 indaganda.

302 3905 402 3970 Nobis
418 3908 565 3971 sententia
578 3908 644 3971 haec
657 3909 797 3970 damnata
816 3921 881 3984 est,
901 3921 932 3970 et
950 3907 1029 3969 inter
1045 3929 1167 3971 errores
1187 3907 1297 3969 habita
1313 3907 1388 3969 olim

302 4012 554 4078 Novatianorurn.
568 4011 750 4077 Ambrosius
764 4013 832 4091 (De
844 4013 953 4078 Poenit.
969 4035 997 4078 c.
1012 4015 1176 4096 1.)‚atque
1191 4013 1245 4074 alii
1259 4011 1388 4076 Patr-um

303 4135 409 4183 notant
423 4167 430 4196 ‚
450 4136 496 4199 et,
509 4135 542 4183 ut
555 4121 632 4198 dixi,
644 4141 716 4184 vere
731 4135 761 4184 et
776 4122 922 4184 severiter
932 4133 1046 4184 notant.
1063 4119 1148 4184 ldern
1161 4117 1265 4183 llivus
1276 4119 1388 4183 Hicrn

301 4249 410 4311 nymus
426 4274 435 4302 ‚
452 4228 503 4309 qui
518 4242 620 4289 tamen
635 4227 728 4289 finem
745 4239 775 4289 et
791 4226 922 4290 fructum
942 4229 1005 4309 ejus
1017 4225 1180 4311 Dogmatis
1203 4246 1270 4288 nnn
1289 4226 1385 4290 celat:

304 4333 499 4396 «Stoicorum
515 4333 637 4413 quidem
653 4347 718 4410 est,
741 4333 854 4413 inquit,
876 4332 985 4396 delicta
1003 4332 1104 4395 omnia
1121 4332 1210 4416 paria
1224 4334 1383 4414 judicare,
