2900 4944
453 493 626 564 curor
657 493 721 560 vr.
885 543 888 548 .
1051 494 1113 590 49¹

59 639 183 694 statura
195 647 328 717 semper
339 624 399 694 ubi
409 627 560 694 constitit
573 628 580 660 ¹
592 675 603 708 ,
615 649 656 694 ao
670 623 784 694 oedem
793 647 902 708 suam,
920 623 1020 694 etiam
1034 627 1120 696 irata

59 753 92 806 et
109 738 288 808 infestante
301 737 449 822 fortuna,
471 737 683 808 vindicatura
698 743 725 804 ².
741 740 826 806 Nam
840 735 933 830 quod
944 737 1118 832 advolup·

59 869 156 922 tatem
174 856 335 948 pertinet,
351 855 432 926 licet
444 853 738 926 circumfundatur
745 853 911 946 undique,
926 879 990 948 per
1004 879 1119 924 omues

59 969 125 1035 vias
137 967 270 1050 influat,
287 969 505 1064 animumque
515 967 757 1037 blandimentis
770 968 840 1036 suia
849 967 967 1050 leniat,
983 969 1119 1060 aliaque

59 1107 97 1151 ex
115 1084 191 1152 aliis
207 1083 400 1168 admoveat,
421 1086 546 1180 quibus
565 1099 651 1157 totos
670 1099 852 1178 partesque
870 1085 977 1152 nostri
995 1084 1120 1152 sollici-

59 1217 128 1270 tet:
145 1202 222 1294 quis
241 1203 452 1286 mortalium,
479 1203 534 1294 cui
549 1201 657 1270 ullum
675 1215 830 1293 superest
845 1200 994 1270 hominis
1017 1202 1119 1268 vesti-

58 1320 162 1412 gium,
177 1343 241 1414 per
256 1319 346 1388 diem
357 1338 560 1412 noctemque
577 1318 707 1388 titillari
723 1317 818 1402 velit,
839 1316 972 1388 deserto
991 1319 1116 1402 animo,

59 1436 191 1528 corpori
207 1459 344 1530 operam
359 1426 490 1504 dare³i

102 1553 160 1618 VI.
188 1577 205 1614 ι
227 1551 299 1702 Sed
315 1567 350 1620 et
361 1553 494 1620 animus
511 1574 661 1642 quoque,
675 1551 787 1642 inquit
801 1543 830 1633 ⁴,
847 1549 1036 1642 voluptates
1054 1549 1119 1618 ba·

58 1663 148 1734 bebit
167 1661 286 1736 auas⁵.
304 1693 320 1730 ιι
343 1666 474 1736 Habeat
493 1689 600 1748 saue,
626 1664 792 1758 ocdatque
812 1657 825 1700 ⁶
847 1660 989 1733 luxuriae
1003 1680 1037 1733 et
1054 1688 1119 1734 vo-

58 1781 221 1876 luptatum
238 1782 381 1868 arbiter,
398 1782 539 1876 impleat
552 1806 588 1850 se
607 1781 763 1850 omnibus
778 1781 839 1866 iis,
853 1805 929 1873 quae
949 1781 1119 1850 oblectare

59 1922 172 1969 sensus
196 1900 306 1970 solent
327 1926 335 1966 :
358 1899 483 1968 deinde
505 1899 678 1993 praeterita
707 1899 883 1991 respiciat,
913 1913 948 1966 et
971 1896 1119 1966 exoleta-

59 2023 157 2086 ιιιιιι7
178 2018 387 2112 voluptatum
406 2041 535 2086 memor
553 2017 697 2084 exsultet
710 2014 906 2108 prioribus,
928 2014 1119 2106 brturisque

55 2129 119 2220 jam
134 2131 326 2214 immineat,
349 2155 390 2199 ac
406 2155 482 2224 spes
507 2127 643 2200 ordinet
660 2153 760 2212 suas,
781 2143 816 2196 et
840 2127 921 2196 dum
946 2129 1120 2221 corpusiu
1147 2169 1150 2176 ·

61 2248 219 2338 praeseuti
230 2242 369 2340 sagina⁸
383 2248 487 2340 jacet,
500 2248 721 2340 cogitationes
733 2245 778 2314 ad
792 2241 1116 2340 luturapraemittat!

59 2363 119 2431 hoc
136 2364 221 2432 mihi
240 2362 377 2432 videtur
391 2364 569 2446 miserior,
585 2364 746 2455 quoniam
760 2361 848 2430 mala
874 2386 937 2456 pro
950 2362 1049 2430 bonis
1066 2362 1119 2429 lc-

59 2504 156 2572 gere,
186 2481 358 2550 dementia
382 2497 444 2550 est.
465 2483 537 2550 Nec
558 2482 631 2549 sine
648 2481 790 2549 sanitate
804 2481 983 2572 quisquam
1001 2480 1119 2550 beatus
1142 2519 1160 2550 ι

59 2612 133 2664 cst:
159 2621 226 2668 uec
245 2621 365 2678 sanus,
396 2598 451 2664 cui
480 2597 641 2664 obfutura
660 2621 722 2690 pro
743 2597 878 2689 optimis
896 2612 1115 2690 appetuntur.

89 2850 109 2882 ι.
120 2831 302 2884 Statum........
311 2832 431 2883 constitit.
444 2827 563 2882 Constare
612 2825 672 2880 iude
685 2847 700 2880 a
713 2847 766 2900 cap.
780 2829 824 2894 ι4,
833 2826 877 2880 ubi
887 2828 939 2902 jam
951 2827 1119 2903 Chrysippum

59 2919 92 2958 est
106 2909 196 2982 pedem
214 2908 242 2960 iu
257 2908 314 2960 loeo
326 2905 438 2978 quodam
453 2924 562 2978 ponere;
613 2905 680 2958 idem
698 2905 816 2958 molitum
832 2926 883 2958 esse
902 2905 1034 2975 videmus,
1049 2907 1119 2980 quod

58 2995 125 3038 stare
141 3007 202 3040 vero
221 2985 314 3039 exhor
331 2985 387 3038 loco
402 2983 492 3058 prdem
509 3002 562 3035 nou
612 3004 680 3037 nuuc
693 2997 777 3037 noster
788 3004 888 3056 quoqne
900 2985 1054 3058 aggreditur.

60 3061 194 3118 dimovere.
644 3061 668 3126 4
681 3061 781 3133 Inquit.
799 3061 966 3116 Adversarius
983 3063 1074 3135 aliquia
1091 3084 1122 3118 ex

88 3141 291 3194 a-sstiumr'mla
293 3178 335 3193 .....
336 3137 559 3193 vendicaturam
613 3137 752 3211 Epicureis.

60 3219 226 3272 llorat.'0dd.
242 3219 289 3283 lll,
306 3239 345 3290 ²9·
365 3218 405 3272 53.
419 3218 517 3270 Seneca
532 3216 563 3270 de
644 3218 796 3270 5.Ant‘mrts
798 3255 847 3272 ......
857 3217 1142 3289 voluptatesltabebit'

60 3296 187 3350 Constant.
200 3296 312 3370 Sapiens
326 3295 398 3360 Vlll,
409 3297 432 3347 3
611 3314 683 3347 suos
696 3293 733 3348 Ex
745 3295 905 3367 sequentibus
915 3309 982 3370 patet
991 3296 1061 3350 bis'
1042 3297 1120 3370 signi-

88 3372 230 3426 5.Ναιιι..,.
232 3375 340 3428 .dare?
356 3373 420 3428 Haec
434 3392 448 3424 e
464 3371 517 3424 Cic.
532 3373 562 3425 de
611 3371 701 3425 licari·
714 3373 795 3426 velex
812 3373 984 3448 corporalibus
998 3373 1120 3464 volupta-

58 3447 252 3504 ticionum.
264 3451 288 3502 ll
291 3450 352 3516 ,34,
365 3451 448 3522 §114,
460 3450 563 3522 repetita
610 3449 677 3501 tibus
702 3450 856 3524 voluptatem
882 3472 953 3504 mens
978 3451 1118 3527 percipiet,

57 3541 119 3579 sunt.
612 3547 692 3599 quum
707 3527 821 3580 illam'
801 3549 854 3581 sive
880 3529 1003 3601 praeterita
1031 3529 1120 3581 memi-

86 3605 131 3659 Vl.
143 3606 216 3660 Atta.
228 3607 315 3676 Quum
325 3605 376 3658 vita
386 3605 457 3658 beata
467 3605 562 3678 judicio
612 3607 693 3670 nisse,
708 3606 760 3658 sive
774 3609 856 3660 lotura
878 3607 1016 3680 praevidere
1031 3619 1056 3659 et
1073 3627 1118 3660 au-

58 3697 122 3736 recto
134 3685 307 3752 contineatur,
320 3686 397 3740 virtus
407 3705 464 3736 curu
477 3684 563 3758 volup
611 3684 712 3757 ticipare
726 3683 829 3757 juvabit.

58 3771 104 3812 tate
127 3761 239 3835 copulari
261 3763 356 3835 nequit.
376 3764 406 3815 ln
423 3761 562 3834 Epicunrm
644 3763 669 3816 b.
681 3763 819 3832 Cedatque.
828 3761 1013 3834 Voluptatibus.

57 3835 109 3890 bac
117 3837 183 3892 dicta
190 3859 251 3906 esse,
259 3839 561 3911 quilibetanimadvertet.
645 3841 862 3910 phalerarum·
878 3839 1119 3913 Scilturpiuuttor·

60 3915 109 3982 Qui
121 3937 199 3988 quum
211 3917 238 3970 in
245 3918 372 3991 voluptate
382 3935 510 3970 sumtuum
518 3916 563 3970 bo·
611 3917 679 3990 poris
692 3918 856 3990 voluptatum.

58 4013 117 4046 num
126 3996 262 4067 posuisset
272 3996 386 4050 aStoicis
393 3996 562 4069 ,voluptatem
643 3997 788 4066 SMSogina
797 3997 1119 4071 Sicproprievocauturci·

58 4075 130 4128 etiam
142 4077 267 4130 inanimo
279 4076 394 4130 vitiosam
408 4096 460 4128 rem
469 4089 563 4150 putan-
611 4073 637 4126 bi
647 4073 807 4146 quaeedeutis
818 4095 908 4150 corpus
918 4075 1116 4151 piuguesaciunt,

59 4151 121 4204 tibus
131 4153 261 4228 ,repulsus
274 4167 317 4207 est.
332 4153 371 4206 Gi.
387 4153 440 4207 Cic.
453 4153 484 4206 de
498 4154 562 4205 fini·
611 4153 781 4225 utaliquando
798 4174 855 4207 cum
868 4157 1082 4228 rpodepsunum
1094 4169 1118 4207 ct

59 4191 223 4284 bustiam
235 4231 280 4285 lib.
295 4231 332 4296 ll,
346 4244 426 4285 totum
435 4231 561 4304 ,inprimis
612 4231 759 4284 idcmsonat
766 4233 1118 4304 ,quanquamidraroTuru
