2910 4954
244 580 591 645 ARGUMENTUIII
620 585 751 650 LIBRI
782 591 960 655 TERTII.

114 857 170 910 Pars
179 857 289 910 secunda
300 859 471 913 remediorum
483 861 526 915 irre
535 861 584 915 hoc
597 863 663 916 libro
677 865 821 918 continetur
833 869 843 934 (
854 869 884 920 cI.
894 869 936 936 II,
956 871 984 922 18
993 873 1019 936 ):
1032 885 1143 926 versatur

88 941 110 992 in
123 943 262 1016 preceptis,
276 963 308 996 ne
322 945 350 997 iu
362 945 398 997 ira
414 965 562 1018 peccemus,
576 947 603 1000 id
616 961 670 1014 est,
683 961 712 1001 ut
724 949 788 1002 iram
802 951 963 1006 refraenemus
982 967 1007 1006 et
1019 954 1144 1009 cohibea-

88 1045 144 1078 mus.
156 1028 239 1096 Quare
255 1028 445 1082 discriminibus
456 1032 587 1084 nonnullis
600 1033 665 1086 inter
681 1033 746 1086 iram
763 1035 875 1107 aliosque
888 1038 992 1090 allectus
1008 1040 1143 1094 observatis

88 1109 149 1161 illins
159 1111 295 1164 Ioeditatem
313 1113 434 1186 majorem
451 1128 573 1168 monstrat
584 1129 658 1189 atque
670 1119 773 1171 affectus
785 1132 860 1172 tetros
873 1158 881 1185 ,
896 1121 1005 1195 repetitis
1020 1143 1077 1195 qum
1093 1125 1143 1197 jana

87 1205 149 1243 autea
164 1193 195 1244 ad
209 1193 405 1268 Peripateticos,
423 1196 579 1250 fortitudinis
595 1211 678 1252 cutem
692 1199 756 1253 iram
775 1221 826 1254 esse
839 1203 1046 1274 pronuntiantes,
1063 1225 1144 1278 oppo-

87 1288 174 1342 suerat,
187 1297 239 1352 cap.
253 1279 343 1331 l-lv.
361 1277 481 1352 Sequitur
494 1281 557 1334 ordo
573 1281 761 1336 mactandorum
773 1301 780 1335 ι
790 1285 903 1359 primum
916 1285 947 1337 de
967 1285 1004 1338 ira
1021 1286 1141 1352 vitanda,

88 1359 171 1413 deiude
183 1363 398 1434 quemadmodum
408 1366 439 1418 ab
451 1366 487 1418 ira
497 1367 644 1434 liberemur,
656 1369 758 1421 tandem
768 1369 897 1441 quomodo
908 1371 988 1426 allum
997 1373 1144 1426 irascentem

87 1445 193 1498 sistamus
204 1447 379 1520 placemusque
396 1450 481 1503 Prima
492 1471 548 1525 pars
560 1453 666 1526 pertinet
677 1491 685 1520 ,
695 1466 724 1506 ut
732 1453 848 1520 videtur,
860 1455 891 1507 ad
903 1475 958 1530 cap.
970 1457 1035 1522 XII,
1049 1473 1145 1523 stauc-

86 1531 129 1584 tori
146 1531 214 1584 enim
232 1554 286 1586 non
298 1533 392 1607 placuit
410 1537 543 1590 transitum
561 1537 593 1590 ad
611 1537 748 1591 secundam
763 1551 857 1613 partem
874 1555 987 1595 accurate
1005 1541 1144 1616 designare.

86 1616 120 1666 Ira
130 1618 290 1670 contenditur
300 1639 357 1672 cum
369 1620 425 1672 aliis
438 1621 570 1674 affectibus
584 1643 613 1674 ac
622 1623 690 1675 vitiis
703 1643 708 1676 :
726 1623 793 1677 mala
804 1623 950 1679 conditione
962 1627 1032 1700 ejus,
1046 1627 1090 1699 qui
1101 1627 1146 1682 iro

85 1719 107 1752 se
119 1701 262 1768 tradiderit,
274 1701 439 1767 adumbrata,
450 1719 519 1758 onus
532 1705 575 1760 irae
585 1707 617 1759 ab
628 1706 791 1772 infirmitate,
803 1722 960 1784 contemptus
970 1709 1146 1784 iujuriarum

86 1785 256 1858 magnitudine
266 1787 347 1840 animi
360 1787 495 1842 derivatur.
511 1791 648 1844 Menemur
659 1791 761 1863 itaque,
773 1812 806 1845 ne
817 1793 845 1845 in
860 1787 1084 1866 πόλυπμγμοσῦνης
1100 1795 1146 1848 vi·-

87 1869 143 1922 tium
148 1871 290 1924 incidamus
300 1911 308 1937 ,
319 1893 351 1925 ne
358 1873 502 1928 diIIiciIium
512 1889 535 1928 et
540 1895 698 1929 moratorum
707 1915 715 1942 ,
723 1876 768 1930 sed
774 1877 876 1930 mitium
884 1897 912 1931 ac
921 1879 1057 1952 proborum
1065 1880 1146 1934 bomi-

86 1971 142 2004 num
149 1956 331 2008 consuetudinc
341 1970 451 2022 utamur,
456 1959 574 2022 V-VIII,
583 1977 629 2009 nec
639 1959 783 2011 remissiore
794 1961 880 2012 animo
889 1963 991 2036 negotia
1003 1976 1145 2028 tractemus,

85 2035 124 2087 sed
139 2037 275 2104 remediis,
288 2058 344 2110 quae
359 2039 467 2102 saciant,
486 2059 518 2092 ne
535 2039 563 2092 in
579 2040 642 2092 iram
660 2041 820 2118 incidamus,
837 2039 976 2109 adhibitis,
994 2047 1146 2098 ostensorem

85 2122 145 2194 apud
158 2143 206 2175 nos
216 2142 379 2188 excusemus,
392 2134 415 2174 et
427 2123 529 2176 affectui
540 2142 638 2175 moram
649 2125 810 2196 injicIamus',
823 2127 892 2192 XII,
907 2149 929 2180 a.
942 2131 963 2182 Α
976 2149 1028 2203 cap.
1036 2129 1101 2195 XII,
1115 2151 1145 2196 a,

86 2207 190 2260 secunda
205 2228 261 2282 pars
273 2207 346 2271 infit,
358 2227 415 2279 quae
427 2207 534 2281 pertinet
544 2207 576 2260 ad
588 2227 639 2281 cap.
652 2209 795 2262 XXXVIII.
805 2209 879 2264 Mora
891 2213 1036 2286 interposita
1051 2213 1088 2265 ira
1099 2234 1147 2286 op-

84 2290 220 2362 primetur:
235 2292 304 2364 quod
316 2291 435 2366 exemplis
449 2291 481 2343 ad
495 2291 558 2344 iram
570 2289 750 2365 defugiendum
763 2305 787 2345 et
796 2291 830 2346 ad
841 2295 1060 2348 mansuetudinem
1075 2315 1146 2349 exer-

84 2375 187 2428 cendam
195 2377 306 2450 appositc
315 2375 396 2429 allatis
408 2375 544 2428 illustratur
556 2393 562 2427 t
574 2375 698 2436 Platonis,
711 2377 770 2428 XII.
783 2375 901 2446 Socratis,
914 2377 987 2444 xt11,
999 2378 1090 2450 quibus
1100 2400 1148 2452 op-

83 2475 209 2530 ponuntur
228 2460 377 2534 Cambysis,
398 2460 471 2522 XIV,
487 2459 546 2522 XV3
558 2457 650 2526 DariI,
665 2457 733 2512 XVI.
748 2458 836 2511 Xerxis
849 2461 925 2512 XVII
937 2480 943 2512 ε
955 2462 1146 2528 Romanorum,

82 2543 109 2593 Ia·
122 2545 217 2618 Syllae,
232 2543 357 2618 Caligula
371 2543 463 2595 XVIII
472 2542 504 2594 ad
513 2541 605 2608 XXII,
617 2563 641 2594 s.
651 2541 772 2615 Exempla
782 2539 893 2594 lenitatis
905 2557 1021 2618 praestant
1032 2543 1149 2617 Antigo-

84 2646 145 2694 nus,
162 2629 297 2704 Philippus
311 2625 447 2680 Alexandri
460 2625 496 2678 Μ.
510 2640 597 2700 pater,
613 2629 756 2699 Augustus,
775 2625 869 2678 XXIV.
882 2628 988 2679 Necesse
1005 2627 1147 2700 igiturest,

83 2724 108 2764 nt
118 2715 232 2766 offensus
244 2733 344 2766 excuses
356 2711 504 2774 inimicum,
513 2723 615 2764 tuorum
627 2709 703 2784 ipsius
715 2709 835 2762 vitiorum
847 2749 854 2776 ,
868 2730 924 2781 quae
935 2711 1038 2784 quidem
1051 2711 1078 2763 iu
1091 2732 1150 2764 om-

83 2817 124 2849 ues
137 2799 257 2853 homiues
270 2797 380 2861 cadunt,
394 2817 447 2850 non
464 2795 598 2849 immemor
610 2814 616 2848 :
628 2795 739 2849 nobilius
754 2809 806 2860 est,
820 2795 885 2847 iram
900 2795 1018 2858 vincere,
1031 2814 1107 2866 quant
1121 2816 1149 2849 ca

81 2883 161 2956 abripi
173 2897 199 2936 et
211 2885 270 2937 duci
286 2906 293 2948 ;
307 2903 371 2958 saepe
383 2901 482 2954 quoque
496 2879 598 2954 injuriae
612 2901 665 2933 non
681 2881 857 2956 siuehouesta
869 2901 897 2933 ac
907 2881 979 2954 gravi
992 2883 1149 2936 excusatione

82 2966 159 3022 fiunt:
169 2971 205 3023 ad
214 2971 313 3024 XXIX.
325 2970 471 3042 Sequuntur
479 2968 539 3021 inde
550 2966 605 3021 alite
620 2963 803 3020 exhortationes
818 2966 849 3018 ad
863 2967 927 3020 iram
943 2969 1130 3040 reprimendam
1142 2986 1148 3023 :

81 3053 137 3106 toIIe
150 3056 339 3130 suspicionem,
359 3051 589 3126 importunitatem,
606 3049 749 3113 invidiam,
768 3051 961 3122 esspectationes
977 3052 1086 3117 nimias,
1103 3066 1149 3106 etc.

80 3139 196 3208 quotidie
208 3140 234 3192 in
244 3154 267 3192 te
275 3137 398 3210 inquiras,
409 3137 492 3202 brevi,
502 3156 589 3190 omnes
596 3135 720 3188 irascendi
727 3135 870 3188 occasiones
878 3135 943 3188 evita
952 3157 958 3188 :
968 3135 1000 3188 acl
1009 3136 1149 3188 XXXVIII.

81 3223 100 3274 Α
112 3243 166 3298 cap.
182 3223 386 3276 XXXIX-XLI
397 3221 429 3274 ad
439 3221 536 3273 tertiam
548 3207 644 3293 partem
657 3219 668 3287 (
677 3222 709 3273 cI.
721 3222 774 3273 c.V
785 3222 795 3287 )
806 3219 901 3274 accedit
911 3261 919 3286 ,
931 3220 1060 3296 quomodo
1070 3219 1149 3273 alium

81 3307 233 3361 irascentem
249 3308 366 3360 sistamus
378 3327 407 3360 ac
423 3305 557 3380 placemus.
570 3305 630 3356 Nou
643 3305 756 3358 oratione
769 3317 869 3358 utamur
880 3304 1049 3358 dehortatoria
1060 3322 1066 3356 :
1078 3303 1149 3358 dabi-

80 3411 133 3446 mns
145 3394 186 3446 iIIi
196 3393 307 3468 spatium
318 3411 325 3454 ς
337 3390 512 3444 simulabimus
526 3389 609 3460 itaque
621 3387 699 3458 iram,
714 3389 787 3442 tacite
800 3388 843 3443 iras
858 3389 1029 3442 instrumentis
1040 3389 1071 3464 ab
1085 3387 1148 3440 irato

79 3480 199 3541 remotis;
214 3477 309 3531 deinde
325 3476 365 3528 vel
380 3489 465 3540 metu,
477 3475 517 3527 vel
528 3474 651 3527 sermonis
663 3473 792 3526 lenocinio
802 3485 860 3526 e'um
872 3473 1060 3540 detinebimus,
1072 3473 1149 3526 falle-

80 3581 143 3616 mns.
160 3563 276 3635 Augusti
295 3560 436 3634 exemplum
448 3562 518 3633 (cap.
530 3559 603 3624 XL).
622 3557 759 3611 Concludit
773 3557 943 3612 describendis
960 3558 1005 3612 ire
1020 3554 1149 3611 effectibus

78 3647 234 3702 tristissimis
244 3687 251 3714 ,
263 3659 288 3698 et
297 3645 472 3699 adhortatione
482 3681 490 3710 ,
502 3657 530 3697 nt
542 3643 694 3714 cogitatione
709 3643 866 3696 mortalitatis
881 3655 905 3695 et
920 3644 978 3697 vitae
993 3642 1075 3696 brevis
1088 3642 1150 3695 ani-

80 3753 148 3786 mum
160 3745 283 3786 nostrum
293 3731 438 3805 mitigemus
448 3769 455 3794 ,
466 3730 574 3800 ideoque
584 3727 639 3802 paci
648 3740 722 3798 atque
733 3727 921 3780 mansuetudIni
932 3727 1082 3781 studeamus.
1142 3749 1144 3754 ¹

111 3817 183 3871 Libri
196 3817 228 3870 hi
242 3815 272 3868 de
285 3817 322 3868 ira
334 3816 361 3866 in
374 3813 484 3888 partibus
495 3808 593 3886 pulchri
608 3823 632 3862 et
642 3810 781 3864 eminentes
793 3825 867 3876 suut,
884 3813 912 3864 in
930 3824 981 3866 toto
993 3832 1082 3887 pamm
1093 3813 1151 3866 dis-

79 3903 169 3968 tincti,
185 3918 213 3956 et
225 3899 418 3975 repetitionibus
430 3910 472 3950 aut
484 3897 624 3970 digestione
637 3897 752 3957 confusi,
769 3917 797 3948 ex
807 3897 930 3950 sententia
945 3898 1033 3970 bipsii.
1045 3898 1150 3972 Copiam

80 4009 163 4042 rernm
175 3989 206 4041 in
219 3986 256 4039 iis
268 3987 325 4039 satis
336 3984 445 4058 amplam
457 4001 485 4034 ac
496 3981 641 4057 praeclaram
653 3980 823 4054 deprehendas
835 4021 842 4047 ,
855 3994 965 4035 nectum
977 3983 1004 4036 in
1013 3996 1100 4036 natura
1112 3984 1152 4036 in-

81 4076 189 4146 doquue
201 4071 284 4144 hujus
298 4072 401 4122 allectus
410 4064 557 4140 exponenda
569 4079 642 4138 atque
656 4067 683 4118 iu
695 4065 864 4119 describendis
875 4067 928 4138 ejus
940 4069 1068 4122 eII'ectibus
1075 4109 1083 4132 ,
1098 4081 1150 4122 tum

81 4159 106 4210 in
118 4157 248 4212 remediis
265 4153 427 4206 contrairem
444 4149 609 4214 adhibendis,
627 4149 687 4220 quid
703 4171 854 4223 magnopere
873 4152 1013 4216 desideres,
1030 4151 1151 4206 habebis:
