2926 4958
220 524 287 596 AD
313 528 488 600 STOIC.
515 527 724 599 PHILOS.·
750 529 848 598 LlB.
875 531 953 600 III.
1034 534 1122 620 clxxi

56 646 115 708 lert.
131 643 242 727 Neque
255 647 338 710 enim
351 647 383 708 id
392 644 507 710 Virtuti
522 648 663 729 derogat,
679 647 842 731 impediri:
856 669 918 711 non
926 649 1023 734 magis
1033 671 1125 732 quam

57 751 133 829 soti,
148 753 335 816 obnubilari.
346 781 361 810 «ι
370 752 455 818 Sicut
467 753 547 816 illius
561 755 606 818 vis
621 767 651 816 et
666 754 716 816 lon
730 756 847 840 integra
862 770 922 834 est,
940 759 1030 820 etiam
1047 759 1126 821 inter

57 861 186 943 opposita
201 885 209 920 :
224 863 334 924 eodem
343 863 435 922 modo
448 861 586 945 opposite
596 860 710 922 Virtuti
724 862 801 924 nibil
813 863 990 936 detrahunt;
1007 879 1126 927 nonest

58 970 172 1045 minor,
191 969 247 1030 sed
261 967 362 1030 minus
378 965 484 1052 fulget.
497 966 596 1030 Nobis
611 967 737 1029 forsitan
751 989 814 1030 non
828 991 912 1052 reque
927 985 1073 1054 apparet,
1090 990 1126 1033 at

58 1074 123 1136 nitet
141 1098 149 1136 ε
167 1073 229 1136 sibi
245 1076 352 1137 eadem
367 1087 433 1144 est,
457 1087 486 1136 et
502 1094 588 1136 more
605 1071 686 1135 Solis
704 1073 845 1149 obscuri,
863 1075 896 1136 in
911 1077 1030 1140 occulto
1045 1077 1126 1138 viam

58 1201 134 1242 snam
148 1191 306 1242 exercet.»
322 1177 417 1258 (Seu.
431 1176 528 1262 Epist.
541 1180 633 1256 κου.)
648 1175 774 1262 Optime
788 1204 795 1238 :
811 1201 873 1242 non
887 1183 1054 1260 minuitur,
1073 1185 1126 1244 sed

57 1287 147 1348 mium
158 1286 221 1348 late
232 1286 366 1348 funditur
378 1309 387 1346 ι
399 1297 488 1366 atque
501 1307 539 1348 eo
549 1285 644 1348 verbo
657 1286 800 1349 inhaere
814 1301 946 1351 utuntur.
958 1285 1036 1352 Cato
1047 1292 1127 1373 apud

57 1389 237 1456 Ciceronem
252 1417 261 1452 ε
279 1391 495 1474 «Quamquam
509 1406 623 1476 negent
630 1389 745 1470 Stoici,
761 1415 818 1456 nee
829 1393 966 1458 Virtutes
975 1415 1031 1458 nec
1042 1395 1126 1458 Vitia

58 1519 188 1562 ueseere
202 1545 211 1577 ,
225 1513 330 1562 tamen
348 1515 506 1581 utrumque
521 1521 628 1561 eorum
641 1500 725 1561 fundi
740 1504 984 1582 quodammodo,
998 1517 1028 1565 et
1041 1501 1127 1584 quasi
1173 1516 1178 1525 “

58 1605 170 1668 dilatari
187 1619 304 1688 putant.
314 1633 330 1662 n
346 1605 413 1686 (lll
428 1604 479 1669 De
496 1603 619 1687 Finib.)
634 1603 801 1668 Fusionem
816 1627 884 1669 eam
899 1606 1015 1672 Seneca
1029 1609 1130 1692 expli-

59 1727 100 1776 eat
117 1736 125 1773 ε
144 1714 280 1776 «Virtus
300 1717 392 1777 modo
413 1714 502 1778 latius
517 1712 668 1787 funditur;
690 1734 806 1798 regna,
825 1715 938 1794 orbes,
956 1716 1128 1799 provincias

59 1833 219 1904 temperat;
230 1821 291 1882 lert
300 1821 400 1904 leges,
413 1819 486 1882 colit
495 1820 660 1898 amicitias,
671 1821 750 1882 iuter
759 1821 945 1904 propinquos
954 1822 1128 1904 liberosque

58 1926 206 2008 dispensat
222 1925 324 1989 officia
338 1949 346 1988 :
359 1927 452 1988 modo
466 1940 549 1990 arcto
566 1927 626 1988 line
641 1927 845 1990 circumdatur
857 1928 1063 2010 paupertatis,
1079 1949 1129 1989 er-

59 2033 132 2108 silii,
149 2031 327 2094 orbitatis.»
344 2029 468 2115 (Epist.
482 2035 613 2110 txxtv.)
628 2030 712 2114 Quid
723 2032 840 2095 refert?
855 2033 921 2117 ipsa
938 2029 1045 2095 eadem
1060 2047 1125 2104 est;
1215 2078 1217 2084 ι

59 2139 183 2201 eadem?
198 2139 264 2201 imo
277 2165 292 2192 ιι
304 2159 387 2219 mque
401 2159 512 2222 magna
526 2152 588 2210 est,
605 2138 723 2232 etiamsi
737 2139 767 2200 in
782 2159 815 2200 se
830 2139 972 2212 recessit,
997 2140 1127 2221 undique

60 2245 184 2308 exoluta.
196 2273 212 2300 n
234 2243 355 2324 (thid.)
371 2241 490 2306 Lumen
503 2245 534 2305 in
549 2265 620 2307 arca
634 2245 772 2322 include,
792 2257 880 2327 atque
902 2243 984 2307 idem
1003 2245 1099 2308 libera
1117 2270 1125 2304 ε

58 2352 127 2412 nibil
141 2353 291 2429 interest,
314 2351 373 2412 nisi
386 2353 467 2432 quod
482 2351 550 2413 aliis
563 2373 626 2414 non
640 2351 729 2414 lucet.
746 2350 842 2413 «Non
857 2352 940 2414 enim
957 2352 1127 2436 prohiben-

57 2468 101 2518 tur
113 2479 210 2542 opera
224 2457 378 2542 Sapientis
389 2459 508 2536 omnia,
521 2461 575 2522 sed
584 2460 747 2520 tantumad
759 2457 834 2520 alios
848 2459 1027 2542 pertinentia
1042 2482 1050 2519 ε
1063 2461 1127 2544 ipse

59 2587 178 2649 semper
191 2569 224 2629 in
242 2567 312 2630 aclu
324 2580 403 2629 est.»
419 2565 513 2644 (Seu.
524 2565 585 2652 Ep.
598 2569 739 2646 nxttxv.)
751 2565 901 2632 Claudere
918 2569 1008 2652 igitur
1021 2567 1079 2630 boe
1094 2563 1130 2628 li-

58 2684 102 2732 tet
116 2676 200 2756 apud
218 2671 376 2735 Stobaeum
394 2674 495 2736 verbis
521 2697 529 2734 r
558 2696 574 2728 o
587 2671 724 2736 Omnem
744 2672 880 2735 Probum
903 2687 933 2734 et
953 2673 1130 2756 Sapientem

57 2781 225 2860 perlectum
237 2801 319 2857 esse,
329 2781 399 2861 quia
410 2779 617 2842 nullaVirtute
628 2779 814 2842 destituiturr
827 2779 953 2860 ideoque
964 2792 995 2840 et
1006 2779 1130 2841 omnino

55 2899 82 2946 et
93 2907 219 2971 semper
231 2885 337 2948 Bnnos
352 2885 465 2948 Beatos
479 2907 555 2948 esse.
565 2911 580 2940 a
594 2882 628 2946 Si
643 2899 749 2946 omnes
759 2883 886 2967 perlecti
904 2906 913 2943 t
928 2886 1009 2966 quod
1022 2883 1132 2946 ‹liseri-

55 2998 144 3056 men?
160 3015 256 3077 pares
270 2994 369 3077 igitur.
384 2990 418 3054 si
434 2994 558 3056 omnino
569 3006 600 3054 et
610 3013 732 3074 semper
744 2990 827 3054 beati
843 3011 927 3072 :qam
940 2990 1070 3068 additio,
1081 3004 1133 3053 ant

53 3100 204 3162 minutio?
220 3099 315 3160 nulla.

372 3239 726 3306 DlssERTATIO
747 3241 810 3306 IV.

131 3378 175 3438 ΙΙ
185 3377 379 3440 Pmodomm.
397 3375 528 3436 Virtutes
542 3396 644 3457 peres,
661 3377 780 3456 itemque
792 3335 1037 3436 ierettduas'esse.

90 3521 236 3584 Exmvt'r
253 3532 284 3580 et
297 3518 427 3582 atbar-et
441 3516 572 3579 alterum
583 3514 798 3577 Paradoxum:
817 3543 832 3570 «ι
850 3515 987 3578 Virtutes
1005 3515 1084 3576 inter
1100 3537 1132 3578 se

53 3649 159 3711 pares,
177 3639 272 3706 atque
284 3623 376 3686 etiam
389 3641 481 3684 nexas
493 3641 569 3685 esse.
583 3647 598 3674 u
610 3618 733 3704 Duplex
744 3620 834 3702 igitur
842 3620 1016 3684 membrum
1030 3644 1037 3681 :
1049 3621 1134 3703 prius

52 3735 229 3798 lustremus.
246 3729 355 3802 Pares,
366 3748 427 3811 quo
436 3727 544 3790 sensu?
557 3725 640 3788 omni
649 3768 659 3804 ,
668 3747 759 3808 quem
770 3727 880 3789 dixeris
893 3751 900 3787 z
913 3727 944 3788 it
955 3741 1017 3803 est,
1029 3726 1134 3790 Virtu-

52 3853 110 3918 tes,
123 3840 227 3902 etiarn
240 3835 391 3912 diversas,
402 3854 494 3917 pares
504 3853 570 3894 esse
584 3855 591 3890 ε
603 3833 735 3913 itemque
746 3833 834 3894 onitu
844 3833 924 3894 illius
935 3832 1130 3906 reete-factm

52 3948 143 4008 etiam
160 3945 356 4008 diversarum
369 3939 511 4002 notiones.
526 3939 652 4022 Triplex
663 3939 752 4022 igitur
762 3939 875 4023 paritas
889 3963 898 3999 ε
912 3952 942 4000 et
955 3935 1071 4003 Seneca
1086 3962 1134 4002 sa-

49 4052 85 4114 tis
104 4050 237 4135 aperit:
259 4075 274 4102 ι
291 4045 428 4110 Virtutes
445 4045 525 4108 inter
539 4067 571 4108 se
585 4065 675 4128 pares
689 4059 758 4108 sunt
774 4071 783 4105 ι
799 4059 830 4108 et
843 4041 948 4128 Opera
962 4046 1104 4108 virtutum
1122 4070 1129 4105 :

50 4173 78 4220 et
94 4157 278 4232 Homines,
296 4153 402 4236 quibus
417 4153 476 4214 illae
488 4154 652 4236 contigere.
669 4177 683 4208 r
702 4149 819 4235 (Epist.
835 4154 942 4229 uxvt.)
956 4151 1007 4214 De
1020 4153 1133 4216 Virtu-

51 4267 127 4328 tibus
142 4265 232 4328 iuter
246 4281 278 4324 se
293 4259 427 4336 collatis,
440 4280 510 4322 ecce
522 4304 530 4337 ‚
543 4259 682 4322 adfirmat
696 4283 703 4317 ε
716 4259 848 4340 itemque
861 4258 989 4322 seorsim
998 4261 1034 4322 de
1045 4256 1132 4343 Ope-

52 4373 152 4444 ribus;
163 4389 246 4434 nam
261 4369 300 4430 tle
313 4357 497 4429 Hominibus
506 4412 516 4446 ,
526 4367 589 4449 jam
602 4379 672 4429 ante
685 4379 731 4428 est
743 4365 864 4430 dicum
874 4363 1052 4430 Plutarchus
1062 4387 1132 4430 eum
