2896 4958
229 508 291 578 hl)
317 506 486 578 sTOlc.
513 503 845 574 PH1LOS.L1B.
871 505 945 572 111.
1038 508 1127 590 ,ccix

71 655 113 714 sed
124 672 233 728 error,
246 654 329 734 cujus
342 650 457 712 sontem
468 648 560 710 etiam
570 643 659 710 liceat
669 648 840 729 inquirere,
861 659 891 709 et
906 659 971 708 tum
988 647 1129 710 claudere

72 759 110 819 rel
128 761 282 821 damnare.
303 753 569 838 Magniloquentiae
588 753 676 835 hujus
693 753 792 815 onmis
814 753 918 835 origo,
942 754 1024 832 quod
1037 773 1129 814 unam

73 865 258 944 eamdemque
267 861 422 922 Virtutem
431 861 463 920 in
473 856 608 920 Homine
618 871 648 920 et
658 856 728 919 Deo
738 870 862 940 ponunt.
870 855 986 920 Seneca
999 883 1007 916 ι
1021 857 1130 938 «Quae-

72 967 106 1027 ris
115 990 176 1048 que
186 989 237 1028 res
250 964 425 1049 Sapientem
442 965 553 1028 elficit?
565 985 629 1044 quae
639 961 751 1024 Deum.
765 990 780 1016 υ
793 960 905 1045 (Epist.
925 968 1083 1042 nxxxvtt.)
1093 963 1130 1026 Si

73 1073 149 1154 igitur
161 1072 216 1135 ille
231 1086 261 1133 et
276 1072 331 1153 iste
345 1073 409 1152 ejus
419 1082 591 1153 compotes:
604 1069 720 1152 illeper
734 1069 911 1130 industriam
922 1114 931 1141 ,
944 1069 999 1130 iste
1012 1092 1069 1154 per
1079 1092 1132 1132 na-

72 1191 179 1255 turam,
192 1198 282 1260 pares
290 1177 320 1238 in
337 1196 374 1238 eo
386 1189 454 1238 sunt
464 1195 525 1256 quo
542 1174 708 1236 laudantur.
722 1170 910 1259 Chrysippus
923 1172 1132 1257 apudPlutar-

72 1283 150 1344 mum
169 1307 178 1342 ε
197 1311 212 1336 u
227 1282 348 1344 Virtute
365 1281 513 1362 siquidem
529 1301 591 1342 non
607 1301 751 1362 superare
768 1279 882 1342 Jovem
897 1280 1053 1358 Dionem,
1078 1285 1132 1344 sed

71 1401 96 1447 et
106 1388 258 1468 equaliter
273 1388 370 1470 iuvari
380 1387 510 1449 invicem
523 1385 548 1446 J
550 1406 639 1448 ovem
654 1399 684 1448 et
698 1383 852 1459 Dionem,
868 1407 960 1468 quum
975 1385 1133 1471 Sapientes

72 1493 139 1568 sint,
150 1494 272 1574 qnando
283 1492 360 1554 alter
373 1492 503 1553 alterum
516 1492 634 1578 moveri
644 1491 743 1554 sentit.
756 1519 771 1545 ι»
787 1489 859 1568 (De
870 1489 1033 1554 Commun.
1044 1493 1134 1574 Not.)

71 1597 102 1658 ln
115 1601 222 1662 eodem
234 1599 288 1659 illo
303 1598 498 1667 fundamento
508 1597 574 1660 haec
588 1594 718 1681 Epicteti
731 1599 800 1658 nixa
818 1622 824 1654 :
844 1625 858 1651 ιι
875 1598 966 1680 Quod
982 1603 1020 1662 ad
1037 1603 1134 1664 ratio-

72 1727 134 1768 nem
153 1719 346 1786 mentemque
362 1706 484 1780 attinet,
501 1724 520 1764 o
540 1704 653 1780 homo,
679 1703 774 1765 nihilo
791 1706 923 1766 deterior
939 1721 990 1768 aut
1008 1708 1136 1772 inlerior

71 1811 133 1874 lliis
147 1814 222 1898 ipsis
240 1833 272 1875 es
291 1811 490 1896 :Magnitudo
504 1813 586 1874 enim
597 1810 737 1875 Rationis
751 1833 847 1893 neque
861 1813 1044 1897 longitudine
1053 1818 1135 1896 (sire

7 1987 9 1992 ,
71 1920 287 1997 diuturnitate),
298 1939 395 2001 neque
413 1918 567 1980 altitudine
586 1920 782 2000 dijudicatur,
799 1921 852 1980 sed
868 1920 941 1982 solis
956 1919 1107 1986 Decretis.
1119 1952 1135 1980 ι,

72 2024 208 2104 (Dissert
220 2024 253 2103 l,
266 2045 333 2109 cap.
350 2026 411 2102 ra.)
420 2022 536 2086 Seneca
546 2024 593 2084 his
603 2024 689 2106 paria
703 2049 711 2085 ε
725 2050 740 2078 u
753 2021 879 2085 Solebat
888 2022 1006 2086 Sextius
1016 2027 1136 2105 dicere,

71 2128 177 2193 lovem
202 2130 271 2215 plus
294 2151 356 2191 non
376 2150 487 2212 posse,
509 2149 600 2210 quam
619 2127 741 2190 Bonum
761 2130 871 2191 virum.
893 2127 985 2192 Plura
1012 2130 1137 2216 Jupiter

71 2235 173 2314 habet,
190 2259 256 2320 quae
269 2251 393 2321 praestet
405 2237 579 2300 hominihus
595 2260 603 2297 ε
620 2239 673 2300 sed
689 2238 768 2299 inter
784 2239 859 2300 duos
874 2236 999 2316 Bonos,
1016 2261 1078 2302 non
1094 2257 1140 2305 est
1210 2305 1211 2310 ,

71 2343 192 2416 melior,
211 2343 262 2424 qui
284 2342 482 2426 locupletior:
503 2363 564 2406 non
577 2344 693 2427 magis,
710 2363 802 2425 quam
818 2344 896 2406 inter
917 2347 1009 2423 duos,
1032 2348 1140 2429 quihus

71 2449 256 2529 perscientia
270 2450 396 2532 regendi
417 2448 653 2532 gubernaculum
676 2463 737 2527 est,
758 2450 920 2513 meliorem
939 2453 1065 2530 dixeris,
1089 2456 1139 2517 cui

70 2557 161 2637 majus
177 2555 400 2638 speciosiusque
412 2555 566 2638 namgium
577 2568 632 2617 est.
642 2583 658 2609 ιι
672 2552 972 2638 (Ep.'1.xx111.)Heul
988 2562 1097 2624 radunt
1109 2576 1139 2624 et

70 2661 120 2720 ista
133 2683 218 2724 meas
234 2682 342 2737 aures,
357 2661 471 2733 fateor:
487 2663 540 2724 scd
553 2662 753 2724 insanientem
765 2662 823 2726 hac
834 2678 921 2746 parte
935 2657 1135 2750 Sapientiam,

69 2767 113 2828 rel
130 2770 170 2830 ad
186 2767 311 2830 Senecae
324 2767 424 2830 lucem
434 2768 653 2850 pervideamus.
667 2767 804 2830 Primum
815 2770 922 2852 igitur,
939 2791 1045 2834 eorum
1063 2795 1139 2836 con-

69 2873 214 2951 fessione,
231 2875 393 2936 discrimen
408 2873 497 2936 estin
510 2871 647 2935 Potentia
662 2874 724 2936 sive
738 2871 903 2959 Opulentia
914 2898 921 2933 :
932 2879 1002 2958 quia
1016 2877 1140 2964 Jupiter

67 2992 143 3041 certe
160 2979 230 3062 plus
241 2978 337 3061 pollet
346 2991 513 3061 potestque.
525 2975 680 3055 Alterum,
704 2981 785 3060 quod
795 2993 918 3059 notam,
932 2983 962 3042 in
972 2981 1139 3047 Diutumi-

68 3093 132 3144 tate.
142 3081 282 3146 Seneca:
299 3081 442 3166 «Jupiter
448 3102 508 3164 quo
516 3083 663 3145 antecedit
671 3084 769 3146 virum
777 3082 911 3150 Bonum?
920 3089 1028 3152 diutius
1035 3091 1140 3156 Bonus

68 3201 118 3246 est.
134 3215 151 3241 a
167 3187 265 3267 (lhid.
275 3189 290 3264 )
299 3185 383 3250 Alibi
396 3188 500 3250 idem:
516 3213 534 3244 α
547 3183 651 3250 Bonus
665 3189 729 3272 ipse
740 3235 749 3266 ,
759 3203 897 3274 tempore
911 3207 1026 3258 tantum
1040 3220 1058 3258 a
1070 3197 1140 3264 Deo

66 3293 177 3354 diflert.
194 3321 211 3346 ι»
226 3292 301 3373 (De
318 3290 440 3355 Prorid.
456 3313 522 3376 cap.
541 3301 586 3362 ι.)
604 3293 776 3376 lterumque
794 3295 866 3358 alibi
882 3320 889 3357 ε
909 3327 923 3352 u
942 3297 1069 3384 Sapiens
1090 3304 1140 3363 vi-

67 3398 147 3461 cinus
162 3399 381 3484 proximusque
400 3397 470 3462 Diis
493 3399 646 3475 consistit,
665 3414 787 3484 excepta
806 3404 1009 3479 mortalitate,
1033 3408 1139 3470 similis

66 3505 144 3568 Deo.
164 3535 181 3560 υ
198 3504 273 3586 (De
288 3483 445 3568 Constant.
460 3504 532 3589 Sap.
553 3527 619 3588 cap.
634 3505 687 3584 8.)
703 3503 813 3569 Cicero
828 3509 919 3570 etiam
933 3507 1112 3575 Stoicissans
1129 3541 1137 3576 ε

69 3639 82 3666 ι
98 3611 127 3674 E
141 3613 318 3675 Virtutibus
331 3613 392 3674 vita
405 3613 493 3675 beata
506 3613 637 3688 exsistit,
650 3635 707 3697 par
721 3627 751 3675 et
766 3615 871 3676 similis
882 3615 1039 3696 Deomm,
1056 3621 1140 3683 nullo

65 3741 113 3796 re,
127 3719 188 3782 nisi
203 3718 447 3794 immortalitate,
460 3723 518 3800 qua
529 3718 604 3780 nihil
615 3721 653 3780 ad
666 3719 744 3781 hene
759 3721 920 3782 vivendum
933 3724 1079 3806 pertinet,
1093 3749 1141 3790 ce-

66 3827 137 3888 dens
161 3823 345 3888 caelestibus.
363 3852 378 3878 ι»
396 3821 447 3905 (ΙΙ
461 3821 511 3885 De
527 3821 600 3885 Nat.
616 3821 732 3904 Deor.)
751 3823 876 3886 Fatetur
893 3848 962 3888 ecce
981 3831 1069 3912 (quis
1084 3854 1142 3894 au-

65 3944 125 3994 tem
140 3931 319 4014 ambigui)
340 3932 377 3991 de
397 3928 626 3991 Immortalitate
645 3953 652 3990 :
668 3932 721 3992 sed
737 3944 856 3993 excusat
875 3945 905 3994 et
918 3935 1032 4016 rejicit,
1056 3943 1141 4020 quasi

65 4061 118 4103 uec
131 4041 275 4124 augendo
292 4051 380 4100 esset.
396 4037 441 4098 lta
459 4051 490 4098 et
502 4034 641 4099 Seneca:
661 4065 676 4091 «ι
693 4037 958 4118 Quemadmodum
975 4065 1008 4104 ex
1024 4047 1141 4111 duobus

65 4143 261 4229 sapientibus
275 4147 326 4225 qui
341 4145 443 4206 senior
457 4144 603 4220 decessit,
619 4164 681 4205 non
697 4158 742 4206 est
754 4145 873 4208 beatior
889 4169 946 4222 eo,
964 4154 1047 4234 cujus
1062 4155 1139 4218 intra

63 4273 177 4332 pancos
192 4270 291 4312 annos
304 4249 465 4311 terminata
482 4247 587 4310 Virtus
603 4263 667 4310 est:
683 4251 726 4312 sio
739 4248 825 4312 Deus
838 4273 899 4314 non
915 4255 1005 4320 vincit
1015 4257 1141 4343 Sapien-

65 4369 125 4418 tem
140 4357 309 4434 reuoluto,
326 4355 444 4421 etianni
462 4355 563 4418 vincat
576 4367 672 4418 atate.
694 4382 708 4409 υ
725 4352 798 4438 (Ep.
813 4361 939 4436 uxxttt.)
950 4360 1050 4444 Atque
1068 4366 1141 4430 alibi

201 4461 224 4512 1.
