<?xml version="1.0" encoding="UTF-8"?>
<!DOCTYPE html PUBLIC "-//W3C//DTD XHTML 1.0 Transitional//EN"
    "http://www.w3.org/TR/xhtml1/DTD/xhtml1-transitional.dtd">
<html xmlns="http://www.w3.org/1999/xhtml" xml:lang="en" lang="en">
 <head>
  <title>
</title>
<meta http-equiv="Content-Type" content="text/html;charset=utf-8" />
  <meta name='ocr-system' content='tesseract 3.04.00' />
  <meta name='ocr-capabilities' content='ocr_page ocr_carea ocr_par ocr_line ocrx_word'/>
</head>
<body>
  <div class='ocr_page' id='page_1' title='image "./lannsenecparspr01bouigoog_0379.png"; bbox 0 0 2902 4958; ppageno 0'>
   <div class='ocr_carea' id='block_1_1' title="bbox 317 421 935 493">
    <p class='ocr_par' dir='ltr' id='par_1_1' title="bbox 317 421 935 493">
     <span class='ocr_line' id='line_1_1' title="bbox 317 421 935 493; baseline -0.006 -1"><span class='ocrx_word' id='word_1_1' title='bbox 317 433 377 493; x_wconf 63' lang='lat' dir='ltr'><strong>rito</strong></span> <span class='ocrx_word' id='word_1_2' title='bbox 749 423 815 490; x_wconf 89' lang='lat' dir='ltr'><strong>DE</strong></span> <span class='ocrx_word' id='word_1_3' title='bbox 846 421 935 488; x_wconf 78' lang='lat' dir='ltr'><strong>lllA</strong></span> 
     </span>
    </p>
   </div>
   <div class='ocr_carea' id='block_1_2' title="bbox 267 548 1383 2506">
    <p class='ocr_par' dir='ltr' id='par_1_2' title="bbox 305 548 1383 1457">
     <span class='ocr_line' id='line_1_2' title="bbox 311 548 1382 640; baseline -0.007 -17"><span class='ocrx_word' id='word_1_4' title='bbox 311 573 363 624; x_wconf 86' lang='lat' dir='ltr'><strong>rat</strong></span> <span class='ocrx_word' id='word_1_5' title='bbox 389 555 489 622; x_wconf 88' lang='lat' dir='ltr'><strong>lituos</strong></span> <span class='ocrx_word' id='word_1_6' title='bbox 517 567 552 619; x_wconf 90' lang='lat' dir='ltr'><strong>et</strong></span> <span class='ocrx_word' id='word_1_7' title='bbox 577 549 675 618; x_wconf 82' lang='lat' dir='ltr'><strong>tubas</strong></span> <span class='ocrx_word' id='word_1_8' title='bbox 699 553 944 618; x_wconf 69' lang='lat' dir='ltr'><strong>concitamenta</strong></span> <span class='ocrx_word' id='word_1_9' title='bbox 974 569 1070 632; x_wconf 77' lang='lat' dir='ltr'><strong>esse3</strong></span> <span class='ocrx_word' id='word_1_10' title='bbox 1104 549 1191 616; x_wconf 85' lang='lat' dir='ltr'><strong>sicut</strong></span> <span class='ocrx_word' id='word_1_11' title='bbox 1217 548 1382 640; x_wconf 77' lang='lat' dir='ltr'><strong>quosdam</strong></span> 
     </span>
     <span class='ocr_line' id='line_1_3' title="bbox 309 665 1382 760; baseline -0.007 -20"><span class='ocrx_word' id='word_1_12' title='bbox 309 687 428 740; x_wconf 81' lang='lat' dir='ltr'><strong>centus</strong></span> <span class='ocrx_word' id='word_1_13' title='bbox 449 667 706 750; x_wconf 84' lang='lat' dir='ltr'><strong>blandimento,</strong></span> <span class='ocrx_word' id='word_1_14' title='bbox 732 668 858 760; x_wconf 87' lang='lat' dir='ltr'><strong>quibus</strong></span> <span class='ocrx_word' id='word_1_15' title='bbox 882 689 976 734; x_wconf 88' lang='lat' dir='ltr'><strong>mens</strong></span> <span class='ocrx_word' id='word_1_16' title='bbox 993 665 1202 734; x_wconf 82' lang='lat' dir='ltr'><strong>resolvatur¹</strong></span> <span class='ocrx_word' id='word_1_17' title='bbox 1219 665 1234 732; x_wconf 75' lang='lat' dir='ltr'><strong>i</strong></span> <span class='ocrx_word' id='word_1_18' title='bbox 1252 667 1382 734; x_wconf 81' lang='lat' dir='ltr'><strong>Conlu-</strong></span> 
     </span>
     <span class='ocr_line' id='line_1_4' title="bbox 308 775 1383 878; baseline -0.007 -24"><span class='ocrx_word' id='word_1_19' title='bbox 308 789 378 854; x_wconf 86' lang='lat' dir='ltr'><strong>sis²</strong></span> <span class='ocrx_word' id='word_1_20' title='bbox 397 785 503 854; x_wconf 87' lang='lat' dir='ltr'><strong>oculis</strong></span> <span class='ocrx_word' id='word_1_21' title='bbox 526 799 669 878; x_wconf 87' lang='lat' dir='ltr'><strong>prosunt</strong></span> <span class='ocrx_word' id='word_1_22' title='bbox 693 784 838 851; x_wconf 81' lang='lat' dir='ltr'><strong>virentia</strong></span> <span class='ocrx_word' id='word_1_23' title='bbox 863 807 870 850; x_wconf 75' lang='grc' dir='ltr'><strong>ι</strong></span> <span class='ocrx_word' id='word_1_24' title='bbox 898 796 936 848; x_wconf 90' lang='lat' dir='ltr'><strong>ut</strong></span> <span class='ocrx_word' id='word_1_25' title='bbox 959 777 1162 872; x_wconf 82' lang='lat' dir='ltr'><strong>quibusdum</strong></span> <span class='ocrx_word' id='word_1_26' title='bbox 1188 775 1383 848; x_wconf 78' lang='lat' dir='ltr'><strong>’coloribus</strong></span> 
     </span>
     <span class='ocr_line' id='line_1_5' title="bbox 309 895 1383 992; baseline -0.006 -22"><span class='ocrx_word' id='word_1_27' title='bbox 309 905 445 971; x_wconf 83' lang='lat' dir='ltr'><strong>infirmo</strong></span> <span class='ocrx_word' id='word_1_28' title='bbox 457 903 547 970; x_wconf 84' lang='lat' dir='ltr'><strong>scies</strong></span> <span class='ocrx_word' id='word_1_29' title='bbox 559 901 757 992; x_wconf 76' lang='lat' dir='ltr'>acquiescit,</span> <span class='ocrx_word' id='word_1_30' title='bbox 772 895 996 992; x_wconf 82' lang='lat' dir='ltr'><strong>quorumdam</strong></span> <span class='ocrx_word' id='word_1_31' title='bbox 1009 895 1191 989; x_wconf 75' lang='lat' dir='ltr'><strong>splendore</strong></span> <span class='ocrx_word' id='word_1_32' title='bbox 1204 901 1383 988; x_wconf 68' lang='lat' dir='ltr'><strong>praestrin-</strong></span> 
     </span>
     <span class='ocr_line' id='line_1_6' title="bbox 310 1013 1378 1114; baseline -0.007 -26"><span class='ocrx_word' id='word_1_33' title='bbox 310 1022 402 1114; x_wconf 75' lang='lat' dir='ltr'><strong>gitur</strong></span> <span class='ocrx_word' id='word_1_34' title='bbox 419 1045 426 1086; x_wconf 90' lang='lat'><strong>:</strong></span> <span class='ocrx_word' id='word_1_35' title='bbox 444 1019 493 1088; x_wconf 87' lang='lat' dir='ltr'><strong>sic</strong></span> <span class='ocrx_word' id='word_1_36' title='bbox 504 1032 637 1086; x_wconf 78' lang='lat' dir='ltr'><strong>mentes</strong></span> <span class='ocrx_word' id='word_1_37' title='bbox 653 1039 761 1110; x_wconf 80' lang='lat' dir='ltr'><strong>aegrss</strong></span> <span class='ocrx_word' id='word_1_38' title='bbox 774 1013 887 1084; x_wconf 87' lang='lat' dir='ltr'><strong>stu&#39;dis</strong></span> <span class='ocrx_word' id='word_1_39' title='bbox 901 1015 976 1082; x_wconf 83' lang='lat' dir='ltr'><strong>laeta</strong></span> <span class='ocrx_word' id='word_1_40' title='bbox 989 1014 1215 1106; x_wconf 87' lang='lat' dir='ltr'><strong>permulcent.</strong></span> <span class='ocrx_word' id='word_1_41' title='bbox 1233 1015 1378 1096; x_wconf 80' lang='lat' dir='ltr'><strong>Fomm,</strong></span> 
     </span>
     <span class='ocr_line' id='line_1_7' title="bbox 307 1128 1380 1235; baseline -0.006 -29"><span class='ocrx_word' id='word_1_42' title='bbox 307 1136 564 1216; x_wconf 74' lang='lat' dir='ltr'><strong>advocationes,</strong></span> <span class='ocrx_word' id='word_1_43' title='bbox 583 1132 734 1226; x_wconf 85' lang='lat' dir='ltr'><strong>judicis,</strong></span> <span class='ocrx_word' id='word_1_44' title='bbox 758 1134 878 1225; x_wconf 81' lang='lat' dir='ltr'><strong>lugere</strong></span> <span class='ocrx_word' id='word_1_45' title='bbox 899 1128 1083 1212; x_wconf 88' lang='lat' dir='ltr'><strong>debemus,</strong></span> <span class='ocrx_word' id='word_1_46' title='bbox 1110 1147 1145 1235; x_wconf 80' lang='lat' dir='ltr'><strong>et</strong></span> <span class='ocrx_word' id='word_1_47' title='bbox 1165 1134 1281 1201; x_wconf 85' lang='lat' dir='ltr'><strong>omnis</strong></span> <span class='ocrx_word' id='word_1_48' title='bbox 1304 1157 1380 1225; x_wconf 83' lang='lat' dir='ltr'><strong>quae</strong></span> 
     </span>
     <span class='ocr_line' id='line_1_8' title="bbox 307 1240 1381 1340; baseline -0.007 -19"><span class='ocrx_word' id='word_1_49' title='bbox 307 1253 505 1320; x_wconf 72' lang='lat' dir='ltr'><strong>exulcerant</strong></span> <span class='ocrx_word' id='word_1_50' title='bbox 523 1249 665 1329; x_wconf 89' lang='lat' dir='ltr'><strong>vitium,</strong></span> <span class='ocrx_word' id='word_1_51' title='bbox 687 1271 785 1340; x_wconf 73' lang='lat' dir='ltr'><strong>aeque</strong></span> <span class='ocrx_word' id='word_1_52' title='bbox 802 1269 924 1315; x_wconf 82' lang='lat' dir='ltr'><strong>cavere</strong></span> <span class='ocrx_word' id='word_1_53' title='bbox 944 1243 1177 1312; x_wconf 76' lang='lat' dir='ltr'><strong>lassitudinem</strong></span> <span class='ocrx_word' id='word_1_54' title='bbox 1199 1250 1352 1339; x_wconf 85' lang='lat' dir='ltr'><strong>corporis</strong></span> <span class='ocrx_word' id='word_1_55' title='bbox 1368 1240 1381 1328; x_wconf 71' lang='grc' dir='ltr'><strong>ς’</strong></span> 
     </span>
     <span class='ocr_line' id='line_1_9' title="bbox 305 1359 1377 1457; baseline -0.006 -21"><span class='ocrx_word' id='word_1_56' title='bbox 305 1367 474 1436; x_wconf 75' lang='lat' dir='ltr'><strong>consumit</strong></span> <span class='ocrx_word' id='word_1_57' title='bbox 484 1365 575 1434; x_wconf 89' lang='lat' dir='ltr'><strong>enim</strong></span> <span class='ocrx_word' id='word_1_58' title='bbox 590 1415 599 1446; x_wconf 85' lang='lat'><strong>‚</strong></span> <span class='ocrx_word' id='word_1_59' title='bbox 617 1361 785 1457; x_wconf 89' lang='lat' dir='ltr'><strong>quidquid</strong></span> <span class='ocrx_word' id='word_1_60' title='bbox 799 1364 836 1430; x_wconf 91' lang='lat' dir='ltr'><strong>in</strong></span> <span class='ocrx_word' id='word_1_61' title='bbox 850 1361 948 1430; x_wconf 87' lang='lat' dir='ltr'><strong>nobis</strong></span> <span class='ocrx_word' id='word_1_62' title='bbox 963 1362 1044 1430; x_wconf 85' lang='lat' dir='ltr'><strong>mite</strong></span> <span class='ocrx_word' id='word_1_63' title='bbox 1057 1359 1299 1454; x_wconf 81' lang='lat' dir='ltr'><strong>placidumque</strong></span> <span class='ocrx_word' id='word_1_64' title='bbox 1311 1380 1377 1444; x_wconf 88' lang='lat' dir='ltr'><strong>est,</strong></span> 
     </span>
    </p>

    <p class='ocr_par' dir='ltr' id='par_1_3' title="bbox 267 1471 1380 2506">
     <span class='ocr_line' id='line_1_10' title="bbox 267 1471 1377 1570; baseline -0.006 -21"><span class='ocrx_word' id='word_1_65' title='bbox 267 1489 284 1540; x_wconf 82' lang='lat'>³</span> <span class='ocrx_word' id='word_1_66' title='bbox 308 1498 342 1548; x_wconf 89' lang='lat' dir='ltr'><strong>et</strong></span> <span class='ocrx_word' id='word_1_67' title='bbox 358 1482 450 1548; x_wconf 85' lang='lat' dir='ltr'><strong>acris</strong></span> <span class='ocrx_word' id='word_1_68' title='bbox 468 1479 625 1547; x_wconf 85' lang='lat' dir='ltr'><strong>eoncitat.</strong></span> <span class='ocrx_word' id='word_1_69' title='bbox 649 1476 729 1545; x_wconf 89' lang='lat' dir='ltr'><strong>Ideo</strong></span> <span class='ocrx_word' id='word_1_70' title='bbox 745 1477 870 1570; x_wconf 83' lang='lat' dir='ltr'><strong>quibos</strong></span> <span class='ocrx_word' id='word_1_71' title='bbox 883 1475 1075 1544; x_wconf 85' lang='lat' dir='ltr'><strong>stomachus</strong></span> <span class='ocrx_word' id='word_1_72' title='bbox 1093 1492 1268 1568; x_wconf 83' lang='lat' dir='ltr'><strong>suspectus</strong></span> <span class='ocrx_word' id='word_1_73' title='bbox 1288 1471 1377 1554; x_wconf 62' lang='lat' dir='ltr'><strong>‘esu</strong></span> 
     </span>
     <span class='ocr_line' id='line_1_11' title="bbox 308 1591 1379 1690; baseline -0.005 -25"><span class='ocrx_word' id='word_1_74' title='bbox 308 1595 498 1690; x_wconf 72' lang='lat' dir='ltr'><strong>processuri</strong></span> <span class='ocrx_word' id='word_1_75' title='bbox 525 1593 569 1662; x_wconf 89' lang='lat' dir='ltr'><strong>sd</strong></span> <span class='ocrx_word' id='word_1_76' title='bbox 594 1617 649 1662; x_wconf 90' lang='lat' dir='ltr'><strong>res</strong></span> <span class='ocrx_word' id='word_1_77' title='bbox 667 1593 817 1686; x_wconf 79' lang='lat' dir='ltr'><strong>agendos</strong></span> <span class='ocrx_word' id='word_1_78' title='bbox 840 1593 978 1684; x_wconf 85' lang='lat' dir='ltr'><strong>majoris</strong></span> <span class='ocrx_word' id='word_1_79' title='bbox 1002 1592 1153 1684; x_wconf 80' lang='lat' dir='ltr'><strong>negotii,</strong></span> <span class='ocrx_word' id='word_1_80' title='bbox 1175 1591 1279 1660; x_wconf 90' lang='lat' dir='ltr'><strong>bilem</strong></span> <span class='ocrx_word' id='word_1_81' title='bbox 1301 1593 1379 1660; x_wconf 88' lang='lat' dir='ltr'><strong>cibo</strong></span> 
     </span>
     <span class='ocr_line' id='line_1_12' title="bbox 309 1709 1380 1804; baseline -0.001 -25"><span class='ocrx_word' id='word_1_82' title='bbox 309 1727 518 1804; x_wconf 84' lang='lat' dir='ltr'><strong>temperant,</strong></span> <span class='ocrx_word' id='word_1_83' title='bbox 538 1733 640 1802; x_wconf 85' lang='lat' dir='ltr'><strong>quam</strong></span> <span class='ocrx_word' id='word_1_84' title='bbox 659 1709 802 1778; x_wconf 80' lang='lat' dir='ltr'><strong>maxime</strong></span> <span class='ocrx_word' id='word_1_85' title='bbox 821 1722 932 1776; x_wconf 89' lang='lat' dir='ltr'><strong>movet</strong></span> <span class='ocrx_word' id='word_1_86' title='bbox 950 1709 1126 1801; x_wconf 76' lang='lat' dir='ltr'><strong>fatigatio,</strong></span> <span class='ocrx_word' id='word_1_87' title='bbox 1144 1709 1214 1776; x_wconf 83' lang='lat' dir='ltr'><strong>sive</strong></span> <span class='ocrx_word' id='word_1_88' title='bbox 1227 1709 1309 1801; x_wconf 86' lang='lat' dir='ltr'><strong>quia</strong></span> <span class='ocrx_word' id='word_1_89' title='bbox 1321 1733 1380 1778; x_wconf 88' lang='lat' dir='ltr'><strong>cs-</strong></span> 
     </span>
     <span class='ocr_line' id='line_1_13' title="bbox 307 1825 1379 1919; baseline 0 -25"><span class='ocrx_word' id='word_1_90' title='bbox 307 1829 412 1897; x_wconf 86' lang='lat' dir='ltr'><strong>lorem</strong></span> <span class='ocrx_word' id='word_1_91' title='bbox 435 1825 550 1896; x_wconf 83' lang='lat' dir='ltr'><strong>inedia</strong></span> <span class='ocrx_word' id='word_1_92' title='bbox 575 1825 767 1918; x_wconf 82' lang='lat' dir='ltr'><strong>compellit,</strong></span> <span class='ocrx_word' id='word_1_93' title='bbox 789 1841 824 1892; x_wconf 90' lang='lat' dir='ltr'><strong>et</strong></span> <span class='ocrx_word' id='word_1_94' title='bbox 844 1840 945 1892; x_wconf 87' lang='lat' dir='ltr'><strong>nocet</strong></span> <span class='ocrx_word' id='word_1_95' title='bbox 964 1825 1148 1918; x_wconf 77' lang='lat' dir='ltr'><strong>sanguini,</strong></span> <span class='ocrx_word' id='word_1_96' title='bbox 1172 1849 1379 1919; x_wconf 86' lang='lat' dir='ltr'><strong>cursumque</strong></span> 
     </span>
     <span class='ocr_line' id='line_1_14' title="bbox 307 1937 1378 2039; baseline -0.001 -25"><span class='ocrx_word' id='word_1_97' title='bbox 307 1947 404 2039; x_wconf 85' lang='lat' dir='ltr'><strong>ejus,</strong></span> <span class='ocrx_word' id='word_1_98' title='bbox 424 1947 520 2014; x_wconf 88' lang='lat' dir='ltr'><strong>venis</strong></span> <span class='ocrx_word' id='word_1_99' title='bbox 539 1943 771 2012; x_wconf 80' lang='lat' dir='ltr'><strong>laborantibus</strong></span> <span class='ocrx_word' id='word_1_100' title='bbox 784 1937 811 2026; x_wconf 84' lang='lat'><strong>⁵,</strong></span> <span class='ocrx_word' id='word_1_101' title='bbox 832 1944 919 2011; x_wconf 84' lang='lat' dir='ltr'><strong>sistit</strong></span> <span class='ocrx_word' id='word_1_102' title='bbox 936 1969 943 2008; x_wconf 92' lang='lat'>:</span> <span class='ocrx_word' id='word_1_103' title='bbox 959 1943 1029 2012; x_wconf 78' lang='lat' dir='ltr'><strong>siae</strong></span> <span class='ocrx_word' id='word_1_104' title='bbox 1048 1945 1129 2036; x_wconf 89' lang='lat' dir='ltr'><strong>quis</strong></span> <span class='ocrx_word' id='word_1_105' title='bbox 1148 1965 1272 2037; x_wconf 87' lang='lat' dir='ltr'><strong>corpus</strong></span> <span class='ocrx_word' id='word_1_106' title='bbox 1290 1963 1378 2013; x_wconf 81' lang='lat' dir='ltr'><strong>atte-</strong></span> 
     </span>
     <span class='ocr_line' id='line_1_15' title="bbox 305 2056 1375 2132; baseline 0.001 -2"><span class='ocrx_word' id='word_1_107' title='bbox 305 2077 445 2132; x_wconf 86' lang='lat' dir='ltr'><strong>nuatum</strong></span> <span class='ocrx_word' id='word_1_108' title='bbox 460 2077 494 2129; x_wconf 83' lang='lat' dir='ltr'><strong>et</strong></span> <span class='ocrx_word' id='word_1_109' title='bbox 507 2061 680 2128; x_wconf 85' lang='lat' dir='ltr'><strong>infirmum</strong></span> <span class='ocrx_word' id='word_1_110' title='bbox 692 2056 883 2128; x_wconf 82' lang='lat' dir='ltr'><strong>inoumbit⁶</strong></span> <span class='ocrx_word' id='word_1_111' title='bbox 896 2061 1008 2128; x_wconf 88' lang='lat' dir='ltr'><strong>animo</strong></span> <span class='ocrx_word' id='word_1_112' title='bbox 1027 2087 1035 2126; x_wconf 92' lang='lat'>:</span> <span class='ocrx_word' id='word_1_113' title='bbox 1054 2076 1147 2129; x_wconf 88' lang='lat' dir='ltr'><strong>certe</strong></span> <span class='ocrx_word' id='word_1_114' title='bbox 1160 2061 1205 2128; x_wconf 90' lang='lat' dir='ltr'><strong>ob</strong></span> <span class='ocrx_word' id='word_1_115' title='bbox 1221 2062 1375 2131; x_wconf 80' lang='lat' dir='ltr'><strong>eamdem</strong></span> 
     </span>
     <span class='ocr_line' id='line_1_16' title="bbox 305 2174 1374 2248; baseline 0 0"><span class='ocrx_word' id='word_1_116' title='bbox 305 2203 439 2248; x_wconf 86' lang='lat' dir='ltr'><strong>causam</strong></span> <span class='ocrx_word' id='word_1_117' title='bbox 463 2174 696 2245; x_wconf 80' lang='lat' dir='ltr'><strong>iracundiores</strong></span> <span class='ocrx_word' id='word_1_118' title='bbox 715 2193 802 2245; x_wconf 80' lang='lat' dir='ltr'><strong>sunt</strong></span> <span class='ocrx_word' id='word_1_119' title='bbox 827 2177 1046 2246; x_wconf 82' lang='lat' dir='ltr'><strong>valetudine⁷</strong></span> <span class='ocrx_word' id='word_1_120' title='bbox 1072 2193 1133 2245; x_wconf 89' lang='lat' dir='ltr'><strong>sut</strong></span> <span class='ocrx_word' id='word_1_121' title='bbox 1157 2193 1257 2246; x_wconf 82' lang='lat' dir='ltr'><strong>aetste</strong></span> <span class='ocrx_word' id='word_1_122' title='bbox 1282 2181 1374 2248; x_wconf 87' lang='lat' dir='ltr'><strong>fessi.</strong></span> 
     </span>
     <span class='ocr_line' id='line_1_17' title="bbox 306 2294 1376 2388; baseline -0.001 -22"><span class='ocrx_word' id='word_1_123' title='bbox 306 2299 426 2366; x_wconf 81' lang='lat' dir='ltr'><strong>Fames</strong></span> <span class='ocrx_word' id='word_1_124' title='bbox 444 2317 582 2388; x_wconf 90' lang='lat' dir='ltr'><strong>quoque</strong></span> <span class='ocrx_word' id='word_1_125' title='bbox 602 2310 636 2362; x_wconf 85' lang='lat' dir='ltr'><strong>ct</strong></span> <span class='ocrx_word' id='word_1_126' title='bbox 657 2295 750 2376; x_wconf 88' lang='lat' dir='ltr'><strong>sitis,</strong></span> <span class='ocrx_word' id='word_1_127' title='bbox 773 2317 813 2362; x_wconf 82' lang='lat' dir='ltr'><strong>ex</strong></span> <span class='ocrx_word' id='word_1_128' title='bbox 835 2294 964 2362; x_wconf 87' lang='lat' dir='ltr'><strong>eisdem</strong></span> <span class='ocrx_word' id='word_1_129' title='bbox 984 2297 1114 2377; x_wconf 85' lang='lat' dir='ltr'><strong>causis,</strong></span> <span class='ocrx_word' id='word_1_130' title='bbox 1141 2295 1280 2365; x_wconf 78' lang='lat' dir='ltr'><strong>vitanda</strong></span> <span class='ocrx_word' id='word_1_131' title='bbox 1297 2317 1376 2367; x_wconf 83' lang='lat' dir='ltr'><strong>est:</strong></span> 
     </span>
     <span class='ocr_line' id='line_1_18' title="bbox 306 2409 867 2506; baseline -0.004 -26"><span class='ocrx_word' id='word_1_132' title='bbox 306 2426 536 2506; x_wconf 72' lang='lat' dir='ltr'><strong>exasperaret</strong></span> <span class='ocrx_word' id='word_1_133' title='bbox 554 2409 708 2478; x_wconf 89' lang='lat' dir='ltr'><strong>incendit</strong></span> <span class='ocrx_word' id='word_1_134' title='bbox 724 2411 867 2480; x_wconf 82' lang='lat' dir='ltr'><strong>animos.</strong></span> 
     </span>
    </p>
   </div>
   <div class='ocr_carea' id='block_1_3' title="bbox 354 2521 1379 2623">
    <p class='ocr_par' dir='ltr' id='par_1_4' title="bbox 354 2521 1379 2623">
     <span class='ocr_line' id='line_1_19' title="bbox 354 2521 1379 2623; baseline 0.002 -25"><span class='ocrx_word' id='word_1_135' title='bbox 354 2533 402 2598; x_wconf 85' lang='lat' dir='ltr'><strong>X.</strong></span> <span class='ocrx_word' id='word_1_136' title='bbox 429 2531 533 2594; x_wconf 86' lang='lat' dir='ltr'><strong>Vetus</strong></span> <span class='ocrx_word' id='word_1_137' title='bbox 560 2523 686 2594; x_wconf 88' lang='lat' dir='ltr'><strong>dictum</strong></span> <span class='ocrx_word' id='word_1_138' title='bbox 713 2521 790 2592; x_wconf 83' lang='lat' dir='ltr'><strong>est⁸</strong></span> <span class='ocrx_word' id='word_1_139' title='bbox 811 2553 818 2592; x_wconf 93' lang='lat'>:</span> <span class='ocrx_word' id='word_1_140' title='bbox 840 2553 860 2596; x_wconf 84' lang='lat' dir='ltr'><strong>a</strong></span> <span class='ocrx_word' id='word_1_141' title='bbox 886 2529 973 2598; x_wconf 85' lang='lat' dir='ltr'><strong>lasso</strong></span> <span class='ocrx_word' id='word_1_142' title='bbox 996 2533 1102 2598; x_wconf 81' lang='lat' dir='ltr'><strong>rixam</strong></span> <span class='ocrx_word' id='word_1_143' title='bbox 1127 2533 1379 2623; x_wconf 73' lang='lat' dir='ltr'><strong>quaeri31eque</strong></span> 
     </span>
    </p>
   </div>
   <div class='ocr_carea' id='block_1_4' title="bbox 300 2715 1379 4286">
    <p class='ocr_par' dir='ltr' id='par_1_5' title="bbox 305 2715 1379 2948">
     <span class='ocr_line' id='line_1_20' title="bbox 342 2715 1377 2792; baseline -0.005 -18"><span class='ocrx_word' id='word_1_144' title='bbox 342 2741 362 2774; x_wconf 87' lang='grc' dir='ltr'><strong>ι.</strong></span> <span class='ocrx_word' id='word_1_145' title='bbox 376 2722 539 2774; x_wconf 66' lang='grc' dir='ltr'><strong>Μυσίην.</strong></span> <span class='ocrx_word' id='word_1_146' title='bbox 551 2715 607 2768; x_wconf 82' lang='lat' dir='ltr'><strong>lloc</strong></span> <span class='ocrx_word' id='word_1_147' title='bbox 624 2727 661 2766; x_wconf 80' lang='lat' dir='ltr'><strong>eat</strong></span> <span class='ocrx_word' id='word_1_148' title='bbox 676 2715 815 2780; x_wconf 68' lang='lat' dir='ltr'><strong>minamur,</strong></span> <span class='ocrx_word' id='word_1_149' title='bbox 865 2723 920 2769; x_wconf 81' lang='lat' dir='ltr'><strong>carn</strong></span> <span class='ocrx_word' id='word_1_150' title='bbox 933 2721 943 2784; x_wconf 92' lang='lat'>(</span> <span class='ocrx_word' id='word_1_151' title='bbox 955 2719 1092 2791; x_wconf 72' lang='lat' dir='ltr'><strong>lipsieap.</strong></span> <span class='ocrx_word' id='word_1_152' title='bbox 1104 2719 1273 2771; x_wconf 69' lang='lat' dir='ltr'><strong>Schwielert.</strong></span> <span class='ocrx_word' id='word_1_153' title='bbox 1284 2725 1377 2792; x_wconf 67' lang='lat'><strong>1794),</strong></span> 
     </span>
     <span class='ocr_line' id='line_1_21' title="bbox 305 2793 1279 2866; baseline -0.008 -13"><span class='ocrx_word' id='word_1_154' title='bbox 305 2819 319 2852; x_wconf 86' lang='lat' dir='ltr'><strong>a</strong></span> <span class='ocrx_word' id='word_1_155' title='bbox 337 2799 416 2852; x_wconf 81' lang='lat' dir='ltr'><strong>nimia</strong></span> <span class='ocrx_word' id='word_1_156' title='bbox 429 2795 593 2850; x_wconf 82' lang='lat' dir='ltr'><strong>contentione</strong></span> <span class='ocrx_word' id='word_1_157' title='bbox 604 2805 628 2844; x_wconf 89' lang='lat' dir='ltr'><strong>et</strong></span> <span class='ocrx_word' id='word_1_158' title='bbox 640 2793 667 2844; x_wconf 85' lang='lat' dir='ltr'><strong>in</strong></span> <span class='ocrx_word' id='word_1_159' title='bbox 682 2811 706 2843; x_wconf 83' lang='lat' dir='ltr'><strong>ae</strong></span> <span class='ocrx_word' id='word_1_160' title='bbox 719 2811 815 2846; x_wconf 83' lang='lat' dir='ltr'><strong>recum·</strong></span> <span class='ocrx_word' id='word_1_161' title='bbox 865 2811 922 2864; x_wconf 75' lang='lat' dir='ltr'><strong>que</strong></span> <span class='ocrx_word' id='word_1_162' title='bbox 931 2795 957 2846; x_wconf 84' lang='lat' dir='ltr'><strong>h.</strong></span> <span class='ocrx_word' id='word_1_163' title='bbox 967 2795 984 2847; x_wconf 92' lang='lat' dir='ltr'><strong>l.</strong></span> <span class='ocrx_word' id='word_1_164' title='bbox 993 2813 1068 2866; x_wconf 86' lang='lat' dir='ltr'><strong>qnam</strong></span> <span class='ocrx_word' id='word_1_165' title='bbox 1077 2794 1185 2847; x_wconf 79' lang='lat' dir='ltr'><strong>maxime</strong></span> <span class='ocrx_word' id='word_1_166' title='bbox 1196 2796 1279 2866; x_wconf 74' lang='lat' dir='ltr'><strong>friget</strong></span> 
     </span>
     <span class='ocr_line' id='line_1_22' title="bbox 306 2873 1379 2948; baseline -0.005 -18"><span class='ocrx_word' id='word_1_167' title='bbox 306 2880 366 2932; x_wconf 88' lang='lat' dir='ltr'><strong>bens</strong></span> <span class='ocrx_word' id='word_1_168' title='bbox 379 2877 527 2948; x_wconf 73' lang='lat' dir='ltr'><strong>acquiescat.</strong></span> <span class='ocrx_word' id='word_1_169' title='bbox 900 2876 923 2936; x_wconf 75' lang='grc'><strong>4.</strong></span> <span class='ocrx_word' id='word_1_170' title='bbox 948 2875 1050 2943; x_wconf 80' lang='lat' dir='ltr'><strong>Quibus</strong></span> <span class='ocrx_word' id='word_1_171' title='bbox 1075 2873 1224 2927; x_wconf 70' lang='lat' dir='ltr'><strong>:eumelus</strong></span> <span class='ocrx_word' id='word_1_172' title='bbox 1246 2885 1379 2940; x_wconf 64' lang='lat' dir='ltr'><strong>susm</strong></span> 
     </span>
    </p>

    <p class='ocr_par' dir='ltr' id='par_1_6' title="bbox 300 2947 1379 3736">
     <span class='ocr_line' id='line_1_23' title="bbox 338 2947 1377 3024; baseline -0.011 -11"><span class='ocrx_word' id='word_1_173' title='bbox 338 2977 362 3008; x_wconf 79' lang='lat' dir='ltr'><strong>a.</strong></span> <span class='ocrx_word' id='word_1_174' title='bbox 382 2953 511 3024; x_wconf 69' lang='lat' dir='ltr'><strong>consueta,</strong></span> <span class='ocrx_word' id='word_1_175' title='bbox 529 2951 582 3018; x_wconf 81' lang='lat' dir='ltr'><strong>Qui</strong></span> <span class='ocrx_word' id='word_1_176' title='bbox 598 2947 664 3002; x_wconf 81' lang='lat' dir='ltr'><strong>nihil</strong></span> <span class='ocrx_word' id='word_1_177' title='bbox 676 2948 817 3018; x_wconf 65' lang='lat' dir='ltr'><strong>adspiciam</strong></span> <span class='ocrx_word' id='word_1_178' title='bbox 865 2965 911 3006; x_wconf 81' lang='lat' dir='ltr'><strong>est.</strong></span> <span class='ocrx_word' id='word_1_179' title='bbox 924 2953 977 3020; x_wconf 82' lang='lat' dir='ltr'><strong>Qui</strong></span> <span class='ocrx_word' id='word_1_180' title='bbox 988 2949 1089 3006; x_wconf 68' lang='lat' dir='ltr'><strong>infirmo</strong></span> <span class='ocrx_word' id='word_1_181' title='bbox 1103 2951 1232 3004; x_wconf 70' lang='lat' dir='ltr'><strong>madio</strong></span> <span class='ocrx_word' id='word_1_182' title='bbox 1246 2951 1377 3014; x_wconf 73' lang='lat' dir='ltr'><strong>tabor-t,</strong></span> 
     </span>
     <span class='ocr_line' id='line_1_24' title="bbox 305 3029 1379 3102; baseline -0.008 -14"><span class='ocrx_word' id='word_1_183' title='bbox 305 3035 355 3090; x_wconf 85' lang='lat' dir='ltr'><strong>nisi</strong></span> <span class='ocrx_word' id='word_1_184' title='bbox 381 3031 557 3087; x_wconf 84' lang='lat' dir='ltr'><strong>conturbatum</strong></span> <span class='ocrx_word' id='word_1_185' title='bbox 576 3043 651 3101; x_wconf 76' lang='lat' dir='ltr'><strong>atque</strong></span> <span class='ocrx_word' id='word_1_186' title='bbox 671 3031 813 3082; x_wconf 76' lang='lat' dir='ltr'><strong>confusum.</strong></span> <span class='ocrx_word' id='word_1_187' title='bbox 866 3030 942 3082; x_wconf 85' lang='lat' dir='ltr'><strong>edant</strong></span> <span class='ocrx_word' id='word_1_188' title='bbox 951 3030 1065 3101; x_wconf 79' lang='lat' dir='ltr'><strong>aliquid,</strong></span> <span class='ocrx_word' id='word_1_189' title='bbox 1077 3041 1214 3101; x_wconf 82' lang='lat' dir='ltr'><strong>antequam</strong></span> <span class='ocrx_word' id='word_1_190' title='bbox 1228 3029 1260 3081; x_wconf 88' lang='lat' dir='ltr'><strong>ad</strong></span> <span class='ocrx_word' id='word_1_191' title='bbox 1272 3049 1379 3102; x_wconf 76' lang='lat' dir='ltr'><strong>respa-o-</strong></span> 
     </span>
     <span class='ocr_line' id='line_1_25' title="bbox 305 3107 1376 3182; baseline -0.009 -13"><span class='ocrx_word' id='word_1_192' title='bbox 305 3115 398 3170; x_wconf 69' lang='lat' dir='ltr'><strong>Gallie.</strong></span> <span class='ocrx_word' id='word_1_193' title='bbox 411 3117 460 3182; x_wconf 71' lang='lat' dir='ltr'><strong>qut&#39;</strong></span> <span class='ocrx_word' id='word_1_194' title='bbox 469 3116 555 3165; x_wconf 77' lang='lat' dir='ltr'><strong>uolent</strong></span> <span class='ocrx_word' id='word_1_195' title='bbox 564 3109 669 3163; x_wconf 75' lang='lat' dir='ltr'><strong>multe.</strong></span> <span class='ocrx_word' id='word_1_196' title='bbox 687 3109 818 3179; x_wconf 71' lang='lat' dir='ltr'><strong>Coty&#39;uudt&#39;</strong></span> <span class='ocrx_word' id='word_1_197' title='bbox 865 3109 971 3170; x_wconf 81' lang='lat' dir='ltr'><strong>cedant,</strong></span> <span class='ocrx_word' id='word_1_198' title='bbox 983 3107 1091 3162; x_wconf 81' lang='lat' dir='ltr'><strong>multum</strong></span> <span class='ocrx_word' id='word_1_199' title='bbox 1108 3107 1200 3162; x_wconf 84' lang='lat' dir='ltr'><strong>laboris</strong></span> <span class='ocrx_word' id='word_1_200' title='bbox 1212 3108 1376 3180; x_wconf 62' lang='lat' dir='ltr'><strong>paturientes,</strong></span> 
     </span>
     <span class='ocr_line' id='line_1_26' title="bbox 304 3185 1376 3266; baseline -0.013 -16"><span class='ocrx_word' id='word_1_201' title='bbox 304 3197 389 3258; x_wconf 81' lang='lat' dir='ltr'><strong>enim,</strong></span> <span class='ocrx_word' id='word_1_202' title='bbox 403 3199 451 3260; x_wconf 89' lang='lat' dir='ltr'><strong>(ut</strong></span> <span class='ocrx_word' id='word_1_203' title='bbox 463 3193 529 3266; x_wconf 83' lang='lat' dir='ltr'><strong>apud</strong></span> <span class='ocrx_word' id='word_1_204' title='bbox 545 3190 649 3244; x_wconf 74' lang='lat' dir='ltr'><strong>Grecos</strong></span> <span class='ocrx_word' id='word_1_205' title='bbox 663 3190 814 3258; x_wconf 66' lang='grc' dir='ltr'><strong>χριίνισθω)</strong></span> <span class='ocrx_word' id='word_1_206' title='bbox 864 3200 892 3240; x_wconf 92' lang='lat' dir='ltr'><strong>ut</strong></span> <span class='ocrx_word' id='word_1_207' title='bbox 915 3187 973 3240; x_wconf 81' lang='lat' dir='ltr'><strong>bilis</strong></span> <span class='ocrx_word' id='word_1_208' title='bbox 997 3185 1145 3258; x_wconf 76' lang='lat' dir='ltr'><strong>fatigatione</strong></span> <span class='ocrx_word' id='word_1_209' title='bbox 1172 3185 1276 3238; x_wconf 77' lang='lat' dir='ltr'><strong>excitata</strong></span> <span class='ocrx_word' id='word_1_210' title='bbox 1299 3185 1376 3258; x_wconf 73' lang='lat' dir='ltr'><strong>inque</strong></span> 
     </span>
     <span class='ocr_line' id='line_1_27' title="bbox 304 3262 1376 3340; baseline -0.013 -10"><span class='ocrx_word' id='word_1_211' title='bbox 304 3275 424 3330; x_wconf 84' lang='lat' dir='ltr'><strong>derebus</strong></span> <span class='ocrx_word' id='word_1_212' title='bbox 439 3271 523 3324; x_wconf 76' lang='lat' dir='ltr'><strong>mistis</strong></span> <span class='ocrx_word' id='word_1_213' title='bbox 534 3270 642 3340; x_wconf 83' lang='lat' dir='ltr'><strong>ideoque</strong></span> <span class='ocrx_word' id='word_1_214' title='bbox 654 3267 813 3340; x_wconf 78' lang='lat' dir='ltr'><strong>corruptisin</strong></span> <span class='ocrx_word' id='word_1_215' title='bbox 863 3263 1020 3318; x_wconf 82' lang='lat' dir='ltr'><strong>stomachum</strong></span> <span class='ocrx_word' id='word_1_216' title='bbox 1055 3263 1133 3314; x_wconf 72' lang='lat' dir='ltr'><strong>ellum</strong></span> <span class='ocrx_word' id='word_1_217' title='bbox 1158 3262 1249 3316; x_wconf 83' lang='lat' dir='ltr'><strong>habeat</strong></span> <span class='ocrx_word' id='word_1_218' title='bbox 1275 3263 1301 3315; x_wconf 80' lang='lat' dir='ltr'><strong>in</strong></span> <span class='ocrx_word' id='word_1_219' title='bbox 1324 3285 1376 3334; x_wconf 87' lang='lat' dir='ltr'><strong>quo</strong></span> 
     </span>
     <span class='ocr_line' id='line_1_28' title="bbox 303 3344 1129 3416; baseline -0.019 -8"><span class='ocrx_word' id='word_1_220' title='bbox 303 3375 350 3408; x_wconf 84' lang='lat' dir='ltr'><strong>usu</strong></span> <span class='ocrx_word' id='word_1_221' title='bbox 359 3365 445 3406; x_wconf 71' lang='lat' dir='ltr'><strong>erat...</strong></span> <span class='ocrx_word' id='word_1_222' title='bbox 456 3353 487 3402; x_wconf 89' lang='lat' dir='ltr'><em>V</em></span> <span class='ocrx_word' id='word_1_223' title='bbox 484 3350 578 3402; x_wconf 70' lang='lat' dir='ltr'><strong>imita</strong></span> <span class='ocrx_word' id='word_1_224' title='bbox 586 3387 594 3412; x_wconf 87' lang='lat'>‚</span> <span class='ocrx_word' id='word_1_225' title='bbox 603 3347 620 3398; x_wconf 91' lang='lat' dir='ltr'><strong>i.</strong></span> <span class='ocrx_word' id='word_1_226' title='bbox 631 3367 653 3398; x_wconf 80' lang='lat' dir='ltr'><strong>e.</strong></span> <span class='ocrx_word' id='word_1_227' title='bbox 661 3363 736 3397; x_wconf 81' lang='lat' dir='ltr'><strong>omne</strong></span> <span class='ocrx_word' id='word_1_228' title='bbox 746 3345 814 3416; x_wconf 88' lang='lat' dir='ltr'><strong>quod</strong></span> <span class='ocrx_word' id='word_1_229' title='bbox 864 3344 915 3395; x_wconf 82' lang='lat' dir='ltr'><strong>vim</strong></span> <span class='ocrx_word' id='word_1_230' title='bbox 927 3361 1000 3394; x_wconf 77' lang='lat' dir='ltr'><strong>suurn</strong></span> <span class='ocrx_word' id='word_1_231' title='bbox 1011 3353 1129 3394; x_wconf 74' lang='lat' dir='ltr'><strong>exerceat</strong></span> 
     </span>
     <span class='ocr_line' id='line_1_29' title="bbox 303 3417 1377 3501; baseline -0.013 -16"><span class='ocrx_word' id='word_1_232' title='bbox 303 3429 451 3501; x_wconf 77' lang='lat' dir='ltr'><strong>viret‚quod</strong></span> <span class='ocrx_word' id='word_1_233' title='bbox 459 3425 536 3479; x_wconf 80' lang='lat' dir='ltr'><strong>viridi</strong></span> <span class='ocrx_word' id='word_1_234' title='bbox 544 3421 628 3478; x_wconf 82' lang='lat' dir='ltr'><strong>colore</strong></span> <span class='ocrx_word' id='word_1_235' title='bbox 635 3422 735 3474; x_wconf 86' lang='lat' dir='ltr'><strong>modice</strong></span> <span class='ocrx_word' id='word_1_236' title='bbox 743 3421 813 3488; x_wconf 85' lang='lat' dir='ltr'><strong>nitet,</strong></span> <span class='ocrx_word' id='word_1_237' title='bbox 897 3423 921 3472; x_wconf 80' lang='grc'><strong>5.</strong></span> <span class='ocrx_word' id='word_1_238' title='bbox 939 3421 1020 3473; x_wconf 81' lang='lat' dir='ltr'><strong>Venis</strong></span> <span class='ocrx_word' id='word_1_239' title='bbox 1030 3418 1218 3471; x_wconf 76' lang='lat' dir='ltr'><strong>lubomntibus.</strong></span> <span class='ocrx_word' id='word_1_240' title='bbox 1233 3417 1264 3469; x_wconf 93' lang='lat' dir='ltr'><strong>ld</strong></span> <span class='ocrx_word' id='word_1_241' title='bbox 1278 3431 1330 3480; x_wconf 83' lang='lat' dir='ltr'><strong>eat,</strong></span> <span class='ocrx_word' id='word_1_242' title='bbox 1343 3420 1377 3471; x_wconf 89' lang='lat' dir='ltr'><strong>ob</strong></span> 
     </span>
     <span class='ocr_line' id='line_1_30' title="bbox 300 3495 1375 3582; baseline -0.013 -19"><span class='ocrx_word' id='word_1_243' title='bbox 300 3510 382 3563; x_wconf 83' lang='lat' dir='ltr'><strong>oeulis</strong></span> <span class='ocrx_word' id='word_1_244' title='bbox 393 3503 522 3582; x_wconf 78' lang='lat' dir='ltr'><strong>prodesse,</strong></span> <span class='ocrx_word' id='word_1_245' title='bbox 536 3499 747 3562; x_wconf 79' lang='lat' dir='ltr'><strong>dudnmariris‚</strong></span> <span class='ocrx_word' id='word_1_246' title='bbox 764 3497 816 3548; x_wconf 79' lang='lat' dir='ltr'><strong>lsa-</strong></span> <span class='ocrx_word' id='word_1_247' title='bbox 865 3497 974 3550; x_wconf 87' lang='lat' dir='ltr'><strong>calorem</strong></span> <span class='ocrx_word' id='word_1_248' title='bbox 992 3497 1068 3549; x_wconf 82' lang='lat' dir='ltr'><strong>nimia</strong></span> <span class='ocrx_word' id='word_1_249' title='bbox 1087 3497 1193 3550; x_wconf 76' lang='lat' dir='ltr'><strong>extensis</strong></span> <span class='ocrx_word' id='word_1_250' title='bbox 1211 3495 1321 3567; x_wconf 83' lang='lat' dir='ltr'><strong>ideoqae</strong></span> <span class='ocrx_word' id='word_1_251' title='bbox 1344 3498 1375 3550; x_wconf 91' lang='lat' dir='ltr'><strong>ad</strong></span> 
     </span>
     <span class='ocr_line' id='line_1_31' title="bbox 303 3575 1260 3656; baseline -0.016 -15"><span class='ocrx_word' id='word_1_252' title='bbox 303 3605 359 3642; x_wconf 85' lang='lat' dir='ltr'><strong>rum</strong></span> <span class='ocrx_word' id='word_1_253' title='bbox 377 3603 461 3638; x_wconf 86' lang='lat' dir='ltr'><strong>rerum</strong></span> <span class='ocrx_word' id='word_1_254' title='bbox 482 3575 816 3656; x_wconf 74' lang='lat' dir='ltr'><strong>periri=‚Adms‚Soem-</strong></span> <span class='ocrx_word' id='word_1_255' title='bbox 865 3575 979 3632; x_wconf 81' lang='lat' dir='ltr'><strong>officium</strong></span> <span class='ocrx_word' id='word_1_256' title='bbox 990 3595 1065 3630; x_wconf 86' lang='lat' dir='ltr'><strong>suum</strong></span> <span class='ocrx_word' id='word_1_257' title='bbox 1077 3575 1260 3628; x_wconf 72' lang='lat' dir='ltr'><strong>deficientibus</strong></span> 
     </span>
     <span class='ocr_line' id='line_1_32' title="bbox 301 3651 1376 3736; baseline -0.012 -16"><span class='ocrx_word' id='word_1_258' title='bbox 301 3670 404 3733; x_wconf 61' lang='grc' dir='ltr'><strong>πων-ἕης</strong></span> <span class='ocrx_word' id='word_1_259' title='bbox 415 3662 445 3716; x_wconf 79' lang='lat' dir='ltr'><strong>sl.</strong></span> <span class='ocrx_word' id='word_1_260' title='bbox 457 3660 595 3736; x_wconf 71' lang='lat' dir='ltr'><strong>expositum</strong></span> <span class='ocrx_word' id='word_1_261' title='bbox 610 3669 653 3708; x_wconf 81' lang='lat' dir='ltr'><strong>est.</strong></span> <span class='ocrx_word' id='word_1_262' title='bbox 898 3655 932 3706; x_wconf 80' lang='grc'><strong>6.·</strong></span> <span class='ocrx_word' id='word_1_263' title='bbox 941 3653 1081 3708; x_wconf 75' lang='lat' dir='ltr'><strong>Incumbit.</strong></span> <span class='ocrx_word' id='word_1_264' title='bbox 1101 3651 1213 3716; x_wconf 78' lang='lat' dir='ltr'><strong>Premit,</strong></span> <span class='ocrx_word' id='word_1_265' title='bbox 1231 3653 1376 3707; x_wconf 74' lang='lat' dir='ltr'><strong>molestiam</strong></span> 
     </span>
    </p>

    <p class='ocr_par' dir='ltr' id='par_1_7' title="bbox 301 3731 1376 4286">
     <span class='ocr_line' id='line_1_33' title="bbox 336 3731 1256 3812; baseline -0.02 -13"><span class='ocrx_word' id='word_1_266' title='bbox 336 3747 360 3798; x_wconf 78' lang='grc'><strong>3.</strong></span> <span class='ocrx_word' id='word_1_267' title='bbox 379 3744 416 3798; x_wconf 77' lang='lat' dir='ltr'><strong>[lt</strong></span> <span class='ocrx_word' id='word_1_268' title='bbox 427 3741 585 3812; x_wconf 74' lang='lat' dir='ltr'><strong>quibusdem</strong></span> <span class='ocrx_word' id='word_1_269' title='bbox 601 3737 736 3792; x_wconf 73' lang='lat' dir='ltr'><strong>odoribus.</strong></span> <span class='ocrx_word' id='word_1_270' title='bbox 754 3735 815 3788; x_wconf 75' lang='grc' dir='ltr'><strong>Μιι-Ι</strong></span> <span class='ocrx_word' id='word_1_271' title='bbox 864 3751 892 3783; x_wconf 83' lang='lat' dir='ltr'><strong>ar</strong></span> <span class='ocrx_word' id='word_1_272' title='bbox 902 3731 1073 3784; x_wconf 81' lang='lat' dir='ltr'><strong>inlinuitstem</strong></span> <span class='ocrx_word' id='word_1_273' title='bbox 1083 3742 1150 3783; x_wconf 82' lang='lat' dir='ltr'><strong>creat</strong></span> <span class='ocrx_word' id='word_1_274' title='bbox 1160 3731 1256 3783; x_wconf 84' lang='lat' dir='ltr'><strong>animo.</strong></span> 
     </span>
     <span class='ocr_line' id='line_1_34' title="bbox 303 3807 1375 3896; baseline -0.016 -20"><span class='ocrx_word' id='word_1_275' title='bbox 303 3825 354 3876; x_wconf 84' lang='lat' dir='ltr'><strong>tavi</strong></span> <span class='ocrx_word' id='word_1_276' title='bbox 364 3819 594 3896; x_wconf 79' lang='lat' dir='ltr'><strong>interpunctionem</strong></span> <span class='ocrx_word' id='word_1_277' title='bbox 604 3813 721 3882; x_wconf 83' lang='lat' dir='ltr'><strong>‚etdedi,</strong></span> <span class='ocrx_word' id='word_1_278' title='bbox 730 3824 814 3886; x_wconf 76' lang='lat' dir='ltr'><strong>utpro</strong></span> <span class='ocrx_word' id='word_1_279' title='bbox 897 3831 919 3878; x_wconf 82' lang='lat'><strong>7·</strong></span> <span class='ocrx_word' id='word_1_280' title='bbox 931 3811 1097 3862; x_wconf 75' lang='lat' dir='ltr'><strong>Valetudtnc.</strong></span> <span class='ocrx_word' id='word_1_281' title='bbox 1111 3809 1151 3860; x_wconf 77' lang='lat' dir='ltr'><strong>Cf.</strong></span> <span class='ocrx_word' id='word_1_282' title='bbox 1160 3807 1205 3860; x_wconf 92' lang='lat' dir='ltr'><strong>lib.</strong></span> <span class='ocrx_word' id='word_1_283' title='bbox 1218 3809 1260 3872; x_wconf 82' lang='lat' dir='ltr'><strong>ll,</strong></span> <span class='ocrx_word' id='word_1_284' title='bbox 1272 3827 1325 3881; x_wconf 73' lang='lat' dir='ltr'><strong>cap.</strong></span> <span class='ocrx_word' id='word_1_285' title='bbox 1339 3827 1375 3881; x_wconf 54' lang='lat' dir='ltr'><strong>tos</strong></span> 
     </span>
     <span class='ocr_line' id='line_1_35' title="bbox 302 3887 1376 3970; baseline -0.016 -16"><span class='ocrx_word' id='word_1_286' title='bbox 302 3913 338 3964; x_wconf 82' lang='lat' dir='ltr'><strong>et,</strong></span> <span class='ocrx_word' id='word_1_287' title='bbox 351 3921 383 3953; x_wconf 88' lang='lat' dir='ltr'><strong>ne</strong></span> <span class='ocrx_word' id='word_1_288' title='bbox 395 3907 427 3970; x_wconf 70' lang='grc' dir='ltr'><strong>τῷ</strong></span> <span class='ocrx_word' id='word_1_289' title='bbox 445 3903 483 3951; x_wconf 80' lang='lat' dir='ltr'><strong>sic</strong></span> <span class='ocrx_word' id='word_1_290' title='bbox 499 3909 598 3958; x_wconf 83' lang='lat' dir='ltr'><strong>careat,</strong></span> <span class='ocrx_word' id='word_1_291' title='bbox 612 3914 664 3965; x_wconf 87' lang='lat' dir='ltr'><strong>quo</strong></span> <span class='ocrx_word' id='word_1_292' title='bbox 676 3893 811 3952; x_wconf 69' lang='lat' dir='ltr'><strong>referatm</strong></span> <span class='ocrx_word' id='word_1_293' title='bbox 897 3888 927 3940; x_wconf 77' lang='lat' dir='ltr'><strong>X.</strong></span> <span class='ocrx_word' id='word_1_294' title='bbox 941 3889 1010 3940; x_wconf 65' lang='lat' dir='ltr'><strong>Aac.</strong></span> <span class='ocrx_word' id='word_1_295' title='bbox 1024 3887 1155 3961; x_wconf 80' lang='lat' dir='ltr'><strong>Optimum</strong></span> <span class='ocrx_word' id='word_1_296' title='bbox 1170 3887 1313 3938; x_wconf 64' lang='lat' dir='ltr'><strong>mmeffin</strong></span> <span class='ocrx_word' id='word_1_297' title='bbox 1329 3887 1376 3938; x_wconf 89' lang='lat' dir='ltr'><strong>ita-</strong></span> 
     </span>
     <span class='ocr_line' id='line_1_36' title="bbox 301 3963 1375 4046; baseline -0.016 -13"><span class='ocrx_word' id='word_1_298' title='bbox 301 3978 445 4032; x_wconf 69' lang='lat' dir='ltr'><strong>aduenire</strong></span> <span class='ocrx_word' id='word_1_299' title='bbox 457 3977 493 4028; x_wconf 85' lang='lat' dir='ltr'><strong>sic</strong></span> <span class='ocrx_word' id='word_1_300' title='bbox 504 3975 576 4046; x_wconf 88' lang='lat' dir='ltr'><strong>loqui</strong></span> <span class='ocrx_word' id='word_1_301' title='bbox 586 3973 685 4025; x_wconf 82' lang='lat' dir='ltr'><strong>Noster.</strong></span> <span class='ocrx_word' id='word_1_302' title='bbox 694 3971 755 4022; x_wconf 81' lang='lat' dir='ltr'><strong>Mox</strong></span> <span class='ocrx_word' id='word_1_303' title='bbox 764 3969 779 4038; x_wconf 75' lang='lat' dir='ltr'>S</span> <span class='ocrx_word' id='word_1_304' title='bbox 787 3969 812 4030; x_wconf 79' lang='lat'><strong>3,</strong></span> <span class='ocrx_word' id='word_1_305' title='bbox 864 3985 911 4038; x_wconf 82' lang='lat' dir='ltr'><strong>qne</strong></span> <span class='ocrx_word' id='word_1_306' title='bbox 924 3978 975 4026; x_wconf 84' lang='lat' dir='ltr'><strong>att,</strong></span> <span class='ocrx_word' id='word_1_307' title='bbox 993 3963 1036 4018; x_wconf 73' lang='lat' dir='ltr'><strong>iras</strong></span> <span class='ocrx_word' id='word_1_308' title='bbox 1048 3977 1120 4016; x_wconf 82' lang='lat' dir='ltr'><strong>netas</strong></span> <span class='ocrx_word' id='word_1_309' title='bbox 1133 3977 1157 4015; x_wconf 94' lang='lat' dir='ltr'><strong>et</strong></span> <span class='ocrx_word' id='word_1_310' title='bbox 1166 3964 1311 4037; x_wconf 73' lang='lat' dir='ltr'><strong>pmnnntia</strong></span> <span class='ocrx_word' id='word_1_311' title='bbox 1323 3965 1375 4018; x_wconf 84' lang='lat' dir='ltr'><strong>ob-</strong></span> 
     </span>
     <span class='ocr_line' id='line_1_37' title="bbox 302 4041 1338 4130; baseline -0.015 -19"><span class='ocrx_word' id='word_1_312' title='bbox 302 4077 384 4130; x_wconf 76' lang='lat' dir='ltr'><strong>quram</strong></span> <span class='ocrx_word' id='word_1_313' title='bbox 402 4056 434 4110; x_wconf 87' lang='lat' dir='ltr'><strong>ad</strong></span> <span class='ocrx_word' id='word_1_314' title='bbox 451 4057 528 4108; x_wconf 74' lang='lat' dir='ltr'><strong>bidem</strong></span> <span class='ocrx_word' id='word_1_315' title='bbox 545 4051 637 4113; x_wconf 80' lang='lat' dir='ltr'><strong>retuli,</strong></span> <span class='ocrx_word' id='word_1_316' title='bbox 655 4061 749 4123; x_wconf 82' lang='lat' dir='ltr'><strong>puncto</strong></span> <span class='ocrx_word' id='word_1_317' title='bbox 760 4060 813 4119; x_wconf 71' lang='lat' dir='ltr'><strong>prist</strong></span> <span class='ocrx_word' id='word_1_318' title='bbox 863 4063 961 4096; x_wconf 83' lang='lat' dir='ltr'><strong>serrare</strong></span> <span class='ocrx_word' id='word_1_319' title='bbox 973 4055 999 4094; x_wconf 89' lang='lat' dir='ltr'><strong>et</strong></span> <span class='ocrx_word' id='word_1_320' title='bbox 1011 4042 1157 4116; x_wconf 80' lang='lat' dir='ltr'><strong>occupando</strong></span> <span class='ocrx_word' id='word_1_321' title='bbox 1169 4041 1217 4095; x_wconf 78' lang='lat' dir='ltr'><strong>sibi</strong></span> <span class='ocrx_word' id='word_1_322' title='bbox 1230 4043 1338 4095; x_wconf 79' lang='lat' dir='ltr'><strong>mederi.</strong></span> 
     </span>
     <span class='ocr_line' id='line_1_38' title="bbox 302 4121 1375 4204; baseline -0.023 -14"><span class='ocrx_word' id='word_1_323' title='bbox 302 4147 446 4204; x_wconf 76' lang='lat' dir='ltr'><strong>temperent</strong></span> <span class='ocrx_word' id='word_1_324' title='bbox 455 4135 569 4198; x_wconf 82' lang='lat' dir='ltr'><strong>sublato,</strong></span> <span class='ocrx_word' id='word_1_325' title='bbox 580 4149 656 4184; x_wconf 64' lang='lat' dir='ltr'><strong>unse</strong></span> <span class='ocrx_word' id='word_1_326' title='bbox 666 4127 813 4202; x_wconf 74' lang='lat' dir='ltr'><strong>postulante.</strong></span> <span class='ocrx_word' id='word_1_327' title='bbox 896 4125 919 4172; x_wconf 73' lang='lat' dir='ltr'><strong>⁵l.</strong></span> <span class='ocrx_word' id='word_1_328' title='bbox 931 4124 1015 4174; x_wconf 79' lang='lat' dir='ltr'><strong>Vetus</strong></span> <span class='ocrx_word' id='word_1_329' title='bbox 1029 4123 1134 4174; x_wconf 72' lang='lat' dir='ltr'><strong>dictent.</strong></span> <span class='ocrx_word' id='word_1_330' title='bbox 1145 4121 1202 4174; x_wconf 73' lang='lat' dir='ltr'><strong>lies</strong></span> <span class='ocrx_word' id='word_1_331' title='bbox 1213 4121 1312 4175; x_wconf 69' lang='lat' dir='ltr'><strong>dicrum</strong></span> <span class='ocrx_word' id='word_1_332' title='bbox 1330 4141 1375 4173; x_wconf 62' lang='lat' dir='ltr'><strong>rs-</strong></span> 
     </span>
     <span class='ocr_line' id='line_1_39' title="bbox 302 4197 1374 4286; baseline -0.016 -19"><span class='ocrx_word' id='word_1_333' title='bbox 302 4213 422 4286; x_wconf 81' lang='lat' dir='ltr'><strong>lnspicias</strong></span> <span class='ocrx_word' id='word_1_334' title='bbox 438 4231 515 4264; x_wconf 88' lang='lat' dir='ltr'><strong>mouo</strong></span> <span class='ocrx_word' id='word_1_335' title='bbox 531 4209 673 4262; x_wconf 80' lang='lat' dir='ltr'><strong>versionem</strong></span> <span class='ocrx_word' id='word_1_336' title='bbox 686 4202 810 4278; x_wconf 73' lang='lat' dir='ltr'><strong>germani·</strong></span> <span class='ocrx_word' id='word_1_337' title='bbox 863 4201 966 4272; x_wconf 81' lang='lat' dir='ltr'><strong>petitum</strong></span> <span class='ocrx_word' id='word_1_338' title='bbox 991 4219 1042 4250; x_wconf 83' lang='lat' dir='ltr'><strong>esse</strong></span> <span class='ocrx_word' id='word_1_339' title='bbox 1063 4197 1162 4250; x_wconf 82' lang='lat' dir='ltr'><strong>videtur</strong></span> <span class='ocrx_word' id='word_1_340' title='bbox 1182 4219 1210 4251; x_wconf 86' lang='lat' dir='ltr'><strong>ea</strong></span> <span class='ocrx_word' id='word_1_341' title='bbox 1235 4221 1310 4253; x_wconf 81' lang='lat' dir='ltr'><strong>arena</strong></span> <span class='ocrx_word' id='word_1_342' title='bbox 1332 4219 1374 4251; x_wconf 83' lang='lat' dir='ltr'><strong>seu</strong></span> 
     </span>
    </p>
   </div>
   <div class='ocr_carea' id='block_1_5' title="bbox 0 0 1456 4958">
    <p class='ocr_par' dir='ltr' id='par_1_8' title="bbox 0 0 1456 4958">
     <span class='ocr_line' id='line_1_40' title="bbox 0 0 1456 4958; baseline 0 2"><span class='ocrx_word' id='word_1_343' title='bbox 0 0 1456 4958; x_wconf 95' lang='lat' dir='ltr'><strong> </strong></span> 
     </span>
    </p>
   </div>
  </div>
 </body>
</html>
