2926 4958
203 494 272 564 AD
297 493 467 564 STOIC.
494 495 697 565 PHILOS.
724 494 819 564 LIB.
847 498 920 566 111.
1013 497 1125 565 clxxix

48 658 105 710 tuto
121 641 300 714 tollamne,
316 652 347 700 et
356 636 543 715 sublimitat,
559 637 750 720 expulaiaque
764 639 951 716 terroribus,
971 661 1006 703 ox
1021 640 1128 724 cogni-

50 755 124 817 tione
136 749 207 814 veri
226 745 382 810 Gauditnn
396 747 510 828 grande
525 745 748 821 etiamtum,
771 729 956 828 comitasque
968 759 998 808 et
1008 745 1128 809 diffusio

51 860 139 922 animi
156 882 164 918 ε
180 855 292 938 quibua
303 851 502 916 delectabitur
517 873 581 914 uon
596 865 630 914 ut
640 852 747 930 bonis,
760 853 813 916 sed
824 867 857 916 ut
868 875 905 916 ex
918 854 1000 917 bono
1013 853 1098 916 ortis.
1107 881 1123 910 e

52 967 109 1046 (De
120 964 186 1026 vit
198 961 322 1024 Beato.
335 958 379 1040 5.)
392 957 465 1022 Non
474 973 626 1044 ergoaunt
635 958 700 1044 ipsa
709 959 806 1022 Beata
813 962 891 1039 rita,
902 961 1131 1039 aedadhaerent‚

53 1089 78 1136 nt
93 1073 145 1136 lun
162 1067 252 1134 Soli:
264 1067 321 1130 eni
338 1065 461 1130 efficere
477 1067 570 1129 etiam
585 1065 671 1130 illam
686 1087 776 1129 aenan
789 1067 892 1150 aliquo
905 1069 988 1131 dicas
999 1114 1007 1145 ,
1020 1089 1131 1152 nempe

52 1193 79 1242 ta
93 1176 211 1240 sentiar
229 1186 262 1236 et
276 1172 389 1236 fruare
404 1171 452 1234 Ita
466 1171 650 1235 Ambrosiua
662 1187 767 1237 noeter
785 1197 792 1233 ι
810 1173 964 1237 «Beatam
978 1175 1074 1236 vitam
1089 1173 1134 1237 ei-

54 1285 152 1350 tetum
178 1279 403 1362 Tranquillitas
427 1279 638 1360 conscientiae,
669 1293 700 1341 et
726 1278 880 1347 Securitas
907 1281 1131 1346 innocentiae.»

54 1391 112 1468 (lll
128 1387 227 1454 Offie
241 1409 268 1452 c.
283 1389 334 1464 1.)
346 1383 452 1450 Habea
467 1384 661 1450 paradoxum
681 1411 689 1448 ε
705 1409 762 1450 nec
777 1389 809 1450 id
825 1389 948 1470 quidem
962 1389 1021 1452 nisi
1033 1389 1137 1474 mrlgo.

54 1499 132 1562 llam
143 1511 175 1562 et
188 1495 347 1581 Sapientia
361 1495 470 1579 ipsein
483 1493 587 1558 Sacris
598 1495 732 1578 loquitur
747 1519 754 1556 ι
770 1523 785 1552 e
795 1495 857 1580 Qui
875 1520 926 1560 me
941 1497 1042 1560 audiet
1055 1552 1061 1576 ,
1075 1497 1138 1561 ha-

56 1607 159 1670 litaltit
177 1607 212 1668 in
233 1627 289 1690 ape
314 1603 488 1678 confidens,
511 1615 543 1666 et
561 1603 696 1685 ‹prieteet
714 1625 819 1668 acerne
839 1606 878 1669 ab
905 1606 989 1669 omni
1007 1607 1100 1668 malo.
1122 1634 1137 1660 n

57 1711 145 1797 (Gap.
160 1715 234 1788 rr.)
244 1709 523 1774 Habeahouashaa
532 1709 709 1774 affectiones
721 1757 730 1803 ,-
742 1709 960 1784 Securitatem,
973 1710 1137 1794 Qaietcm,

58 1816 279 1884 Confidentiam
297 1841 304 1879 ι
328 1831 358 1879 et
381 1815 472 1880 Hanc
488 1830 676 1902 postremam
694 1839 763 1881 cunr
781 1815 843 1902 Spe
864 1831 1065 1903 temperatam
1081 1819 1141 1900 (cui

60 1924 154 1991 tletue
170 1945 298 2009 semper
315 1925 419 2004 inest)
431 1944 470 1986 ne
486 1924 581 1986 nimia
594 1925 646 1998 eit,
663 1937 693 1986 et
707 1925 844 1987 exsultet.

375 2154 727 2223 DlssERTATIO
746 2156 811 2220 vl.

163 2317 184 2376 1
184 2319 220 2375 V
230 2314 338 2376 Pnrud.
351 2313 513 2394 Sapientem
529 2313 577 2376 ael
590 2315 620 2374 itt
635 2312 793 2374 Tormenta
805 2313 927 2376 Beatum
941 2337 1013 2376 erae·
1148 2401 1155 2414 ¹

98 2489 268 2572 Quaerunt
281 2485 476 2571 inopinatum
483 2475 741 2572 dogrna'prolero,
752 2515 767 2542 «ι
777 2484 953 2572 Sapientem
964 2491 1057 2552 etiam
1064 2491 1141 2556 inter

62 2595 234 2658 Tormenta
247 2593 379 2657 Beatum
395 2612 495 2655 ease.»
513 2589 648 2656 Fortiter
663 2593 722 2656 hoc
737 2593 780 2657 sic
796 2594 953 2658 efferimus
970 2620 978 2656 ι
1000 2598 1144 2679 quidquid

64 2705 182 2786 agmine
201 2703 234 2764 in
255 2722 314 2764 noe
328 2701 485 2764 incurrant
500 2697 702 2786 Pythagorei,
725 2697 903 2765 Academici
920 2748 928 2781 ,
944 2703 1142 2768 Aristotelici.

66 2809 168 2872 uNam
181 2803 254 2892 qnid
268 2807 379 2873 certina
394 2819 494 2891 potest
510 2827 575 2869 ease
590 2852 599 2883 ‚
620 2827 712 2890 quam
727 2809 846 2870 ratione
860 2831 969 2872 eorum
984 2811 1035 2893 qui
1052 2812 1123 2875 dolo

62 2939 127 2979 rem
142 2920 175 2979 in
185 2915 283 2979 Malia
296 2928 411 2999 ponunt
420 2961 429 2992 ‚
439 2934 501 2976 non
516 2935 606 2998 posse
618 2912 795 2999 Sapientem
807 2914 938 2978 Beatum
952 2938 1018 2980 esse
1030 2965 1039 2990 ,
1051 2895 1145 3000 qtiutn

66 3023 94 3083 in
109 3023 218 3087 eculeo
233 3021 431 3104 torqueatur?
441 3049 457 3075 »
473 3034 579 3085 contra
594 3033 695 3083 autem
707 3047 715 3094 ;
728 3049 743 3076 e
758 3042 866 3084 eorum
881 3023 932 3104 qui
946 3020 1101 3086 Dolorem
1112 3027 1144 3086 in

63 3126 157 3193 Malis
171 3151 235 3192 non
251 3127 365 3191 habent
378 3125 601 3207 (Stoicorum)
615 3128 694 3191 ratio
709 3142 791 3190 certe
806 3129 887 3214 cogit
900 3130 943 3191 nti
959 3131 990 3192 in
1003 3133 1144 3194 omnibns

61 3240 224 3301 tormentis
238 3249 433 3302 conservetur
444 3235 541 3300 Beata
558 3235 627 3298 vita.
637 3263 651 3292 r
670 3235 805 3316 (Cicero
822 3229 868 3299 111
883 3235 933 3300 De
947 3237 1063 3317 Finib.)
1074 3238 1143 3302 lrno

62 3367 157 3424 tero,
183 3343 412 3426 comparatione
434 3341 527 3405 etiam
548 3341 649 3416 lacn,
672 3343 780 3405 «zeno
802 3358 893 3428 negat
911 3341 1031 3408 Metelli
1051 3347 1145 3409 vitam

62 3453 257 3526 beatiorem,
273 3471 366 3532 quam
376 3447 498 3533 Reguli.
508 3477 523 3503 n
538 3445 626 3529 (Cic.
640 3446 672 3508 V
684 3446 735 3510 De
747 3445 872 3528 Finit.)
888 3448 959 3512 Heu
972 3450 1144 3534 inopinata,

60 3553 119 3614 lten
129 3552 332 3637 oppugnata!
347 3547 432 3612 Nam
442 3577 457 3604 ιι
467 3551 638 3632 quomodo,
657 3548 813 3631 inquiunt,
830 3550 885 3612 ista
900 3551 989 3633 paria
1000 3573 1066 3614 esse
1076 3573 1147 3636 pos·

63 3669 145 3729 srmt,
163 3672 261 3734 qnmn
272 3650 333 3712 alia
343 3651 473 3733 optanda
488 3650 562 3727 sint,
574 3649 635 3711 alia
646 3651 835 3714 aversanda?
847 3679 861 3704 o
872 3657 881 3728 (
891 3649 962 3713 Sen.
974 3647 1033 3733 Ep.
1045 3655 1149 3732 nxvr.)

64 3754 176 3836 Neque
192 3753 285 3814 etiam
299 3749 438 3814 Porticus
452 3764 515 3813 tota
529 3764 620 3834 neget
629 3749 750 3814 Metelli
764 3752 858 3815 vitam
869 3755 1106 3836 praeponendam
1118 3769 1149 3818 et

63 3859 248 3922 sumendam
268 3877 343 3920 este.
358 3855 560 3920 Perseverant
572 3869 675 3920 tarntm
690 3857 776 3941 paria
792 3855 857 3921 hee
873 3878 958 3935 esse,
976 3859 1045 3941 qula
1060 3859 1149 3924 Bona

63 3983 130 4028 srmt
143 3995 152 4024 t
166 3965 287 4028 nullum
299 3977 404 4027 antem
414 3965 492 4026 inter
505 3963 594 4026 Bona
606 3969 712 4048 (supra
722 3963 857 4045 doctum)
866 3964 1038 4028 discrimen.
1053 3965 1148 4052 Igitur

64 4097 77 4118 a
89 4068 183 4150 paria
204 4079 274 4128 aunt
297 4061 473 4142 Gaudium,
495 4077 525 4128 et
544 4065 632 4127 sortis
655 4078 744 4147 atque
764 4065 913 4127 obstinata
927 4075 1175 4127 tormentorum·

66 4173 245 4258 Perpeetio.
259 4169 296 4234 ln
310 4185 439 4252 utroque
455 4173 537 4234 enirn
552 4173 659 4235 eadem
674 4185 720 4234 est
735 4172 829 4234 animi
840 4173 1014 4255 magnitudo
1034 4197 1040 4231 :
1055 4175 1107 4234 sed
1122 4175 1154 4234 in

63 4279 168 4343 altero
191 4279 323 4341 remissa
341 4290 371 4339 et
392 4277 483 4356 laxa,
505 4277 536 4339 in
557 4277 654 4340 altero
675 4298 795 4361 pugnax
817 4291 847 4339 et
869 4279 1018 4341 intenta.»
1039 4277 1156 4360 (lhid.)

65 4385 146 4448 Tale
179 4383 304 4468 aliquod
327 4383 489 4448 discrimen
511 4381 584 4446 alibi
607 4396 709 4445 noster
730 4384 850 4468 ingerit.
875 4383 978 4446 «Non
1005 4397 1050 4446 est
1074 4387 1155 4466 quod
