<?xml version="1.0" encoding="UTF-8"?>
<!DOCTYPE html PUBLIC "-//W3C//DTD XHTML 1.0 Transitional//EN"
    "http://www.w3.org/TR/xhtml1/DTD/xhtml1-transitional.dtd">
<html xmlns="http://www.w3.org/1999/xhtml" xml:lang="en" lang="en">
 <head>
  <title>
</title>
<meta http-equiv="Content-Type" content="text/html;charset=utf-8" />
  <meta name='ocr-system' content='tesseract 3.04.00' />
  <meta name='ocr-capabilities' content='ocr_page ocr_carea ocr_par ocr_line ocrx_word'/>
</head>
<body>
  <div class='ocr_page' id='page_1' title='image "./lannsenecparspr01bouigoog_0151.png"; bbox 0 0 2926 4958; ppageno 0'>
   <div class='ocr_carea' id='block_1_1' title="bbox 323 407 1212 499">
    <p class='ocr_par' dir='ltr' id='par_1_1' title="bbox 323 407 1212 499">
     <span class='ocr_line' id='line_1_1' title="bbox 323 407 1212 499; baseline 0.003 -18"><span class='ocrx_word' id='word_1_1' title='bbox 323 407 400 499; x_wconf 65' lang='lat' dir='ltr'><strong>txttj</strong></span> <span class='ocrx_word' id='word_1_2' title='bbox 507 413 541 477; x_wconf 80' lang='lat' dir='ltr'><strong>J.</strong></span> <span class='ocrx_word' id='word_1_3' title='bbox 568 415 726 482; x_wconf 75' lang='lat' dir='ltr'><strong>utrsu</strong></span> <span class='ocrx_word' id='word_1_4' title='bbox 751 413 1212 486; x_wconf 77' lang='lat' dir='ltr'><strong>mauuuucrtoms</strong></span> 
     </span>
    </p>
   </div>
   <div class='ocr_carea' id='block_1_2' title="bbox 322 556 1397 751">
    <p class='ocr_par' dir='ltr' id='par_1_2' title="bbox 322 556 1397 751">
     <span class='ocr_line' id='line_1_2' title="bbox 322 556 1397 642; baseline 0 -24"><span class='ocrx_word' id='word_1_5' title='bbox 322 577 408 620; x_wconf 87' lang='lat' dir='ltr'><strong>mens</strong></span> <span class='ocrx_word' id='word_1_6' title='bbox 419 556 470 620; x_wconf 89' lang='lat' dir='ltr'><strong>ille</strong></span> <span class='ocrx_word' id='word_1_7' title='bbox 483 601 492 626; x_wconf 84' lang='grc'>,</span> <span class='ocrx_word' id='word_1_8' title='bbox 505 576 597 638; x_wconf 88' lang='lat' dir='ltr'><strong>quem</strong></span> <span class='ocrx_word' id='word_1_9' title='bbox 610 577 688 640; x_wconf 79' lang='lat' dir='ltr'><strong>saepe</strong></span> <span class='ocrx_word' id='word_1_10' title='bbox 703 559 839 635; x_wconf 84' lang='lat' dir='ltr'><strong>advoco,</strong></span> <span class='ocrx_word' id='word_1_11' title='bbox 858 558 941 621; x_wconf 77' lang='lat' dir='ltr'><strong>velut</strong></span> <span class='ocrx_word' id='word_1_12' title='bbox 954 560 1110 642; x_wconf 76' lang='lat' dir='ltr'><strong>parasium</strong></span> <span class='ocrx_word' id='word_1_13' title='bbox 1130 572 1160 622; x_wconf 89' lang='lat' dir='ltr'><strong>et</strong></span> <span class='ocrx_word' id='word_1_14' title='bbox 1170 556 1397 622; x_wconf 70' lang='lat' dir='ltr'><strong>conciliatorem</strong></span> 
     </span>
     <span class='ocr_line' id='line_1_3' title="bbox 322 662 1396 751; baseline -0.001 -26"><span class='ocrx_word' id='word_1_15' title='bbox 322 666 475 746; x_wconf 88' lang='lat' dir='ltr'><strong>utriusque</strong></span> <span class='ocrx_word' id='word_1_16' title='bbox 487 663 629 745; x_wconf 85' lang='lat' dir='ltr'><strong>(Divinae</strong></span> <span class='ocrx_word' id='word_1_17' title='bbox 642 679 671 726; x_wconf 92' lang='lat' dir='ltr'><strong>et</strong></span> <span class='ocrx_word' id='word_1_18' title='bbox 685 662 857 748; x_wconf 81' lang='lat' dir='ltr'><strong>Humanae)</strong></span> <span class='ocrx_word' id='word_1_19' title='bbox 870 665 1091 751; x_wconf 86' lang='lat' dir='ltr'><strong>Philosophiae:</strong></span> <span class='ocrx_word' id='word_1_20' title='bbox 1110 666 1179 743; x_wconf 91' lang='lat' dir='ltr'><strong>ille,</strong></span> <span class='ocrx_word' id='word_1_21' title='bbox 1198 667 1340 746; x_wconf 83' lang='lat' dir='ltr'><strong>inquam,</strong></span> <span class='ocrx_word' id='word_1_22' title='bbox 1357 665 1396 724; x_wconf 89' lang='lat' dir='ltr'><strong>ita</strong></span> 
     </span>
    </p>
   </div>
   <div class='ocr_carea' id='block_1_3' title="bbox 232 769 1393 853">
    <p class='ocr_par' dir='ltr' id='par_1_3' title="bbox 232 769 1393 853">
     <span class='ocr_line' id='line_1_4' title="bbox 232 769 1393 853; baseline -0.003 -19"><span class='ocrx_word' id='word_1_23' title='bbox 232 807 236 812; x_wconf 90' lang='lat'>-</span> <span class='ocrx_word' id='word_1_24' title='bbox 323 785 434 834; x_wconf 87' lang='lat' dir='ltr'><strong>censet.</strong></span> <span class='ocrx_word' id='word_1_25' title='bbox 454 769 586 846; x_wconf 84' lang='lat' dir='ltr'><strong>«Plato,</strong></span> <span class='ocrx_word' id='word_1_26' title='bbox 607 771 722 853; x_wconf 89' lang='lat' dir='ltr'><strong>inquit,</strong></span> <span class='ocrx_word' id='word_1_27' title='bbox 744 771 807 836; x_wconf 73' lang='lat' dir='ltr'><strong>hmo</strong></span> <span class='ocrx_word' id='word_1_28' title='bbox 826 773 918 836; x_wconf 80' lang='lat' dir='ltr'>dixit:</span> <span class='ocrx_word' id='word_1_29' title='bbox 941 774 1004 836; x_wconf 90' lang='lat' dir='ltr'><strong>sive</strong></span> <span class='ocrx_word' id='word_1_30' title='bbox 1025 774 1104 835; x_wconf 82' lang='lat' dir='ltr'><strong>sorte</strong></span> <span class='ocrx_word' id='word_1_31' title='bbox 1124 793 1306 835; x_wconf 86' lang='lat' dir='ltr'><strong>concurrens</strong></span> <span class='ocrx_word' id='word_1_32' title='bbox 1325 792 1393 832; x_wconf 91' lang='lat' dir='ltr'><strong>cum</strong></span> 
     </span>
    </p>
   </div>
   <div class='ocr_carea' id='block_1_4' title="bbox 321 875 1403 2564">
    <p class='ocr_par' dir='ltr' id='par_1_4' title="bbox 321 875 1403 2348">
     <span class='ocr_line' id='line_1_5' title="bbox 322 875 1403 962; baseline -0.004 -23"><span class='ocrx_word' id='word_1_33' title='bbox 322 876 440 939; x_wconf 81' lang='lat' dir='ltr'><strong>Divinae</strong></span> <span class='ocrx_word' id='word_1_34' title='bbox 462 878 537 959; x_wconf 84' lang='lat' dir='ltr'><strong>legis</strong></span> <span class='ocrx_word' id='word_1_35' title='bbox 556 878 822 962; x_wconf 86' lang='lat' dir='ltr'><strong>doctriua(solent</strong></span> <span class='ocrx_word' id='word_1_36' title='bbox 839 880 920 941; x_wconf 90' lang='lat' dir='ltr'><strong>enim</strong></span> <span class='ocrx_word' id='word_1_37' title='bbox 937 899 1053 962; x_wconf 76' lang='lat' dir='ltr'><strong>maguae</strong></span> <span class='ocrx_word' id='word_1_38' title='bbox 1073 879 1214 954; x_wconf 74' lang='lat' dir='ltr'><strong>Naturae,</strong></span> <span class='ocrx_word' id='word_1_39' title='bbox 1235 891 1265 940; x_wconf 91' lang='lat' dir='ltr'><strong>et</strong></span> <span class='ocrx_word' id='word_1_40' title='bbox 1285 877 1324 938; x_wconf 92' lang='lat' dir='ltr'><strong>ab</strong></span> <span class='ocrx_word' id='word_1_41' title='bbox 1349 875 1403 958; x_wconf 83' lang='lat' dir='ltr'><strong>at-¹</strong></span> 
     </span>
     <span class='ocr_line' id='line_1_6' title="bbox 321 983 1396 1068; baseline 0 -24"><span class='ocrx_word' id='word_1_42' title='bbox 321 983 448 1046; x_wconf 78' lang='lat' dir='ltr'><strong>tectibus</strong></span> <span class='ocrx_word' id='word_1_43' title='bbox 457 1004 574 1059; x_wconf 74' lang='lat' dir='ltr'><strong>vacum,</strong></span> <span class='ocrx_word' id='word_1_44' title='bbox 585 983 734 1068; x_wconf 76' lang='lat' dir='ltr'><strong>sagaciter</strong></span> <span class='ocrx_word' id='word_1_45' title='bbox 747 983 912 1046; x_wconf 83' lang='lat' dir='ltr'><strong>collineare</strong></span> <span class='ocrx_word' id='word_1_46' title='bbox 925 999 955 1047; x_wconf 88' lang='lat' dir='ltr'><strong>et</strong></span> <span class='ocrx_word' id='word_1_47' title='bbox 970 1006 1049 1068; x_wconf 87' lang='lat' dir='ltr'><strong>saepe</strong></span> <span class='ocrx_word' id='word_1_48' title='bbox 1063 997 1187 1068; x_wconf 84' lang='lat' dir='ltr'><strong>tangere</strong></span> <span class='ocrx_word' id='word_1_49' title='bbox 1201 985 1376 1057; x_wconf 84' lang='lat' dir='ltr'><strong>veritatem)</strong></span> <span class='ocrx_word' id='word_1_50' title='bbox 1389 1003 1396 1038; x_wconf 78' lang='grc' dir='ltr'>ε</span> 
     </span>
     <span class='ocr_line' id='line_1_7' title="bbox 323 1085 1400 1174; baseline -0.006 -22"><span class='ocrx_word' id='word_1_51' title='bbox 323 1090 385 1154; x_wconf 84' lang='lat' dir='ltr'><strong>sive</strong></span> <span class='ocrx_word' id='word_1_52' title='bbox 401 1089 531 1173; x_wconf 90' lang='lat' dir='ltr'><strong>idipsum</strong></span> <span class='ocrx_word' id='word_1_53' title='bbox 543 1110 560 1150; x_wconf 90' lang='lat' dir='ltr'><strong>e</strong></span> <span class='ocrx_word' id='word_1_54' title='bbox 574 1087 676 1152; x_wconf 89' lang='lat' dir='ltr'><strong>Sacris</strong></span> <span class='ocrx_word' id='word_1_55' title='bbox 683 1089 816 1154; x_wconf 87' lang='lat' dir='ltr'><strong>oraculis</strong></span> <span class='ocrx_word' id='word_1_56' title='bbox 829 1090 947 1168; x_wconf 89' lang='lat' dir='ltr'><strong>hausit,</strong></span> <span class='ocrx_word' id='word_1_57' title='bbox 962 1104 996 1152; x_wconf 89' lang='lat' dir='ltr'><strong>ut</strong></span> <span class='ocrx_word' id='word_1_58' title='bbox 1008 1104 1079 1174; x_wconf 89' lang='lat' dir='ltr'><strong>pote</strong></span> <span class='ocrx_word' id='word_1_59' title='bbox 1093 1091 1144 1170; x_wconf 81' lang='lat' dir='ltr'><strong>qui</strong></span> <span class='ocrx_word' id='word_1_60' title='bbox 1160 1110 1283 1172; x_wconf 77' lang='lat' dir='ltr'>semper</span> <span class='ocrx_word' id='word_1_61' title='bbox 1298 1085 1400 1148; x_wconf 84' lang='lat' dir='ltr'><strong>omnis</strong></span> 
     </span>
     <span class='ocr_line' id='line_1_8' title="bbox 323 1193 1397 1279; baseline -0.006 -21"><span class='ocrx_word' id='word_1_62' title='bbox 323 1197 463 1259; x_wconf 82' lang='lat' dir='ltr'><strong>doctrinae</strong></span> <span class='ocrx_word' id='word_1_63' title='bbox 479 1196 603 1279; x_wconf 82' lang='lat' dir='ltr'><strong>cupiens</strong></span> <span class='ocrx_word' id='word_1_64' title='bbox 626 1195 786 1276; x_wconf 78' lang='lat' dir='ltr'><strong>sitiensque</strong></span> <span class='ocrx_word' id='word_1_65' title='bbox 802 1196 868 1258; x_wconf 82' lang='lat' dir='ltr'><strong>suit.</strong></span> <span class='ocrx_word' id='word_1_66' title='bbox 886 1224 902 1250; x_wconf 78' lang='lat' dir='ltr'><strong>u</strong></span> <span class='ocrx_word' id='word_1_67' title='bbox 916 1195 965 1276; x_wconf 92' lang='lat' dir='ltr'><strong>(ll</strong></span> <span class='ocrx_word' id='word_1_68' title='bbox 977 1195 1090 1260; x_wconf 84' lang='lat' dir='ltr'><strong>Strom.</strong></span> <span class='ocrx_word' id='word_1_69' title='bbox 1106 1209 1137 1259; x_wconf 91' lang='lat' dir='ltr'><strong>et</strong></span> <span class='ocrx_word' id='word_1_70' title='bbox 1150 1198 1226 1258; x_wconf 91' lang='lat' dir='ltr'><strong>adde</strong></span> <span class='ocrx_word' id='word_1_71' title='bbox 1239 1193 1397 1278; x_wconf 81' lang='lat' dir='ltr'><strong>Augustin.</strong></span> 
     </span>
     <span class='ocr_line' id='line_1_9' title="bbox 322 1299 1397 1387; baseline -0.004 -23"><span class='ocrx_word' id='word_1_72' title='bbox 322 1301 373 1364; x_wconf 90' lang='lat' dir='ltr'><strong>De</strong></span> <span class='ocrx_word' id='word_1_73' title='bbox 386 1299 454 1366; x_wconf 84' lang='lat' dir='ltr'><strong>Cir.</strong></span> <span class='ocrx_word' id='word_1_74' title='bbox 471 1301 570 1374; x_wconf 87' lang='lat' dir='ltr'><strong>Vlll,</strong></span> <span class='ocrx_word' id='word_1_75' title='bbox 587 1324 614 1366; x_wconf 82' lang='lat' dir='ltr'><strong>c.</strong></span> <span class='ocrx_word' id='word_1_76' title='bbox 626 1303 687 1382; x_wconf 82' lang='grc' dir='ltr'><strong>ιι.)</strong></span> <span class='ocrx_word' id='word_1_77' title='bbox 699 1300 774 1382; x_wconf 73' lang='lat' dir='ltr'><strong>Quae</strong></span> <span class='ocrx_word' id='word_1_78' title='bbox 785 1316 939 1385; x_wconf 88' lang='lat' dir='ltr'><strong>postrema</strong></span> <span class='ocrx_word' id='word_1_79' title='bbox 953 1305 1066 1387; x_wconf 88' lang='lat' dir='ltr'><strong>passim</strong></span> <span class='ocrx_word' id='word_1_80' title='bbox 1077 1306 1115 1366; x_wconf 90' lang='lat' dir='ltr'><strong>de</strong></span> <span class='ocrx_word' id='word_1_81' title='bbox 1128 1301 1256 1366; x_wconf 89' lang='lat' dir='ltr'><strong>Platone</strong></span> <span class='ocrx_word' id='word_1_82' title='bbox 1268 1300 1397 1382; x_wconf 72' lang='lat' dir='ltr'><strong>smipn,</strong></span> 
     </span>
     <span class='ocr_line' id='line_1_10' title="bbox 323 1407 1400 1492; baseline -0.004 -22"><span class='ocrx_word' id='word_1_83' title='bbox 323 1408 487 1492; x_wconf 76' lang='lat' dir='ltr'><strong>inspexisse</strong></span> <span class='ocrx_word' id='word_1_84' title='bbox 502 1407 599 1470; x_wconf 90' lang='lat' dir='ltr'><strong>libros</strong></span> <span class='ocrx_word' id='word_1_85' title='bbox 616 1422 752 1486; x_wconf 90' lang='lat' dir='ltr'><strong>nostros,</strong></span> <span class='ocrx_word' id='word_1_86' title='bbox 773 1409 943 1484; x_wconf 83' lang='lat' dir='ltr'><strong>delibasse,</strong></span> <span class='ocrx_word' id='word_1_87' title='bbox 965 1423 996 1472; x_wconf 86' lang='lat' dir='ltr'><strong>et</strong></span> <span class='ocrx_word' id='word_1_88' title='bbox 1007 1410 1039 1472; x_wconf 91' lang='lat' dir='ltr'><strong>in</strong></span> <span class='ocrx_word' id='word_1_89' title='bbox 1055 1431 1144 1474; x_wconf 86' lang='lat' dir='ltr'><strong>usum</strong></span> <span class='ocrx_word' id='word_1_90' title='bbox 1164 1430 1269 1486; x_wconf 85' lang='lat' dir='ltr'><strong>suum,</strong></span> <span class='ocrx_word' id='word_1_91' title='bbox 1287 1428 1326 1468; x_wconf 86' lang='lat' dir='ltr'><strong>au</strong></span> <span class='ocrx_word' id='word_1_92' title='bbox 1340 1407 1400 1468; x_wconf 89' lang='lat' dir='ltr'><strong>bu-</strong></span> 
     </span>
     <span class='ocr_line' id='line_1_11' title="bbox 323 1514 1400 1599; baseline -0.005 -21"><span class='ocrx_word' id='word_1_93' title='bbox 323 1516 407 1578; x_wconf 88' lang='lat' dir='ltr'><strong>mani</strong></span> <span class='ocrx_word' id='word_1_94' title='bbox 424 1515 523 1598; x_wconf 86' lang='lat' dir='ltr'><strong>potius</strong></span> <span class='ocrx_word' id='word_1_95' title='bbox 539 1515 658 1598; x_wconf 77' lang='lat' dir='ltr'><strong>generis</strong></span> <span class='ocrx_word' id='word_1_96' title='bbox 679 1515 797 1592; x_wconf 61' lang='lat' dir='ltr'><strong>dicam</strong></span> <span class='ocrx_word' id='word_1_97' title='bbox 817 1515 1014 1578; x_wconf 77' lang='lat' dir='ltr'><strong>transtulisse.</strong></span> <span class='ocrx_word' id='word_1_98' title='bbox 1028 1515 1090 1578; x_wconf 87' lang='lat' dir='ltr'><strong>Sed</strong></span> <span class='ocrx_word' id='word_1_99' title='bbox 1106 1529 1136 1578; x_wconf 90' lang='lat' dir='ltr'><strong>et</strong></span> <span class='ocrx_word' id='word_1_100' title='bbox 1149 1516 1236 1599; x_wconf 91' lang='lat' dir='ltr'><strong>prior</strong></span> <span class='ocrx_word' id='word_1_101' title='bbox 1253 1514 1400 1578; x_wconf 86' lang='lat' dir='ltr'><strong>sententia</strong></span> 
     </span>
     <span class='ocr_line' id='line_1_12' title="bbox 324 1619 1400 1706; baseline -0.002 -24"><span class='ocrx_word' id='word_1_102' title='bbox 324 1620 511 1706; x_wconf 87' lang='lat' dir='ltr'><strong>probabilis,</strong></span> <span class='ocrx_word' id='word_1_103' title='bbox 530 1621 593 1682; x_wconf 89' lang='lat' dir='ltr'><strong>imo</strong></span> <span class='ocrx_word' id='word_1_104' title='bbox 609 1620 684 1684; x_wconf 88' lang='lat' dir='ltr'><strong>mihi</strong></span> <span class='ocrx_word' id='word_1_105' title='bbox 704 1634 786 1684; x_wconf 91' lang='lat' dir='ltr'><strong>certe</strong></span> <span class='ocrx_word' id='word_1_106' title='bbox 804 1621 913 1704; x_wconf 90' lang='lat' dir='ltr'><strong>proba.</strong></span> <span class='ocrx_word' id='word_1_107' title='bbox 933 1621 1070 1684; x_wconf 86' lang='lat' dir='ltr'><strong>Illustrat</strong></span> <span class='ocrx_word' id='word_1_108' title='bbox 1090 1621 1240 1704; x_wconf 84' lang='lat' dir='ltr'><strong>ejusmodi</strong></span> <span class='ocrx_word' id='word_1_109' title='bbox 1253 1619 1400 1682; x_wconf 83' lang='lat' dir='ltr'><strong>aethereas</strong></span> 
     </span>
     <span class='ocr_line' id='line_1_13' title="bbox 325 1724 1400 1809; baseline -0.002 -21"><span class='ocrx_word' id='word_1_110' title='bbox 325 1726 440 1807; x_wconf 81' lang='lat' dir='ltr'><strong>aliquot</strong></span> <span class='ocrx_word' id='word_1_111' title='bbox 452 1739 569 1788; x_wconf 87' lang='lat' dir='ltr'><strong>mentes</strong></span> <span class='ocrx_word' id='word_1_112' title='bbox 580 1724 667 1790; x_wconf 89' lang='lat' dir='ltr'><strong>Deus</strong></span> <span class='ocrx_word' id='word_1_113' title='bbox 679 1769 688 1802; x_wconf 90' lang='lat'><strong>,</strong></span> <span class='ocrx_word' id='word_1_114' title='bbox 702 1739 732 1788; x_wconf 86' lang='lat' dir='ltr'><strong>ot</strong></span> <span class='ocrx_word' id='word_1_115' title='bbox 748 1726 819 1788; x_wconf 81' lang='lat' dir='ltr'><strong>lecit</strong></span> <span class='ocrx_word' id='word_1_116' title='bbox 830 1727 870 1790; x_wconf 89' lang='lat' dir='ltr'><strong>ab</strong></span> <span class='ocrx_word' id='word_1_117' title='bbox 887 1747 951 1790; x_wconf 82' lang='lat' dir='ltr'><strong>aevo</strong></span> <span class='ocrx_word' id='word_1_118' title='bbox 965 1773 973 1804; x_wconf 93' lang='lat'><strong>,</strong></span> <span class='ocrx_word' id='word_1_119' title='bbox 988 1727 1136 1809; x_wconf 76' lang='lat' dir='ltr'><strong>facietque</strong></span> <span class='ocrx_word' id='word_1_120' title='bbox 1147 1728 1178 1788; x_wconf 92' lang='lat' dir='ltr'><strong>iu</strong></span> <span class='ocrx_word' id='word_1_121' title='bbox 1192 1747 1300 1788; x_wconf 82' lang='lat' dir='ltr'><strong>aevum.</strong></span> <span class='ocrx_word' id='word_1_122' title='bbox 1315 1724 1400 1786; x_wconf 84' lang='lat' dir='ltr'><strong>Nam</strong></span> 
     </span>
     <span class='ocr_line' id='line_1_14' title="bbox 325 1831 1399 1920; baseline -0.001 -24"><span class='ocrx_word' id='word_1_123' title='bbox 325 1833 485 1896; x_wconf 80' lang='lat' dir='ltr'><strong>Platonem</strong></span> <span class='ocrx_word' id='word_1_124' title='bbox 506 1835 622 1901; x_wconf 75' lang='lat' dir='ltr'><strong>omitto,</strong></span> <span class='ocrx_word' id='word_1_125' title='bbox 644 1831 848 1918; x_wconf 76' lang='lat' dir='ltr'><strong>Pythagoram</strong></span> <span class='ocrx_word' id='word_1_126' title='bbox 868 1837 934 1916; x_wconf 82' lang='lat' dir='ltr'><strong>qtris</strong></span> <span class='ocrx_word' id='word_1_127' title='bbox 950 1838 981 1898; x_wconf 94' lang='lat' dir='ltr'><strong>iu</strong></span> <span class='ocrx_word' id='word_1_128' title='bbox 996 1837 1115 1901; x_wconf 87' lang='lat' dir='ltr'><strong>diversa</strong></span> <span class='ocrx_word' id='word_1_129' title='bbox 1127 1837 1269 1920; x_wconf 76' lang='lat' dir='ltr'><strong>regione,</strong></span> <span class='ocrx_word' id='word_1_130' title='bbox 1286 1848 1316 1896; x_wconf 86' lang='lat' dir='ltr'><strong>et</strong></span> <span class='ocrx_word' id='word_1_131' title='bbox 1330 1847 1399 1896; x_wconf 87' lang='lat' dir='ltr'><strong>ante</strong></span> 
     </span>
     <span class='ocr_line' id='line_1_15' title="bbox 327 1939 1400 2023; baseline -0.002 -23"><span class='ocrx_word' id='word_1_132' title='bbox 327 1959 416 2018; x_wconf 91' lang='lat' dir='ltr'><strong>eum,</strong></span> <span class='ocrx_word' id='word_1_133' title='bbox 432 1939 600 2023; x_wconf 89' lang='lat' dir='ltr'><strong>ipsumhoc</strong></span> <span class='ocrx_word' id='word_1_134' title='bbox 612 1942 722 2022; x_wconf 85' lang='lat' dir='ltr'><strong>dogma</strong></span> <span class='ocrx_word' id='word_1_135' title='bbox 738 1942 839 2004; x_wconf 88' lang='lat' dir='ltr'><strong>docuit</strong></span> <span class='ocrx_word' id='word_1_136' title='bbox 855 1963 863 2000; x_wconf 76' lang='grc' dir='ltr'><strong>ε</strong></span> <span class='ocrx_word' id='word_1_137' title='bbox 879 1939 1011 2006; x_wconf 81' lang='lat' dir='ltr'><strong>«Finem</strong></span> <span class='ocrx_word' id='word_1_138' title='bbox 1025 1963 1102 2015; x_wconf 88' lang='lat' dir='ltr'><strong>esse,</strong></span> <span class='ocrx_word' id='word_1_139' title='bbox 1121 1941 1191 2004; x_wconf 89' lang='lat' dir='ltr'><strong>Deo</strong></span> <span class='ocrx_word' id='word_1_140' title='bbox 1208 1939 1400 2004; x_wconf 75' lang='lat' dir='ltr'><strong>assimilatio</strong></span> 
     </span>
     <span class='ocr_line' id='line_1_16' title="bbox 326 2043 1400 2130; baseline -0.001 -24"><span class='ocrx_word' id='word_1_141' title='bbox 326 2045 419 2108; x_wconf 84' lang='lat' dir='ltr'><strong>nem?</strong></span> <span class='ocrx_word' id='word_1_142' title='bbox 435 2073 449 2100; x_wconf 72' lang='grc' dir='ltr'><strong>ι·</strong></span> <span class='ocrx_word' id='word_1_143' title='bbox 461 2043 560 2126; x_wconf 83' lang='lat' dir='ltr'><strong>Quis?</strong></span> <span class='ocrx_word' id='word_1_144' title='bbox 576 2045 628 2108; x_wconf 91' lang='lat' dir='ltr'><strong>ille</strong></span> <span class='ocrx_word' id='word_1_145' title='bbox 640 2046 703 2128; x_wconf 91' lang='lat' dir='ltr'><strong>ipse</strong></span> <span class='ocrx_word' id='word_1_146' title='bbox 714 2043 810 2108; x_wconf 88' lang='lat' dir='ltr'><strong>Deus.</strong></span> <span class='ocrx_word' id='word_1_147' title='bbox 824 2043 886 2108; x_wconf 89' lang='lat' dir='ltr'><strong>Sed</strong></span> <span class='ocrx_word' id='word_1_148' title='bbox 895 2048 959 2130; x_wconf 89' lang='lat' dir='ltr'><strong>jam</strong></span> <span class='ocrx_word' id='word_1_149' title='bbox 973 2048 1045 2110; x_wconf 85' lang='lat' dir='ltr'><strong>smio</strong></span> <span class='ocrx_word' id='word_1_150' title='bbox 1060 2051 1096 2110; x_wconf 93' lang='lat' dir='ltr'><strong>de</strong></span> <span class='ocrx_word' id='word_1_151' title='bbox 1110 2045 1206 2124; x_wconf 84' lang='lat' dir='ltr'><strong>Fine,</strong></span> <span class='ocrx_word' id='word_1_152' title='bbox 1221 2043 1254 2108; x_wconf 85' lang='lat' dir='ltr'><strong>in</strong></span> <span class='ocrx_word' id='word_1_153' title='bbox 1267 2045 1400 2106; x_wconf 88' lang='lat' dir='ltr'><strong>Homeri</strong></span> 
     </span>
     <span class='ocr_line' id='line_1_17' title="bbox 326 2151 878 2234; baseline -0.005 -19"><span class='ocrx_word' id='word_1_154' title='bbox 326 2151 427 2215; x_wconf 84' lang='lat' dir='ltr'><strong>divino</strong></span> <span class='ocrx_word' id='word_1_155' title='bbox 439 2152 503 2234; x_wconf 86' lang='lat' dir='ltr'><strong>(ita</strong></span> <span class='ocrx_word' id='word_1_156' title='bbox 517 2152 676 2216; x_wconf 84' lang='lat' dir='ltr'><strong>dicendum</strong></span> <span class='ocrx_word' id='word_1_157' title='bbox 691 2154 758 2232; x_wconf 89' lang='lat' dir='ltr'><strong>est)</strong></span> <span class='ocrx_word' id='word_1_158' title='bbox 768 2175 878 2215; x_wconf 76' lang='lat' dir='ltr'><strong>versu:</strong></span> 
     </span>
     <span class='ocr_line' id='line_1_18' title="bbox 503 2264 1235 2348; baseline 0 -18"><span class='ocrx_word' id='word_1_159' title='bbox 503 2264 537 2340; x_wconf 80' lang='grc' dir='ltr'><strong>ὃς</strong></span> <span class='ocrx_word' id='word_1_160' title='bbox 545 2299 568 2330; x_wconf 77' lang='lat' dir='ltr'><strong>st</strong></span> <span class='ocrx_word' id='word_1_161' title='bbox 579 2283 645 2339; x_wconf 66' lang='lat' dir='ltr'><strong>braic</strong></span> <span class='ocrx_word' id='word_1_162' title='bbox 653 2278 800 2334; x_wconf 59' lang='lat' dir='ltr'><strong>tarnatense</strong></span> <span class='ocrx_word' id='word_1_163' title='bbox 812 2279 873 2348; x_wconf 76' lang='lat' dir='ltr'><strong>peiles</strong></span> <span class='ocrx_word' id='word_1_164' title='bbox 884 2277 985 2330; x_wconf 80' lang='lat' dir='ltr'><strong>r&#39;islust</strong></span> <span class='ocrx_word' id='word_1_165' title='bbox 993 2278 1076 2332; x_wconf 69' lang='lat' dir='ltr'><strong>«leet.</strong></span> <span class='ocrx_word' id='word_1_166' title='bbox 1087 2277 1209 2343; x_wconf 72' lang='lat' dir='ltr'><strong>(Iliad-a.</strong></span> <span class='ocrx_word' id='word_1_167' title='bbox 1221 2275 1235 2344; x_wconf 89' lang='lat'>)</span> 
     </span>
    </p>

    <p class='ocr_par' dir='ltr' id='par_1_5' title="bbox 325 2371 1398 2564">
     <span class='ocr_line' id='line_1_19' title="bbox 327 2371 1398 2454; baseline -0.003 -13"><span class='ocrx_word' id='word_1_168' title='bbox 327 2371 418 2454; x_wconf 79' lang='lat' dir='ltr'><strong>Quot</strong></span> <span class='ocrx_word' id='word_1_169' title='bbox 431 2375 565 2441; x_wconf 77' lang='lat' dir='ltr'><strong>breviter</strong></span> <span class='ocrx_word' id='word_1_170' title='bbox 578 2390 609 2441; x_wconf 89' lang='lat' dir='ltr'><strong>et</strong></span> <span class='ocrx_word' id='word_1_171' title='bbox 623 2378 751 2440; x_wconf 88' lang='lat' dir='ltr'><strong>rotunde</strong></span> <span class='ocrx_word' id='word_1_172' title='bbox 765 2375 894 2438; x_wconf 75' lang='lat' dir='ltr'><strong>efferam</strong></span> <span class='ocrx_word' id='word_1_173' title='bbox 910 2401 917 2436; x_wconf 75' lang='grc' dir='ltr'><strong>ι</strong></span> <span class='ocrx_word' id='word_1_174' title='bbox 937 2374 1062 2442; x_wconf 85' lang='lat' dir='ltr'><strong>«Deum</strong></span> <span class='ocrx_word' id='word_1_175' title='bbox 1078 2379 1168 2452; x_wconf 89' lang='lat' dir='ltr'><strong>audi,</strong></span> <span class='ocrx_word' id='word_1_176' title='bbox 1194 2377 1371 2440; x_wconf 87' lang='lat' dir='ltr'><strong>audiendus.</strong></span> <span class='ocrx_word' id='word_1_177' title='bbox 1383 2404 1398 2428; x_wconf 74' lang='lat' dir='ltr'><strong>n</strong></span> 
     </span>
     <span class='ocr_line' id='line_1_20' title="bbox 325 2480 1025 2564; baseline 0.004 -20"><span class='ocrx_word' id='word_1_178' title='bbox 325 2480 405 2559; x_wconf 79' lang='lat' dir='ltr'><strong>Fac,</strong></span> <span class='ocrx_word' id='word_1_179' title='bbox 419 2496 449 2552; x_wconf 88' lang='lat' dir='ltr'><strong>et</strong></span> <span class='ocrx_word' id='word_1_180' title='bbox 459 2481 649 2551; x_wconf 68' lang='lat' dir='ltr'><strong>Felicitatem</strong></span> <span class='ocrx_word' id='word_1_181' title='bbox 664 2483 715 2548; x_wconf 88' lang='lat' dir='ltr'><strong>hic</strong></span> <span class='ocrx_word' id='word_1_182' title='bbox 728 2497 817 2564; x_wconf 84' lang='lat' dir='ltr'><strong>atque</strong></span> <span class='ocrx_word' id='word_1_183' title='bbox 833 2483 907 2548; x_wconf 85' lang='lat' dir='ltr'><strong>alibi</strong></span> <span class='ocrx_word' id='word_1_184' title='bbox 922 2483 1025 2549; x_wconf 86' lang='lat' dir='ltr'><strong>habes.</strong></span> 
     </span>
    </p>
   </div>
   <div class='ocr_carea' id='block_1_5' title="bbox 643 2709 1084 2774">
    <p class='ocr_par' dir='ltr' id='par_1_6' title="bbox 643 2709 1084 2774">
     <span class='ocr_line' id='line_1_21' title="bbox 643 2709 1084 2774; baseline 0 -2"><span class='ocrx_word' id='word_1_185' title='bbox 643 2709 985 2774; x_wconf 84' lang='lat' dir='ltr'><strong>DlSSERTATlO</strong></span> <span class='ocrx_word' id='word_1_186' title='bbox 1005 2709 1084 2774; x_wconf 84' lang='lat' dir='ltr'><strong>XX.</strong></span> 
     </span>
    </p>
   </div>
   <div class='ocr_carea' id='block_1_6' title="bbox 347 2837 1383 3029">
    <p class='ocr_par' dir='ltr' id='par_1_7' title="bbox 347 2837 1383 3029">
     <span class='ocr_line' id='line_1_22' title="bbox 347 2837 1383 2922; baseline 0 -22"><span class='ocrx_word' id='word_1_187' title='bbox 347 2845 442 2900; x_wconf 84' lang='lat' dir='ltr'><strong>Solum</strong></span> <span class='ocrx_word' id='word_1_188' title='bbox 457 2841 545 2918; x_wconf 76' lang='lat' dir='ltr'><strong>igitur</strong></span> <span class='ocrx_word' id='word_1_189' title='bbox 561 2839 697 2901; x_wconf 78' lang='lat' dir='ltr'><strong>Virtutem</strong></span> <span class='ocrx_word' id='word_1_190' title='bbox 712 2837 841 2922; x_wconf 83' lang='lat' dir='ltr'><strong>sufficere</strong></span> <span class='ocrx_word' id='word_1_191' title='bbox 853 2841 894 2900; x_wconf 82' lang='lat' dir='ltr'><strong>ud</strong></span> <span class='ocrx_word' id='word_1_192' title='bbox 907 2841 1079 2902; x_wconf 79' lang='lat' dir='ltr'><strong>Bentitatem</strong></span> <span class='ocrx_word' id='word_1_193' title='bbox 1094 2887 1103 2918; x_wconf 90' lang='lat'><strong>,</strong></span> <span class='ocrx_word' id='word_1_194' title='bbox 1120 2861 1173 2900; x_wconf 85' lang='lat' dir='ltr'><strong>uec</strong></span> <span class='ocrx_word' id='word_1_195' title='bbox 1184 2839 1314 2900; x_wconf 80' lang='lat' dir='ltr'><strong>Externa</strong></span> <span class='ocrx_word' id='word_1_196' title='bbox 1330 2851 1383 2900; x_wconf 83' lang='lat' dir='ltr'><strong>aut</strong></span> 
     </span>
     <span class='ocr_line' id='line_1_23' title="bbox 735 2947 988 3029; baseline 0 -23"><span class='ocrx_word' id='word_1_197' title='bbox 735 2947 864 3006; x_wconf 74' lang='lat' dir='ltr'><strong>dbrtuitu</strong></span> <span class='ocrx_word' id='word_1_198' title='bbox 878 2949 988 3029; x_wconf 71' lang='lat' dir='ltr'><strong>requiri.</strong></span> 
     </span>
    </p>
   </div>
   <div class='ocr_carea' id='block_1_7' title="bbox 293 3103 1404 4352">
    <p class='ocr_par' dir='ltr' id='par_1_8' title="bbox 293 3103 1404 4352">
     <span class='ocr_line' id='line_1_24' title="bbox 293 3103 1402 3188; baseline 0 -20"><span class='ocrx_word' id='word_1_199' title='bbox 293 3145 295 3150; x_wconf 68' lang='lat'><strong>,</strong></span> <span class='ocrx_word' id='word_1_200' title='bbox 367 3105 518 3168; x_wconf 80' lang='lat' dir='ltr'><strong>Rtntcutt</strong></span> <span class='ocrx_word' id='word_1_201' title='bbox 538 3104 742 3168; x_wconf 88' lang='lat' dir='ltr'><strong>Decretorum</strong></span> <span class='ocrx_word' id='word_1_202' title='bbox 760 3105 944 3188; x_wconf 86' lang='lat' dir='ltr'><strong>panximus:</strong></span> <span class='ocrx_word' id='word_1_203' title='bbox 969 3126 1039 3168; x_wconf 90' lang='lat' dir='ltr'><strong>ecoe</strong></span> <span class='ocrx_word' id='word_1_204' title='bbox 1060 3103 1217 3167; x_wconf 87' lang='lat' dir='ltr'><strong>Truncum</strong></span> <span class='ocrx_word' id='word_1_205' title='bbox 1232 3105 1273 3166; x_wconf 91' lang='lat' dir='ltr'><strong>ab</strong></span> <span class='ocrx_word' id='word_1_206' title='bbox 1294 3127 1331 3167; x_wconf 89' lang='lat' dir='ltr'><strong>ea</strong></span> <span class='ocrx_word' id='word_1_207' title='bbox 1351 3109 1402 3168; x_wconf 82' lang='lat' dir='ltr'><strong>ad</strong></span> 
     </span>
     <span class='ocr_line' id='line_1_25' title="bbox 327 3209 1399 3296; baseline -0.002 -20"><span class='ocrx_word' id='word_1_208' title='bbox 327 3227 521 3296; x_wconf 85' lang='lat' dir='ltr'><strong>surgentem,</strong></span> <span class='ocrx_word' id='word_1_209' title='bbox 547 3210 609 3273; x_wconf 85' lang='lat' dir='ltr'><strong>«ln</strong></span> <span class='ocrx_word' id='word_1_210' title='bbox 630 3211 694 3274; x_wconf 93' lang='lat' dir='ltr'><strong>sola</strong></span> <span class='ocrx_word' id='word_1_211' title='bbox 709 3211 849 3287; x_wconf 79' lang='lat' dir='ltr'><strong>Virtute,</strong></span> <span class='ocrx_word' id='word_1_212' title='bbox 871 3209 1032 3274; x_wconf 88' lang='lat' dir='ltr'><strong>Summum</strong></span> <span class='ocrx_word' id='word_1_213' title='bbox 1050 3210 1173 3276; x_wconf 82' lang='lat' dir='ltr'><strong>bonum</strong></span> <span class='ocrx_word' id='word_1_214' title='bbox 1187 3231 1253 3272; x_wconf 90' lang='lat' dir='ltr'><strong>esse</strong></span> <span class='ocrx_word' id='word_1_215' title='bbox 1266 3239 1282 3266; x_wconf 69' lang='lat'><strong>2·</strong></span> <span class='ocrx_word' id='word_1_216' title='bbox 1306 3233 1314 3268; x_wconf 72' lang='grc' dir='ltr'><strong><em>ε</em></strong></span> <span class='ocrx_word' id='word_1_217' title='bbox 1335 3213 1399 3274; x_wconf 93' lang='lat' dir='ltr'><strong>imo</strong></span> 
     </span>
     <span class='ocr_line' id='line_1_26' title="bbox 328 3314 1400 3400; baseline 0.005 -24"><span class='ocrx_word' id='word_1_218' title='bbox 328 3349 343 3376; x_wconf 68' lang='lat' dir='ltr'><strong>a</strong></span> <span class='ocrx_word' id='word_1_219' title='bbox 352 3319 458 3385; x_wconf 86' lang='lat' dir='ltr'><strong>Solam</strong></span> <span class='ocrx_word' id='word_1_220' title='bbox 470 3318 573 3393; x_wconf 88' lang='lat' dir='ltr'><strong>illam,</strong></span> <span class='ocrx_word' id='word_1_221' title='bbox 588 3315 710 3380; x_wconf 90' lang='lat' dir='ltr'><strong>Bonum</strong></span> <span class='ocrx_word' id='word_1_222' title='bbox 725 3338 799 3380; x_wconf 88' lang='lat' dir='ltr'><strong>esse.</strong></span> <span class='ocrx_word' id='word_1_223' title='bbox 810 3343 826 3370; x_wconf 75' lang='lat' dir='ltr'><strong>o</strong></span> <span class='ocrx_word' id='word_1_224' title='bbox 840 3314 914 3380; x_wconf 70' lang='lat' dir='ltr'><strong>Huc</strong></span> <span class='ocrx_word' id='word_1_225' title='bbox 927 3317 1017 3380; x_wconf 90' lang='lat' dir='ltr'><strong>dictio</strong></span> <span class='ocrx_word' id='word_1_226' title='bbox 1033 3331 1097 3396; x_wconf 88' lang='lat' dir='ltr'><strong>est,</strong></span> <span class='ocrx_word' id='word_1_227' title='bbox 1110 3339 1174 3400; x_wconf 78' lang='lat' dir='ltr'><strong>que</strong></span> <span class='ocrx_word' id='word_1_228' title='bbox 1188 3317 1299 3382; x_wconf 85' lang='lat' dir='ltr'><strong>sortem</strong></span> <span class='ocrx_word' id='word_1_229' title='bbox 1311 3333 1343 3381; x_wconf 89' lang='lat' dir='ltr'><strong>ct</strong></span> <span class='ocrx_word' id='word_1_230' title='bbox 1353 3321 1400 3381; x_wconf 86' lang='lat' dir='ltr'><strong>vi-</strong></span> 
     </span>
     <span class='ocr_line' id='line_1_27' title="bbox 326 3422 1401 3510; baseline -0.006 -20"><span class='ocrx_word' id='word_1_231' title='bbox 326 3429 416 3491; x_wconf 89' lang='lat' dir='ltr'><strong>rilem</strong></span> <span class='ocrx_word' id='word_1_232' title='bbox 429 3427 508 3488; x_wconf 88' lang='lat' dir='ltr'><strong>bane</strong></span> <span class='ocrx_word' id='word_1_233' title='bbox 523 3437 636 3488; x_wconf 88' lang='lat' dir='ltr'><strong>sectam</strong></span> <span class='ocrx_word' id='word_1_234' title='bbox 648 3423 689 3486; x_wconf 84' lang='lat' dir='ltr'><strong>ab</strong></span> <span class='ocrx_word' id='word_1_235' title='bbox 703 3422 771 3487; x_wconf 88' lang='lat' dir='ltr'><strong>aliis</strong></span> <span class='ocrx_word' id='word_1_236' title='bbox 785 3423 955 3488; x_wconf 81' lang='lat' dir='ltr'><strong>mitioribus</strong></span> <span class='ocrx_word' id='word_1_237' title='bbox 970 3438 1020 3486; x_wconf 86' lang='lat' dir='ltr'><strong>aut</strong></span> <span class='ocrx_word' id='word_1_238' title='bbox 1034 3423 1226 3487; x_wconf 82' lang='lat' dir='ltr'><strong>mollioribus</strong></span> <span class='ocrx_word' id='word_1_239' title='bbox 1240 3425 1401 3510; x_wconf 78' lang='lat' dir='ltr'><strong>abjungit:</strong></span> 
     </span>
     <span class='ocr_line' id='line_1_28' title="bbox 327 3529 1402 3616; baseline -0.001 -22"><span class='ocrx_word' id='word_1_240' title='bbox 327 3557 391 3616; x_wconf 79' lang='lat' dir='ltr'><strong>que</strong></span> <span class='ocrx_word' id='word_1_241' title='bbox 402 3555 419 3594; x_wconf 93' lang='lat' dir='ltr'><strong>a</strong></span> <span class='ocrx_word' id='word_1_242' title='bbox 430 3546 511 3594; x_wconf 88' lang='lat' dir='ltr'><strong>terra</strong></span> <span class='ocrx_word' id='word_1_243' title='bbox 524 3576 533 3607; x_wconf 96' lang='lat'><strong>,</strong></span> <span class='ocrx_word' id='word_1_244' title='bbox 548 3549 695 3614; x_wconf 84' lang='lat' dir='ltr'><strong>corpore,</strong></span> <span class='ocrx_word' id='word_1_245' title='bbox 709 3529 838 3593; x_wconf 83' lang='lat' dir='ltr'><strong>externis</strong></span> <span class='ocrx_word' id='word_1_246' title='bbox 848 3531 1002 3606; x_wconf 86' lang='lat' dir='ltr'><strong>omuibus,</strong></span> <span class='ocrx_word' id='word_1_247' title='bbox 1015 3533 1054 3592; x_wconf 88' lang='lat' dir='ltr'><strong>ad</strong></span> <span class='ocrx_word' id='word_1_248' title='bbox 1063 3531 1219 3605; x_wconf 87' lang='lat' dir='ltr'><strong>animum,</strong></span> <span class='ocrx_word' id='word_1_249' title='bbox 1232 3533 1270 3592; x_wconf 91' lang='lat' dir='ltr'><strong>ad</strong></span> <span class='ocrx_word' id='word_1_250' title='bbox 1279 3531 1402 3594; x_wconf 87' lang='lat' dir='ltr'><strong>interna</strong></span> 
     </span>
     <span class='ocr_line' id='line_1_29' title="bbox 326 3633 1401 3716; baseline -0.004 -12"><span class='ocrx_word' id='word_1_251' title='bbox 326 3655 356 3706; x_wconf 89' lang='lat' dir='ltr'><strong>et</strong></span> <span class='ocrx_word' id='word_1_252' title='bbox 368 3654 481 3702; x_wconf 84' lang='lat' dir='ltr'><strong>aeterua</strong></span> <span class='ocrx_word' id='word_1_253' title='bbox 495 3637 583 3700; x_wconf 79' lang='lat' dir='ltr'><strong>ducit.</strong></span> <span class='ocrx_word' id='word_1_254' title='bbox 597 3633 653 3698; x_wconf 91' lang='lat' dir='ltr'><strong>Dii</strong></span> <span class='ocrx_word' id='word_1_255' title='bbox 663 3635 756 3708; x_wconf 89' lang='lat' dir='ltr'><strong>boni,</strong></span> <span class='ocrx_word' id='word_1_256' title='bbox 771 3649 916 3716; x_wconf 81' lang='lat' dir='ltr'><strong>quantum</strong></span> <span class='ocrx_word' id='word_1_257' title='bbox 929 3636 979 3699; x_wconf 88' lang='lat' dir='ltr'><strong>hic</strong></span> <span class='ocrx_word' id='word_1_258' title='bbox 993 3637 1164 3716; x_wconf 84' lang='lat' dir='ltr'><strong>dissensus,</strong></span> <span class='ocrx_word' id='word_1_259' title='bbox 1182 3651 1213 3700; x_wconf 89' lang='lat' dir='ltr'><strong>et</strong></span> <span class='ocrx_word' id='word_1_260' title='bbox 1228 3640 1401 3702; x_wconf 87' lang='lat' dir='ltr'><strong>contentio-</strong></span> 
     </span>
     <span class='ocr_line' id='line_1_30' title="bbox 323 3741 1402 3828; baseline -0.004 -20"><span class='ocrx_word' id='word_1_261' title='bbox 323 3745 393 3808; x_wconf 86' lang='lat' dir='ltr'><strong>nis?</strong></span> <span class='ocrx_word' id='word_1_262' title='bbox 408 3744 538 3828; x_wconf 79' lang='lat' dir='ltr'><strong>Agmine</strong></span> <span class='ocrx_word' id='word_1_263' title='bbox 553 3755 616 3806; x_wconf 90' lang='lat' dir='ltr'><strong>toto</strong></span> <span class='ocrx_word' id='word_1_264' title='bbox 630 3741 822 3825; x_wconf 85' lang='lat' dir='ltr'><strong>philosophi,</strong></span> <span class='ocrx_word' id='word_1_265' title='bbox 839 3756 869 3802; x_wconf 87' lang='lat' dir='ltr'><strong>et</strong></span> <span class='ocrx_word' id='word_1_266' title='bbox 881 3742 1012 3806; x_wconf 85' lang='lat' dir='ltr'><strong>maxime</strong></span> <span class='ocrx_word' id='word_1_267' title='bbox 1022 3742 1199 3806; x_wconf 81' lang='lat' dir='ltr'><strong>Academici</strong></span> <span class='ocrx_word' id='word_1_268' title='bbox 1211 3756 1353 3816; x_wconf 83' lang='lat' dir='ltr'><strong>veteres,</strong></span> <span class='ocrx_word' id='word_1_269' title='bbox 1369 3743 1402 3804; x_wconf 93' lang='lat' dir='ltr'><strong>iu</strong></span> 
     </span>
     <span class='ocr_line' id='line_1_31' title="bbox 325 3847 1404 3934; baseline -0.002 -20"><span class='ocrx_word' id='word_1_270' title='bbox 325 3853 433 3934; x_wconf 86' lang='lat' dir='ltr'><strong>quibus</strong></span> <span class='ocrx_word' id='word_1_271' title='bbox 447 3851 506 3914; x_wconf 87' lang='lat' dir='ltr'><strong>hac</strong></span> <span class='ocrx_word' id='word_1_272' title='bbox 518 3862 604 3933; x_wconf 89' lang='lat' dir='ltr'><strong>parte</strong></span> <span class='ocrx_word' id='word_1_273' title='bbox 617 3847 814 3925; x_wconf 81' lang='lat' dir='ltr'><strong>Aristotcles,</strong></span> <span class='ocrx_word' id='word_1_274' title='bbox 829 3848 994 3912; x_wconf 84' lang='lat' dir='ltr'><strong>incurrunt.</strong></span> <span class='ocrx_word' id='word_1_275' title='bbox 1008 3848 1090 3912; x_wconf 87' lang='lat' dir='ltr'><strong>Nam</strong></span> <span class='ocrx_word' id='word_1_276' title='bbox 1101 3848 1293 3933; x_wconf 88' lang='lat' dir='ltr'><strong>Epicureos,</strong></span> <span class='ocrx_word' id='word_1_277' title='bbox 1310 3864 1343 3912; x_wconf 88' lang='lat' dir='ltr'><strong>et</strong></span> <span class='ocrx_word' id='word_1_278' title='bbox 1351 3865 1404 3912; x_wconf 92' lang='lat' dir='ltr'><strong>to-</strong></span> 
     </span>
     <span class='ocr_line' id='line_1_32' title="bbox 325 3952 1403 4039; baseline -0.001 -19"><span class='ocrx_word' id='word_1_279' title='bbox 325 3972 391 4023; x_wconf 89' lang='lat' dir='ltr'><strong>tum</strong></span> <span class='ocrx_word' id='word_1_280' title='bbox 400 3958 432 4018; x_wconf 93' lang='lat' dir='ltr'><strong>id</strong></span> <span class='ocrx_word' id='word_1_281' title='bbox 444 3976 557 4039; x_wconf 84' lang='lat' dir='ltr'><strong>genus,</strong></span> <span class='ocrx_word' id='word_1_282' title='bbox 571 3953 678 4016; x_wconf 82' lang='lat' dir='ltr'><strong>omitto</strong></span> <span class='ocrx_word' id='word_1_283' title='bbox 694 3975 701 4012; x_wconf 77' lang='grc' dir='ltr'><em>τ</em></span> <span class='ocrx_word' id='word_1_284' title='bbox 715 3952 823 4033; x_wconf 81' lang='lat' dir='ltr'><strong>quibus</strong></span> <span class='ocrx_word' id='word_1_285' title='bbox 836 3953 885 4014; x_wconf 84' lang='lat' dir='ltr'><strong>rel</strong></span> <span class='ocrx_word' id='word_1_286' title='bbox 899 3955 999 4016; x_wconf 89' lang='lat' dir='ltr'><strong>auditu</strong></span> <span class='ocrx_word' id='word_1_287' title='bbox 1015 3955 1167 4018; x_wconf 86' lang='lat' dir='ltr'><strong>exitiabile</strong></span> <span class='ocrx_word' id='word_1_288' title='bbox 1182 3970 1228 4018; x_wconf 89' lang='lat' dir='ltr'><strong>est</strong></span> <span class='ocrx_word' id='word_1_289' title='bbox 1244 3957 1305 4018; x_wconf 90' lang='lat' dir='ltr'><strong>boe</strong></span> <span class='ocrx_word' id='word_1_290' title='bbox 1322 3959 1403 4038; x_wconf 82' lang='lat' dir='ltr'><strong>dog-</strong></span> 
     </span>
     <span class='ocr_line' id='line_1_33' title="bbox 325 4059 1404 4142; baseline -0.002 -16"><span class='ocrx_word' id='word_1_291' title='bbox 325 4085 385 4126; x_wconf 85' lang='lat' dir='ltr'><strong>ma.</strong></span> <span class='ocrx_word' id='word_1_292' title='bbox 397 4062 515 4140; x_wconf 90' lang='lat' dir='ltr'><strong>Nobis,</strong></span> <span class='ocrx_word' id='word_1_293' title='bbox 529 4061 611 4124; x_wconf 86' lang='lat' dir='ltr'><strong>bono</strong></span> <span class='ocrx_word' id='word_1_294' title='bbox 627 4078 718 4124; x_wconf 83' lang='lat' dir='ltr'><strong>seusu</strong></span> <span class='ocrx_word' id='word_1_295' title='bbox 730 4105 739 4136; x_wconf 95' lang='lat'><strong>,</strong></span> <span class='ocrx_word' id='word_1_296' title='bbox 753 4059 889 4133; x_wconf 87' lang='lat' dir='ltr'><strong>bouum,</strong></span> <span class='ocrx_word' id='word_1_297' title='bbox 902 4061 1050 4142; x_wconf 88' lang='lat' dir='ltr'><strong>optimum</strong></span> <span class='ocrx_word' id='word_1_298' title='bbox 1061 4062 1178 4124; x_wconf 87' lang='lat' dir='ltr'><strong>videtur</strong></span> <span class='ocrx_word' id='word_1_299' title='bbox 1192 4085 1199 4122; x_wconf 76' lang='grc' dir='ltr'>ι</span> <span class='ocrx_word' id='word_1_300' title='bbox 1213 4064 1404 4126; x_wconf 80' lang='lat' dir='ltr'><strong>etsiverum</strong></span> 
     </span>
     <span class='ocr_line' id='line_1_34' title="bbox 326 4165 1403 4252; baseline -0.003 -18"><span class='ocrx_word' id='word_1_301' title='bbox 326 4170 461 4240; x_wconf 83' lang='lat' dir='ltr'><strong>Seuera,-</strong></span> <span class='ocrx_word' id='word_1_302' title='bbox 479 4192 495 4222; x_wconf 77' lang='lat' dir='ltr'><strong>u</strong></span> <span class='ocrx_word' id='word_1_303' title='bbox 509 4168 675 4230; x_wconf 82' lang='lat' dir='ltr'><strong>maximum</strong></span> <span class='ocrx_word' id='word_1_304' title='bbox 695 4167 924 4228; x_wconf 89' lang='lat' dir='ltr'><strong>instrumentum</strong></span> <span class='ocrx_word' id='word_1_305' title='bbox 945 4165 1045 4228; x_wconf 80' lang='lat' dir='ltr'><strong>Rentae</strong></span> <span class='ocrx_word' id='word_1_306' title='bbox 1070 4169 1136 4230; x_wconf 74' lang='lat' dir='ltr'><strong>vitae</strong></span> <span class='ocrx_word' id='word_1_307' title='bbox 1161 4191 1227 4232; x_wconf 85' lang='lat' dir='ltr'><strong>esse</strong></span> <span class='ocrx_word' id='word_1_308' title='bbox 1245 4175 1288 4249; x_wconf 74' lang='lat' dir='ltr'><strong>e(</strong></span> <span class='ocrx_word' id='word_1_309' title='bbox 1305 4168 1403 4252; x_wconf 89' lang='lat' dir='ltr'><strong>Epis·</strong></span> 
     </span>
     <span class='ocr_line' id='line_1_35' title="bbox 325 4269 1403 4352; baseline -0.002 -12"><span class='ocrx_word' id='word_1_310' title='bbox 325 4277 387 4340; x_wconf 85' lang='lat' dir='ltr'><strong>tola</strong></span> <span class='ocrx_word' id='word_1_311' title='bbox 400 4279 532 4352; x_wconf 81' lang='lat' dir='ltr'><strong>uxxtv):</strong></span> <span class='ocrx_word' id='word_1_312' title='bbox 549 4274 610 4340; x_wconf 88' lang='lat' dir='ltr'><strong>sive</strong></span> <span class='ocrx_word' id='word_1_313' title='bbox 623 4291 692 4336; x_wconf 87' lang='lat' dir='ltr'><strong>cum</strong></span> <span class='ocrx_word' id='word_1_314' title='bbox 703 4269 820 4336; x_wconf 86' lang='lat' dir='ltr'><strong>Catone</strong></span> <span class='ocrx_word' id='word_1_315' title='bbox 830 4272 994 4350; x_wconf 82' lang='lat' dir='ltr'><strong>Tulliano,</strong></span> <span class='ocrx_word' id='word_1_316' title='bbox 1012 4303 1026 4328; x_wconf 74' lang='grc' dir='ltr'><strong>«ι</strong></span> <span class='ocrx_word' id='word_1_317' title='bbox 1038 4275 1187 4336; x_wconf 86' lang='lat' dir='ltr'><strong>contineri</strong></span> <span class='ocrx_word' id='word_1_318' title='bbox 1201 4297 1238 4338; x_wconf 89' lang='lat' dir='ltr'><strong>eo</strong></span> <span class='ocrx_word' id='word_1_319' title='bbox 1252 4299 1314 4338; x_wconf 93' lang='lat' dir='ltr'><strong>non</strong></span> <span class='ocrx_word' id='word_1_320' title='bbox 1329 4298 1403 4338; x_wconf 85' lang='lat' dir='ltr'><strong>ma-</strong></span> 
     </span>
    </p>
   </div>
   <div class='ocr_carea' id='block_1_8' title="bbox 0 0 1475 4958">
    <p class='ocr_par' dir='ltr' id='par_1_9' title="bbox 0 0 1475 4958">
     <span class='ocr_line' id='line_1_36' title="bbox 0 0 1475 4958; baseline 0 0"><span class='ocrx_word' id='word_1_321' title='bbox 0 0 1475 4958; x_wconf 95' lang='lat' dir='ltr'><strong> </strong></span> 
     </span>
    </p>
   </div>
  </div>
 </body>
</html>
