<?xml version="1.0" encoding="UTF-8"?>
<!DOCTYPE html PUBLIC "-//W3C//DTD XHTML 1.0 Transitional//EN"
    "http://www.w3.org/TR/xhtml1/DTD/xhtml1-transitional.dtd">
<html xmlns="http://www.w3.org/1999/xhtml" xml:lang="en" lang="en">
 <head>
  <title>
</title>
<meta http-equiv="Content-Type" content="text/html;charset=utf-8" />
  <meta name='ocr-system' content='tesseract 3.04.00' />
  <meta name='ocr-capabilities' content='ocr_page ocr_carea ocr_par ocr_line ocrx_word'/>
</head>
<body>
  <div class='ocr_page' id='page_1' title='image "./lannsenecparspr01bouigoog_0539.png"; bbox 0 0 2894 4954; ppageno 0'>
   <div class='ocr_carea' id='block_1_1' title="bbox 261 409 1444 2140">
    <p class='ocr_par' dir='ltr' id='par_1_1' title="bbox 261 409 1444 2140">
     <span class='ocr_line' id='line_1_1' title="bbox 306 409 1225 510; baseline -0.002 -24"><span class='ocrx_word' id='word_1_1' title='bbox 306 439 371 510; x_wconf 76' lang='lat' dir='ltr'><strong>apo</strong></span> <span class='ocrx_word' id='word_1_2' title='bbox 448 413 515 480; x_wconf 87' lang='lat' dir='ltr'><strong>DE</strong></span> <span class='ocrx_word' id='word_1_3' title='bbox 539 409 1037 506; x_wconf 76' lang='lat' dir='ltr'><strong>TRANQUILLITATE</strong></span> <span class='ocrx_word' id='word_1_4' title='bbox 1063 417 1225 484; x_wconf 82' lang='lat' dir='ltr'><strong>ANIMI</strong></span> 
     </span>
     <span class='ocr_line' id='line_1_2' title="bbox 305 541 1373 639; baseline -0.002 -25"><span class='ocrx_word' id='word_1_5' title='bbox 305 562 375 614; x_wconf 86' lang='lat' dir='ltr'><strong>tum</strong></span> <span class='ocrx_word' id='word_1_6' title='bbox 388 547 581 639; x_wconf 81' lang='lat' dir='ltr'><strong>oapeaeere¹</strong></span> <span class='ocrx_word' id='word_1_7' title='bbox 587 593 597 628; x_wconf 91' lang='lat'>,</span> <span class='ocrx_word' id='word_1_8' title='bbox 608 541 669 611; x_wconf 81' lang='lat' dir='ltr'><strong>aed</strong></span> <span class='ocrx_word' id='word_1_9' title='bbox 680 559 719 611; x_wconf 87' lang='lat' dir='ltr'><strong>ut</strong></span> <span class='ocrx_word' id='word_1_10' title='bbox 730 545 847 612; x_wconf 80' lang='lat' dir='ltr'><strong>amicit</strong></span> <span class='ocrx_word' id='word_1_11' title='bbox 855 545 1143 638; x_wconf 73' lang='lat' dir='ltr'><strong>propinquisque,</strong></span> <span class='ocrx_word' id='word_1_12' title='bbox 1162 562 1198 612; x_wconf 86' lang='lat' dir='ltr'><strong>et</strong></span> <span class='ocrx_word' id='word_1_13' title='bbox 1214 543 1373 612; x_wconf 72' lang='lat' dir='ltr'><strong>omnihus</strong></span> 
     </span>
     <span class='ocr_line' id='line_1_3' title="bbox 304 657 1371 754; baseline -0.002 -26"><span class='ocrx_word' id='word_1_14' title='bbox 304 661 453 742; x_wconf 84' lang='lat' dir='ltr'><strong>oivihue,</strong></span> <span class='ocrx_word' id='word_1_15' title='bbox 474 660 631 730; x_wconf 76' lang='lat' dir='ltr'><strong>omnihus</strong></span> <span class='ocrx_word' id='word_1_16' title='bbox 647 657 772 728; x_wconf 84' lang='lat' dir='ltr'><strong>deinde</strong></span> <span class='ocrx_word' id='word_1_17' title='bbox 797 660 995 728; x_wconf 72' lang='lat' dir='ltr'><strong>mortalibus</strong></span> <span class='ocrx_word' id='word_1_18' title='bbox 1020 663 1171 754; x_wconf 78' lang='lat' dir='ltr'><strong>paratior</strong></span> <span class='ocrx_word' id='word_1_19' title='bbox 1186 659 1371 752; x_wconf 74' lang='lat' dir='ltr'><strong>utiliorque</strong></span> 
     </span>
     <span class='ocr_line' id='line_1_4' title="bbox 265 775 1369 869; baseline 0 -25"><span class='ocrx_word' id='word_1_20' title='bbox 265 810 277 857; x_wconf 85' lang='lat' dir='ltr'><strong>t</strong></span> <span class='ocrx_word' id='word_1_21' title='bbox 303 777 379 844; x_wconf 83' lang='lat' dir='ltr'><strong>eim.</strong></span> <span class='ocrx_word' id='word_1_22' title='bbox 396 776 540 869; x_wconf 82' lang='lat' dir='ltr'><strong>Propius</strong></span> <span class='ocrx_word' id='word_1_23' title='bbox 557 775 759 869; x_wconf 76' lang='lat' dir='ltr'><strong>compositus</strong></span> <span class='ocrx_word' id='word_1_24' title='bbox 778 799 905 869; x_wconf 79' lang='lat' dir='ltr'><strong>aequor</strong></span> <span class='ocrx_word' id='word_1_25' title='bbox 922 778 1130 860; x_wconf 74' lang='lat' dir='ltr'><strong>Zeuooem&#39;,</strong></span> <span class='ocrx_word' id='word_1_26' title='bbox 1142 777 1369 854; x_wconf 76' lang='lat' dir='ltr'><strong>Cleanthem,</strong></span> 
     </span>
     <span class='ocr_line' id='line_1_5' title="bbox 303 881 1372 987; baseline -0.003 -24"><span class='ocrx_word' id='word_1_27' title='bbox 303 881 554 986; x_wconf 61' lang='lat' dir='ltr'><strong>Chrysippum³</strong></span> <span class='ocrx_word' id='word_1_28' title='bbox 570 917 577 957; x_wconf 94' lang='lat'><strong>:</strong></span> <span class='ocrx_word' id='word_1_29' title='bbox 598 915 743 984; x_wconf 92' lang='lat' dir='ltr'><strong>quorum</strong></span> <span class='ocrx_word' id='word_1_30' title='bbox 757 908 869 960; x_wconf 82' lang='lat' dir='ltr'><strong>tamen</strong></span> <span class='ocrx_word' id='word_1_31' title='bbox 885 915 984 960; x_wconf 87' lang='lat' dir='ltr'><strong>nemo</strong></span> <span class='ocrx_word' id='word_1_32' title='bbox 994 892 1039 961; x_wconf 82' lang='lat' dir='ltr'><strong>ad</strong></span> <span class='ocrx_word' id='word_1_33' title='bbox 1049 893 1312 987; x_wconf 85' lang='lat' dir='ltr'><strong>Rempuhlioam</strong></span> <span class='ocrx_word' id='word_1_34' title='bbox 1323 916 1372 960; x_wconf 86' lang='lat' dir='ltr'><strong>ac·</strong></span> 
     </span>
     <span class='ocr_line' id='line_1_6' title="bbox 303 1007 1369 1104; baseline 0.002 -28"><span class='ocrx_word' id='word_1_35' title='bbox 303 1009 422 1090; x_wconf 73' lang='lat' dir='ltr'><strong>cessit,</strong></span> <span class='ocrx_word' id='word_1_36' title='bbox 442 1031 542 1076; x_wconf 86' lang='lat' dir='ltr'><strong>nemo</strong></span> <span class='ocrx_word' id='word_1_37' title='bbox 558 1031 626 1076; x_wconf 92' lang='lat' dir='ltr'><strong>non</strong></span> <span class='ocrx_word' id='word_1_38' title='bbox 646 1009 749 1076; x_wconf 73' lang='lat' dir='ltr'><strong>mitit.</strong></span> <span class='ocrx_word' id='word_1_39' title='bbox 770 1009 837 1078; x_wconf 91' lang='lat' dir='ltr'><strong>Uhi</strong></span> <span class='ocrx_word' id='word_1_40' title='bbox 854 1007 985 1104; x_wconf 88' lang='lat' dir='ltr'><strong>aliquid</strong></span> <span class='ocrx_word' id='word_1_41' title='bbox 1002 1011 1178 1093; x_wconf 89' lang='lat' dir='ltr'><strong>animum,</strong></span> <span class='ocrx_word' id='word_1_42' title='bbox 1196 1009 1369 1078; x_wconf 74' lang='lat' dir='ltr'><strong>insolitum</strong></span> 
     </span>
     <span class='ocr_line' id='line_1_7' title="bbox 303 1115 1371 1217; baseline 0 -27"><span class='ocrx_word' id='word_1_43' title='bbox 303 1121 464 1204; x_wconf 85' lang='lat' dir='ltr'><strong>arietari,</strong></span> <span class='ocrx_word' id='word_1_44' title='bbox 479 1115 681 1214; x_wconf 54' lang='lat' dir='ltr'><strong>percussio,</strong></span> <span class='ocrx_word' id='word_1_45' title='bbox 695 1120 754 1188; x_wconf 94' lang='lat' dir='ltr'><strong>ubi</strong></span> <span class='ocrx_word' id='word_1_46' title='bbox 769 1118 901 1214; x_wconf 87' lang='lat' dir='ltr'><strong>aliquid</strong></span> <span class='ocrx_word' id='word_1_47' title='bbox 913 1126 1063 1192; x_wconf 83' lang='lat' dir='ltr'><strong>occurrit</strong></span> <span class='ocrx_word' id='word_1_48' title='bbox 1076 1175 1086 1207; x_wconf 91' lang='lat'>‚</span> <span class='ocrx_word' id='word_1_49' title='bbox 1098 1139 1158 1192; x_wconf 84' lang='lat' dir='ltr'><strong>aut</strong></span> <span class='ocrx_word' id='word_1_50' title='bbox 1171 1117 1371 1217; x_wconf 80' lang='lat' dir='ltr'><strong>⁵indignum</strong></span> 
     </span>
     <span class='ocr_line' id='line_1_8' title="bbox 304 1234 1444 1330; baseline 0 -28"><span class='ocrx_word' id='word_1_51' title='bbox 304 1235 319 1324; x_wconf 89' lang='lat'>(</span> <span class='ocrx_word' id='word_1_52' title='bbox 337 1251 375 1302; x_wconf 89' lang='lat' dir='ltr'><strong>ut</strong></span> <span class='ocrx_word' id='word_1_53' title='bbox 388 1236 532 1304; x_wconf 85' lang='lat' dir='ltr'><strong>inomni</strong></span> <span class='ocrx_word' id='word_1_54' title='bbox 544 1235 613 1303; x_wconf 87' lang='lat' dir='ltr'><strong>vitu</strong></span> <span class='ocrx_word' id='word_1_55' title='bbox 626 1234 773 1304; x_wconf 87' lang='lat' dir='ltr'><strong>humana</strong></span> <span class='ocrx_word' id='word_1_56' title='bbox 789 1235 895 1304; x_wconf 90' lang='lat' dir='ltr'><strong>multa</strong></span> <span class='ocrx_word' id='word_1_57' title='bbox 913 1253 991 1306; x_wconf 84' lang='lat' dir='ltr'><strong>tunt</strong></span> <span class='ocrx_word' id='word_1_58' title='bbox 1007 1239 1041 1327; x_wconf 90' lang='lat'><strong>)‚</strong></span> <span class='ocrx_word' id='word_1_59' title='bbox 1061 1252 1120 1306; x_wconf 87' lang='lat' dir='ltr'><strong>aut</strong></span> <span class='ocrx_word' id='word_1_60' title='bbox 1135 1259 1259 1330; x_wconf 87' lang='lat' dir='ltr'><strong>parum</strong></span> <span class='ocrx_word' id='word_1_61' title='bbox 1277 1259 1319 1304; x_wconf 86' lang='lat' dir='ltr'><strong>ex</strong></span> <span class='ocrx_word' id='word_1_62' title='bbox 1331 1235 1371 1302; x_wconf 86' lang='lat' dir='ltr'><strong>h·</strong></span> <span class='ocrx_word' id='word_1_63' title='bbox 1442 1249 1444 1276; x_wconf 69' lang='lat'><em>⁴</em></span> 
     </span>
     <span class='ocr_line' id='line_1_9' title="bbox 303 1351 1370 1447; baseline -0.001 -27"><span class='ocrx_word' id='word_1_64' title='bbox 303 1352 360 1420; x_wconf 85' lang='lat' dir='ltr'><strong>cili</strong></span> <span class='ocrx_word' id='word_1_65' title='bbox 376 1351 505 1434; x_wconf 85' lang='lat' dir='ltr'><strong>ssuena,</strong></span> <span class='ocrx_word' id='word_1_66' title='bbox 525 1367 585 1420; x_wconf 85' lang='lat' dir='ltr'><strong>aut</strong></span> <span class='ocrx_word' id='word_1_67' title='bbox 611 1351 753 1420; x_wconf 90' lang='lat' dir='ltr'><strong>multum</strong></span> <span class='ocrx_word' id='word_1_68' title='bbox 773 1355 935 1447; x_wconf 81' lang='lat' dir='ltr'><strong>temporit</strong></span> <span class='ocrx_word' id='word_1_69' title='bbox 955 1379 1011 1422; x_wconf 84' lang='lat' dir='ltr'><strong>res</strong></span> <span class='ocrx_word' id='word_1_70' title='bbox 1036 1378 1104 1424; x_wconf 91' lang='lat' dir='ltr'><strong>non</strong></span> <span class='ocrx_word' id='word_1_71' title='bbox 1129 1376 1257 1446; x_wconf 73' lang='lat' dir='ltr'><strong>magno</strong></span> <span class='ocrx_word' id='word_1_72' title='bbox 1282 1353 1370 1420; x_wconf 82' lang='lat' dir='ltr'><strong>aeati·</strong></span> 
     </span>
     <span class='ocr_line' id='line_1_10' title="bbox 303 1464 1370 1560; baseline 0 -26"><span class='ocrx_word' id='word_1_73' title='bbox 303 1464 435 1534; x_wconf 80' lang='lat' dir='ltr'><strong>mandae</strong></span> <span class='ocrx_word' id='word_1_74' title='bbox 450 1481 699 1560; x_wconf 76' lang='lat' dir='ltr'><strong>poposcerunt,</strong></span> <span class='ocrx_word' id='word_1_75' title='bbox 715 1465 760 1534; x_wconf 91' lang='lat' dir='ltr'><strong>ad</strong></span> <span class='ocrx_word' id='word_1_76' title='bbox 772 1468 878 1536; x_wconf 90' lang='lat' dir='ltr'><strong>otium</strong></span> <span class='ocrx_word' id='word_1_77' title='bbox 889 1483 1084 1550; x_wconf 84' lang='lat' dir='ltr'><strong>convertor,</strong></span> <span class='ocrx_word' id='word_1_78' title='bbox 1104 1483 1138 1536; x_wconf 85' lang='lat' dir='ltr'><strong>et</strong></span> <span class='ocrx_word' id='word_1_79' title='bbox 1149 1465 1370 1560; x_wconf 85' lang='lat' dir='ltr'><strong>quemadmo-</strong></span> 
     </span>
     <span class='ocr_line' id='line_1_11' title="bbox 304 1579 1370 1676; baseline -0.001 -27"><span class='ocrx_word' id='word_1_80' title='bbox 304 1582 385 1650; x_wconf 90' lang='lat' dir='ltr'><strong>dum</strong></span> <span class='ocrx_word' id='word_1_81' title='bbox 393 1581 594 1675; x_wconf 84' lang='lat' dir='ltr'><strong>peoorihua,</strong></span> <span class='ocrx_word' id='word_1_82' title='bbox 611 1581 759 1675; x_wconf 79' lang='lat' dir='ltr'><strong>fatigatis</strong></span> <span class='ocrx_word' id='word_1_83' title='bbox 768 1605 905 1676; x_wconf 85' lang='lat' dir='ltr'><strong>quoque</strong></span> <span class='ocrx_word' id='word_1_84' title='bbox 916 1633 925 1665; x_wconf 89' lang='lat'>,</span> <span class='ocrx_word' id='word_1_85' title='bbox 938 1581 1086 1652; x_wconf 81' lang='lat' dir='ltr'><strong>velocior</strong></span> <span class='ocrx_word' id='word_1_86' title='bbox 1094 1579 1234 1650; x_wconf 93' lang='lat' dir='ltr'><strong>domum</strong></span> <span class='ocrx_word' id='word_1_87' title='bbox 1247 1579 1370 1676; x_wconf 77' lang='lat' dir='ltr'><strong>grudm</strong></span> 
     </span>
     <span class='ocr_line' id='line_1_12' title="bbox 261 1689 1369 1798; baseline -0.004 -30"><span class='ocrx_word' id='word_1_88' title='bbox 261 1717 277 1768; x_wconf 84' lang='lat'>8</span> <span class='ocrx_word' id='word_1_89' title='bbox 304 1716 356 1768; x_wconf 82' lang='lat' dir='ltr'><strong>eet</strong></span> <span class='ocrx_word' id='word_1_90' title='bbox 378 1724 386 1765; x_wconf 75' lang='grc' dir='ltr'><em>τ</em></span> <span class='ocrx_word' id='word_1_91' title='bbox 412 1689 545 1792; x_wconf 82' lang='lat' dir='ltr'><strong>plaeet⁶</strong></span> <span class='ocrx_word' id='word_1_92' title='bbox 564 1699 655 1766; x_wconf 86' lang='lat' dir='ltr'><strong>intra</strong></span> <span class='ocrx_word' id='word_1_93' title='bbox 674 1699 822 1792; x_wconf 74' lang='lat' dir='ltr'><strong>parietes</strong></span> <span class='ocrx_word' id='word_1_94' title='bbox 843 1721 921 1766; x_wconf 77' lang='lat' dir='ltr'><strong>suos</strong></span> <span class='ocrx_word' id='word_1_95' title='bbox 941 1699 1043 1766; x_wconf 83' lang='lat' dir='ltr'><strong>vitam</strong></span> <span class='ocrx_word' id='word_1_96' title='bbox 1068 1721 1243 1798; x_wconf 74' lang='lat' dir='ltr'><strong>coeroere.</strong></span> <span class='ocrx_word' id='word_1_97' title='bbox 1267 1699 1369 1764; x_wconf 83' lang='lat' dir='ltr'><strong>Nemo</strong></span> 
     </span>
     <span class='ocr_line' id='line_1_13' title="bbox 305 1809 1370 1908; baseline -0.004 -26"><span class='ocrx_word' id='word_1_98' title='bbox 305 1814 411 1882; x_wconf 90' lang='lat' dir='ltr'><strong>ullum</strong></span> <span class='ocrx_word' id='word_1_99' title='bbox 425 1812 558 1881; x_wconf 85' lang='lat' dir='ltr'><strong>auferat</strong></span> <span class='ocrx_word' id='word_1_100' title='bbox 571 1812 682 1896; x_wconf 85' lang='lat' dir='ltr'><strong>diem,</strong></span> <span class='ocrx_word' id='word_1_101' title='bbox 700 1813 788 1880; x_wconf 89' lang='lat' dir='ltr'><strong>nihil</strong></span> <span class='ocrx_word' id='word_1_102' title='bbox 805 1810 946 1908; x_wconf 81' lang='lat' dir='ltr'><strong>dignum</strong></span> <span class='ocrx_word' id='word_1_103' title='bbox 961 1829 1054 1881; x_wconf 87' lang='lat' dir='ltr'><strong>tanto</strong></span> <span class='ocrx_word' id='word_1_104' title='bbox 1065 1809 1243 1906; x_wconf 85' lang='lat' dir='ltr'><strong>impendio</strong></span> <span class='ocrx_word' id='word_1_105' title='bbox 1256 1811 1370 1880; x_wconf 84' lang='lat' dir='ltr'><strong>reddi-</strong></span> 
     </span>
     <span class='ocr_line' id='line_1_14' title="bbox 305 1927 1370 2023; baseline -0.005 -25"><span class='ocrx_word' id='word_1_106' title='bbox 305 1933 417 1999; x_wconf 80' lang='lat' dir='ltr'><strong>turut⁷</strong></span> <span class='ocrx_word' id='word_1_107' title='bbox 438 1955 446 1997; x_wconf 72' lang='grc' dir='ltr'><strong>ι</strong></span> <span class='ocrx_word' id='word_1_108' title='bbox 470 1928 535 1996; x_wconf 82' lang='lat' dir='ltr'><strong>aihi</strong></span> <span class='ocrx_word' id='word_1_109' title='bbox 555 1929 627 2023; x_wconf 82' lang='lat' dir='ltr'><strong>ipae</strong></span> <span class='ocrx_word' id='word_1_110' title='bbox 651 1930 783 1998; x_wconf 82' lang='lat' dir='ltr'><strong>animus</strong></span> <span class='ocrx_word' id='word_1_111' title='bbox 805 1929 953 2013; x_wconf 71' lang='lat' dir='ltr'><strong>horeat,</strong></span> <span class='ocrx_word' id='word_1_112' title='bbox 981 1929 1137 2011; x_wconf 70' lang='lat' dir='ltr'><strong>recolat,</strong></span> <span class='ocrx_word' id='word_1_113' title='bbox 1162 1927 1252 1996; x_wconf 92' lang='lat' dir='ltr'><strong>nihil</strong></span> <span class='ocrx_word' id='word_1_114' title='bbox 1270 1927 1370 1995; x_wconf 84' lang='lat' dir='ltr'><strong>alieni</strong></span> 
     </span>
     <span class='ocr_line' id='line_1_15' title="bbox 302 2039 1371 2140; baseline -0.004 -26"><span class='ocrx_word' id='word_1_115' title='bbox 302 2061 401 2138; x_wconf 79' lang='lat' dir='ltr'><strong>agat,</strong></span> <span class='ocrx_word' id='word_1_116' title='bbox 420 2043 509 2112; x_wconf 90' lang='lat' dir='ltr'><strong>nihil</strong></span> <span class='ocrx_word' id='word_1_117' title='bbox 521 2042 614 2136; x_wconf 91' lang='lat' dir='ltr'><strong>quod</strong></span> <span class='ocrx_word' id='word_1_118' title='bbox 625 2042 671 2112; x_wconf 86' lang='lat' dir='ltr'><strong>ad</strong></span> <span class='ocrx_word' id='word_1_119' title='bbox 679 2043 831 2137; x_wconf 86' lang='lat' dir='ltr'><strong>judicem</strong></span> <span class='ocrx_word' id='word_1_120' title='bbox 842 2039 1013 2140; x_wconf 77' lang='lat' dir='ltr'><strong>spectet³:</strong></span> <span class='ocrx_word' id='word_1_121' title='bbox 1030 2061 1161 2114; x_wconf 85' lang='lat' dir='ltr'><strong>ametur</strong></span> <span class='ocrx_word' id='word_1_122' title='bbox 1172 2067 1298 2140; x_wconf 80' lang='lat' dir='ltr'><strong>erpere</strong></span> <span class='ocrx_word' id='word_1_123' title='bbox 1312 2069 1371 2138; x_wconf 91' lang='lat' dir='ltr'><strong>pu·</strong></span> 
     </span>
    </p>
   </div>
   <div class='ocr_carea' id='block_1_2' title="bbox 302 2235 1446 4262">
    <p class='ocr_par' dir='ltr' id='par_1_2' title="bbox 302 2235 1446 2772">
     <span class='ocr_line' id='line_1_16' title="bbox 303 2235 1446 2312; baseline -0.002 -23"><span class='ocrx_word' id='word_1_124' title='bbox 303 2257 372 2290; x_wconf 81' lang='lat' dir='ltr'><strong>curet</strong></span> <span class='ocrx_word' id='word_1_125' title='bbox 383 2235 519 2309; x_wconf 69' lang='lat' dir='ltr'><strong>sepissime</strong></span> <span class='ocrx_word' id='word_1_126' title='bbox 530 2255 575 2310; x_wconf 82' lang='lat' dir='ltr'><strong>pm</strong></span> <span class='ocrx_word' id='word_1_127' title='bbox 588 2235 710 2308; x_wconf 72' lang='lat' dir='ltr'><strong>dignitate</strong></span> <span class='ocrx_word' id='word_1_128' title='bbox 721 2257 814 2290; x_wconf 84' lang='lat' dir='ltr'><strong>consu·</strong></span> <span class='ocrx_word' id='word_1_129' title='bbox 864 2239 915 2290; x_wconf 77' lang='lat' dir='ltr'><strong>iere</strong></span> <span class='ocrx_word' id='word_1_130' title='bbox 925 2239 1068 2312; x_wconf 81' lang='lat' dir='ltr'><strong>perierunt,</strong></span> <span class='ocrx_word' id='word_1_131' title='bbox 1086 2237 1195 2290; x_wconf 76' lang='lat' dir='ltr'><strong>Fabricii</strong></span> <span class='ocrx_word' id='word_1_132' title='bbox 1205 2235 1277 2289; x_wconf 82' lang='lat' dir='ltr'><strong>Bibl.</strong></span> <span class='ocrx_word' id='word_1_133' title='bbox 1290 2237 1369 2289; x_wconf 67' lang='lat' dir='ltr'><strong>Grae.</strong></span> <span class='ocrx_word' id='word_1_134' title='bbox 1445 2275 1446 2304; x_wconf 57' lang='lat'><em>;</em></span> 
     </span>
     <span class='ocr_line' id='line_1_17' title="bbox 302 2313 1446 2390; baseline -0.003 -23"><span class='ocrx_word' id='word_1_135' title='bbox 302 2313 528 2386; x_wconf 75' lang='lat' dir='ltr'><strong>leriautproetoria</strong></span> <span class='ocrx_word' id='word_1_136' title='bbox 538 2315 809 2368; x_wconf 64' lang='lat' dir='ltr'><strong>nominenturdlorat.</strong></span> <span class='ocrx_word' id='word_1_137' title='bbox 864 2317 937 2370; x_wconf 86' lang='lat' dir='ltr'><strong>Tom.</strong></span> <span class='ocrx_word' id='word_1_138' title='bbox 960 2319 1006 2384; x_wconf 82' lang='lat' dir='ltr'><strong>Ill,</strong></span> <span class='ocrx_word' id='word_1_139' title='bbox 1024 2321 1073 2390; x_wconf 79' lang='lat'><strong>579</strong></span> <span class='ocrx_word' id='word_1_140' title='bbox 1087 2337 1139 2388; x_wconf 77' lang='lat' dir='ltr'>sqq.</span> <span class='ocrx_word' id='word_1_141' title='bbox 1161 2319 1260 2384; x_wconf 76' lang='lat' dir='ltr'><strong>SSosq.</strong></span> <span class='ocrx_word' id='word_1_142' title='bbox 1276 2313 1372 2366; x_wconf 72' lang='lat' dir='ltr'><strong>Harles-</strong></span> <span class='ocrx_word' id='word_1_143' title='bbox 1445 2333 1446 2340; x_wconf 55' lang='lat'>¹</span> 
     </span>
     <span class='ocr_line' id='line_1_18' title="bbox 304 2391 1370 2469; baseline -0.004 -22"><span class='ocrx_word' id='word_1_144' title='bbox 304 2394 348 2448; x_wconf 85' lang='lat' dir='ltr'><strong>lib.</strong></span> <span class='ocrx_word' id='word_1_145' title='bbox 360 2395 415 2457; x_wconf 89' lang='lat' dir='ltr'><strong>lll,</strong></span> <span class='ocrx_word' id='word_1_146' title='bbox 427 2391 478 2444; x_wconf 87' lang='lat' dir='ltr'><strong>Od.</strong></span> <span class='ocrx_word' id='word_1_147' title='bbox 492 2413 513 2447; x_wconf 86' lang='lat' dir='ltr'><strong>rt</strong></span> <span class='ocrx_word' id='word_1_148' title='bbox 527 2410 559 2445; x_wconf 74' lang='lat' dir='ltr'><strong>:e</strong></span> <span class='ocrx_word' id='word_1_149' title='bbox 568 2395 623 2447; x_wconf 82' lang='lat' dir='ltr'><strong>Ner</strong></span> <span class='ocrx_word' id='word_1_150' title='bbox 632 2396 709 2447; x_wconf 71' lang='lat' dir='ltr'><strong>sumit</strong></span> <span class='ocrx_word' id='word_1_151' title='bbox 718 2410 760 2448; x_wconf 82' lang='lat' dir='ltr'><strong>aut</strong></span> <span class='ocrx_word' id='word_1_152' title='bbox 769 2415 814 2469; x_wconf 91' lang='lat' dir='ltr'><strong>po·</strong></span> <span class='ocrx_word' id='word_1_153' title='bbox 865 2393 918 2448; x_wconf 86' lang='lat' dir='ltr'><strong>Cur</strong></span> <span class='ocrx_word' id='word_1_154' title='bbox 934 2408 1017 2450; x_wconf 78' lang='lat' dir='ltr'><strong>autem</strong></span> <span class='ocrx_word' id='word_1_155' title='bbox 1036 2395 1068 2448; x_wconf 83' lang='lat' dir='ltr'><strong>ad</strong></span> <span class='ocrx_word' id='word_1_156' title='bbox 1086 2395 1174 2469; x_wconf 89' lang='lat' dir='ltr'><strong>llemp.</strong></span> <span class='ocrx_word' id='word_1_157' title='bbox 1189 2411 1245 2445; x_wconf 86' lang='lat' dir='ltr'><strong>non</strong></span> <span class='ocrx_word' id='word_1_158' title='bbox 1258 2411 1370 2444; x_wconf 65' lang='lat' dir='ltr'><strong>ereme-</strong></span> 
     </span>
     <span class='ocr_line' id='line_1_19' title="bbox 304 2470 1371 2546; baseline -0.004 -22"><span class='ocrx_word' id='word_1_159' title='bbox 304 2473 447 2525; x_wconf 78' lang='lat' dir='ltr'><strong>nittecures</strong></span> <span class='ocrx_word' id='word_1_160' title='bbox 457 2471 571 2524; x_wconf 81' lang='lat' dir='ltr'><strong>Arbitrio</strong></span> <span class='ocrx_word' id='word_1_161' title='bbox 577 2472 703 2546; x_wconf 71' lang='lat' dir='ltr'><strong>popularis</strong></span> <span class='ocrx_word' id='word_1_162' title='bbox 714 2493 789 2526; x_wconf 79' lang='lat' dir='ltr'><strong>aurae.</strong></span> <span class='ocrx_word' id='word_1_163' title='bbox 798 2493 812 2518; x_wconf 68' lang='grc' dir='ltr'><em>ν</em></span> <span class='ocrx_word' id='word_1_164' title='bbox 864 2471 930 2536; x_wconf 83' lang='lat' dir='ltr'><strong>rint,</strong></span> <span class='ocrx_word' id='word_1_165' title='bbox 950 2489 1049 2525; x_wconf 73' lang='lat' dir='ltr'><strong>causam</strong></span> <span class='ocrx_word' id='word_1_166' title='bbox 1061 2473 1118 2526; x_wconf 81' lang='lat' dir='ltr'><strong>ride</strong></span> <span class='ocrx_word' id='word_1_167' title='bbox 1131 2473 1158 2526; x_wconf 87' lang='lat' dir='ltr'><strong>in</strong></span> <span class='ocrx_word' id='word_1_168' title='bbox 1171 2473 1278 2528; x_wconf 69' lang='lat' dir='ltr'><strong>Seuere</strong></span> <span class='ocrx_word' id='word_1_169' title='bbox 1289 2470 1351 2522; x_wconf 79' lang='lat' dir='ltr'><strong>lihro</strong></span> <span class='ocrx_word' id='word_1_170' title='bbox 1364 2487 1371 2520; x_wconf 93' lang='lat'>:</span> 
     </span>
     <span class='ocr_line' id='line_1_20' title="bbox 307 2547 1114 2624; baseline 0 -22"><span class='ocrx_word' id='word_1_171' title='bbox 307 2549 552 2613; x_wconf 68' lang='lat' dir='ltr'><strong>Lueretlihlllm.</strong></span> <span class='ocrx_word' id='word_1_172' title='bbox 565 2569 628 2623; x_wconf 72' lang='lat' dir='ltr'><strong>tooq</strong></span> <span class='ocrx_word' id='word_1_173' title='bbox 638 2567 645 2602; x_wconf 70' lang='grc' dir='ltr'><em>τ</em></span> <span class='ocrx_word' id='word_1_174' title='bbox 657 2550 726 2620; x_wconf 75' lang='lat' dir='ltr'><strong>«Qui</strong></span> <span class='ocrx_word' id='word_1_175' title='bbox 732 2562 815 2624; x_wconf 83' lang='lat' dir='ltr'><strong>petere</strong></span> <span class='ocrx_word' id='word_1_176' title='bbox 865 2547 896 2602; x_wconf 91' lang='lat' dir='ltr'><strong>de</strong></span> <span class='ocrx_word' id='word_1_177' title='bbox 905 2549 967 2602; x_wconf 82' lang='lat' dir='ltr'><strong>otio</strong></span> <span class='ocrx_word' id='word_1_178' title='bbox 980 2549 1114 2623; x_wconf 76' lang='lat' dir='ltr'><strong>Sapientis.</strong></span> 
     </span>
     <span class='ocr_line' id='line_1_21' title="bbox 306 2625 1372 2772; baseline -0.003 -92"><span class='ocrx_word' id='word_1_179' title='bbox 306 2649 323 2758; x_wconf 85' lang='lat' dir='ltr'><strong>la</strong></span> <span class='ocrx_word' id='word_1_180' title='bbox 345 2628 439 2758; x_wconf 62' lang='lat' dir='ltr'><strong>pppplo</strong></span> <span class='ocrx_word' id='word_1_181' title='bbox 466 2629 546 2682; x_wconf 73' lang='lat' dir='ltr'><strong>lueet</strong></span> <span class='ocrx_word' id='word_1_182' title='bbox 568 2647 696 2700; x_wconf 70' lang='lat' dir='ltr'><strong>utererque</strong></span> <span class='ocrx_word' id='word_1_183' title='bbox 719 2649 817 2682; x_wconf 77' lang='lat' dir='ltr'><strong>recurat</strong></span> <span class='ocrx_word' id='word_1_184' title='bbox 865 2625 1107 2772; x_wconf 37' lang='lat' dir='ltr'><strong>miazilmiqpujd</strong></span> <span class='ocrx_word' id='word_1_185' title='bbox 1115 2631 1372 2756; x_wconf 42' lang='lat' dir='ltr'><strong>aprppnrlpbrppepilg</strong></span> 
     </span>
    </p>

    <p class='ocr_par' dir='ltr' id='par_1_3' title="bbox 321 2725 1371 2765">
     <span class='ocr_line' id='line_1_22' title="bbox 321 2725 1371 2765; baseline -0.005 -7"><span class='ocrx_word' id='word_1_186' title='bbox 321 2727 345 2758; x_wconf 85' lang='lat' dir='ltr'><strong>tn</strong></span> <span class='ocrx_word' id='word_1_187' title='bbox 391 2727 399 2758; x_wconf 89' lang='lat' dir='ltr'><strong>r</strong></span> <span class='ocrx_word' id='word_1_188' title='bbox 432 2727 447 2752; x_wconf 74' lang='grc' dir='ltr'><strong>ι·</strong></span> <span class='ocrx_word' id='word_1_189' title='bbox 994 2725 1045 2765; x_wconf 79' lang='lat' dir='ltr'><strong>art,</strong></span> <span class='ocrx_word' id='word_1_190' title='bbox 1085 2725 1141 2758; x_wconf 82' lang='lat' dir='ltr'><strong>reus</strong></span> <span class='ocrx_word' id='word_1_191' title='bbox 1156 2725 1184 2756; x_wconf 88' lang='lat' dir='ltr'><strong>t.</strong></span> <span class='ocrx_word' id='word_1_192' title='bbox 1208 2725 1248 2756; x_wconf 76' lang='grc' dir='ltr'><strong>,ι</strong></span> <span class='ocrx_word' id='word_1_193' title='bbox 1364 2742 1371 2753; x_wconf 93' lang='grc'><em>.</em></span> 
     </span>
    </p>

    <p class='ocr_par' dir='ltr' id='par_1_4' title="bbox 307 2781 1375 2934">
     <span class='ocr_line' id='line_1_23' title="bbox 342 2781 1375 2858; baseline -0.006 -21"><span class='ocrx_word' id='word_1_194' title='bbox 342 2806 363 2837; x_wconf 88' lang='lat' dir='ltr'><strong>r.</strong></span> <span class='ocrx_word' id='word_1_195' title='bbox 383 2783 475 2838; x_wconf 80' lang='lat' dir='ltr'><strong>Placet</strong></span> <span class='ocrx_word' id='word_1_196' title='bbox 476 2820 513 2836; x_wconf 92' lang='grc'><strong>.....</strong></span> <span class='ocrx_word' id='word_1_197' title='bbox 531 2801 669 2852; x_wconf 81' lang='lat' dir='ltr'><strong>capessere.</strong></span> <span class='ocrx_word' id='word_1_198' title='bbox 691 2785 816 2836; x_wconf 80' lang='lat' dir='ltr'><strong>Nonam·</strong></span> <span class='ocrx_word' id='word_1_199' title='bbox 865 2781 973 2858; x_wconf 65' lang='lat' dir='ltr'><strong>pretulit</strong></span> <span class='ocrx_word' id='word_1_200' title='bbox 986 2783 1081 2856; x_wconf 78' lang='lat' dir='ltr'><strong>Lipsius</strong></span> <span class='ocrx_word' id='word_1_201' title='bbox 1092 2793 1115 2834; x_wconf 85' lang='lat' dir='ltr'><strong>et</strong></span> <span class='ocrx_word' id='word_1_202' title='bbox 1131 2782 1210 2835; x_wconf 80' lang='lat' dir='ltr'><strong>Gron.</strong></span> <span class='ocrx_word' id='word_1_203' title='bbox 1223 2783 1375 2835; x_wconf 74' lang='lat' dir='ltr'><strong>Anteetdd</strong></span> 
     </span>
     <span class='ocr_line' id='line_1_24' title="bbox 307 2862 1043 2934; baseline -0.004 -19"><span class='ocrx_word' id='word_1_204' title='bbox 307 2863 403 2916; x_wconf 84' lang='lat' dir='ltr'><strong>bitione</strong></span> <span class='ocrx_word' id='word_1_205' title='bbox 412 2875 436 2915; x_wconf 85' lang='lat' dir='ltr'><strong>et</strong></span> <span class='ocrx_word' id='word_1_206' title='bbox 446 2862 579 2934; x_wconf 81' lang='lat' dir='ltr'><strong>splendore</strong></span> <span class='ocrx_word' id='word_1_207' title='bbox 590 2873 697 2913; x_wconf 85' lang='lat' dir='ltr'><strong>motum.</strong></span> <span class='ocrx_word' id='word_1_208' title='bbox 865 2879 1043 2930; x_wconf 72' lang='lat' dir='ltr'><strong>quamquem.</strong></span> 
     </span>
    </p>

    <p class='ocr_par' dir='ltr' id='par_1_5' title="bbox 308 2936 1376 3478">
     <span class='ocr_line' id='line_1_25' title="bbox 342 2936 1373 3010; baseline -0.006 -16"><span class='ocrx_word' id='word_1_209' title='bbox 342 2940 820 3010; x_wconf 78' lang='lat' dir='ltr'><strong>2.Sim.Pmpinecompositussequor</strong></span> <span class='ocrx_word' id='word_1_210' title='bbox 900 2939 922 2990; x_wconf 82' lang='lat'><strong>5.</strong></span> <span class='ocrx_word' id='word_1_211' title='bbox 939 2937 1088 3006; x_wconf 69' lang='lat' dir='ltr'><strong>Indignum.</strong></span> <span class='ocrx_word' id='word_1_212' title='bbox 1101 2936 1178 3004; x_wconf 84' lang='lat' dir='ltr'><strong>Quod</strong></span> <span class='ocrx_word' id='word_1_213' title='bbox 1190 2939 1251 2990; x_wconf 81' lang='lat' dir='ltr'><strong>ferre</strong></span> <span class='ocrx_word' id='word_1_214' title='bbox 1263 2937 1308 2990; x_wconf 86' lang='lat' dir='ltr'><strong>ille</strong></span> <span class='ocrx_word' id='word_1_215' title='bbox 1321 2938 1373 2989; x_wconf 83' lang='lat' dir='ltr'><strong>mi-</strong></span> 
     </span>
     <span class='ocr_line' id='line_1_26' title="bbox 308 3007 1175 3087; baseline -0.01 -14"><span class='ocrx_word' id='word_1_216' title='bbox 308 3021 437 3073; x_wconf 83' lang='lat' dir='ltr'><strong>Zeuonem</strong></span> <span class='ocrx_word' id='word_1_217' title='bbox 440 3057 480 3072; x_wconf 90' lang='grc'><strong>.....</strong></span> <span class='ocrx_word' id='word_1_218' title='bbox 494 3021 571 3072; x_wconf 87' lang='lat' dir='ltr'><strong>llunc</strong></span> <span class='ocrx_word' id='word_1_219' title='bbox 585 3019 687 3087; x_wconf 68' lang='grc' dir='ltr'><strong>φράσιως</strong></span> <span class='ocrx_word' id='word_1_220' title='bbox 701 3015 817 3069; x_wconf 83' lang='lat' dir='ltr'><strong>ordinem</strong></span> <span class='ocrx_word' id='word_1_221' title='bbox 867 3015 934 3066; x_wconf 88' lang='lat' dir='ltr'><strong>nime</strong></span> <span class='ocrx_word' id='word_1_222' title='bbox 952 3013 1078 3066; x_wconf 78' lang='lat' dir='ltr'><strong>debuerat.</strong></span> <span class='ocrx_word' id='word_1_223' title='bbox 1170 3007 1175 3018; x_wconf 80' lang='lat'>&#39;</span> 
     </span>
     <span class='ocr_line' id='line_1_27' title="bbox 310 3091 1375 3170; baseline -0.006 -19"><span class='ocrx_word' id='word_1_224' title='bbox 310 3111 334 3151; x_wconf 85' lang='lat' dir='ltr'><strong>et</strong></span> <span class='ocrx_word' id='word_1_225' title='bbox 345 3099 421 3151; x_wconf 70' lang='lat' dir='ltr'><strong>adleta</strong></span> <span class='ocrx_word' id='word_1_226' title='bbox 434 3097 638 3170; x_wconf 79' lang='lat' dir='ltr'><strong>dispositionem,</strong></span> <span class='ocrx_word' id='word_1_227' title='bbox 651 3115 724 3147; x_wconf 75' lang='lat' dir='ltr'><strong>sensu</strong></span> <span class='ocrx_word' id='word_1_228' title='bbox 737 3106 817 3166; x_wconf 81' lang='lat' dir='ltr'><strong>postu-</strong></span> <span class='ocrx_word' id='word_1_229' title='bbox 888 3093 912 3144; x_wconf 86' lang='grc'><strong>6.</strong></span> <span class='ocrx_word' id='word_1_230' title='bbox 919 3093 1015 3145; x_wconf 79' lang='lat' dir='ltr'><strong>Placet.</strong></span> <span class='ocrx_word' id='word_1_231' title='bbox 1025 3091 1118 3144; x_wconf 74' lang='lat' dir='ltr'><strong>Animo</strong></span> <span class='ocrx_word' id='word_1_232' title='bbox 1124 3113 1218 3166; x_wconf 86' lang='lat' dir='ltr'><strong>nempe.</strong></span> <span class='ocrx_word' id='word_1_233' title='bbox 1227 3093 1307 3161; x_wconf 80' lang='lat' dir='ltr'><strong>Quod</strong></span> <span class='ocrx_word' id='word_1_234' title='bbox 1314 3113 1375 3145; x_wconf 81' lang='lat' dir='ltr'><strong>mox</strong></span> 
     </span>
     <span class='ocr_line' id='line_1_28' title="bbox 309 3167 1376 3242; baseline -0.007 -14"><span class='ocrx_word' id='word_1_235' title='bbox 309 3176 377 3228; x_wconf 76' lang='lat' dir='ltr'><strong>lente</strong></span> <span class='ocrx_word' id='word_1_236' title='bbox 404 3187 428 3227; x_wconf 87' lang='lat' dir='ltr'><strong>et</strong></span> <span class='ocrx_word' id='word_1_237' title='bbox 449 3175 556 3227; x_wconf 77' lang='lat' dir='ltr'><strong>Ereemo</strong></span> <span class='ocrx_word' id='word_1_238' title='bbox 578 3184 725 3238; x_wconf 83' lang='lat' dir='ltr'><strong>annuente,</strong></span> <span class='ocrx_word' id='word_1_239' title='bbox 750 3170 817 3224; x_wconf 87' lang='lat' dir='ltr'><strong>dedi.</strong></span> <span class='ocrx_word' id='word_1_240' title='bbox 866 3170 1075 3241; x_wconf 75' lang='lat' dir='ltr'><strong>requitur,intm</strong></span> <span class='ocrx_word' id='word_1_241' title='bbox 1088 3173 1197 3238; x_wconf 73' lang='lat' dir='ltr'><strong>parietes</strong></span> <span class='ocrx_word' id='word_1_242' title='bbox 1207 3167 1376 3242; x_wconf 70' lang='lat' dir='ltr'><strong>suos,fingit</strong></span> 
     </span>
     <span class='ocr_line' id='line_1_29' title="bbox 310 3245 1376 3319; baseline -0.005 -15"><span class='ocrx_word' id='word_1_243' title='bbox 310 3251 393 3304; x_wconf 75' lang='lat' dir='ltr'><strong>Antea</strong></span> <span class='ocrx_word' id='word_1_244' title='bbox 411 3269 418 3304; x_wconf 78' lang='lat' dir='ltr'><strong>t</strong></span> <span class='ocrx_word' id='word_1_245' title='bbox 436 3250 510 3316; x_wconf 83' lang='lat' dir='ltr'><strong>Sim,</strong></span> <span class='ocrx_word' id='word_1_246' title='bbox 531 3254 639 3319; x_wconf 82' lang='lat' dir='ltr'><strong>propius</strong></span> <span class='ocrx_word' id='word_1_247' title='bbox 655 3253 819 3318; x_wconf 76' lang='lat' dir='ltr'><strong>compositus,</strong></span> <span class='ocrx_word' id='word_1_248' title='bbox 868 3246 1003 3298; x_wconf 74' lang='lat' dir='ltr'><strong>humanam</strong></span> <span class='ocrx_word' id='word_1_249' title='bbox 1020 3259 1129 3298; x_wconf 88' lang='lat' dir='ltr'><strong>mentem</strong></span> <span class='ocrx_word' id='word_1_250' title='bbox 1141 3267 1190 3300; x_wconf 70' lang='lat' dir='ltr'><strong>esse</strong></span> <span class='ocrx_word' id='word_1_251' title='bbox 1202 3245 1272 3300; x_wconf 82' lang='lat' dir='ltr'><strong>velut</strong></span> <span class='ocrx_word' id='word_1_252' title='bbox 1282 3247 1376 3318; x_wconf 85' lang='lat' dir='ltr'><strong>quod-</strong></span> 
     </span>
     <span class='ocr_line' id='line_1_30' title="bbox 310 3322 1376 3398; baseline -0.005 -17"><span class='ocrx_word' id='word_1_253' title='bbox 310 3328 412 3398; x_wconf 77' lang='lat' dir='ltr'><strong>Sequor</strong></span> <span class='ocrx_word' id='word_1_254' title='bbox 413 3367 487 3383; x_wconf 89' lang='grc'>.........</span> <span class='ocrx_word' id='word_1_255' title='bbox 503 3331 666 3398; x_wconf 75' lang='lat' dir='ltr'><strong>Conopose&#39;tus</strong></span> <span class='ocrx_word' id='word_1_256' title='bbox 683 3346 697 3380; x_wconf 85' lang='lat' dir='ltr'><strong>e</strong></span> <span class='ocrx_word' id='word_1_257' title='bbox 709 3327 782 3381; x_wconf 89' lang='lat' dir='ltr'><strong>codd.</strong></span> <span class='ocrx_word' id='word_1_258' title='bbox 796 3339 820 3381; x_wconf 82' lang='lat' dir='ltr'><strong>et</strong></span> <span class='ocrx_word' id='word_1_259' title='bbox 868 3322 1023 3377; x_wconf 79' lang='lat' dir='ltr'><strong>damianum</strong></span> <span class='ocrx_word' id='word_1_260' title='bbox 1037 3335 1059 3374; x_wconf 83' lang='lat' dir='ltr'><strong>et</strong></span> <span class='ocrx_word' id='word_1_261' title='bbox 1068 3325 1201 3376; x_wconf 74' lang='lat' dir='ltr'><strong>terrarium</strong></span> <span class='ocrx_word' id='word_1_262' title='bbox 1214 3323 1281 3377; x_wconf 84' lang='lat' dir='ltr'><strong>:hue</strong></span> <span class='ocrx_word' id='word_1_263' title='bbox 1292 3325 1376 3376; x_wconf 80' lang='lat' dir='ltr'><strong>homo</strong></span> 
     </span>
     <span class='ocr_line' id='line_1_31' title="bbox 310 3399 1323 3478; baseline -0.004 -20"><span class='ocrx_word' id='word_1_264' title='bbox 310 3408 407 3460; x_wconf 78' lang='lat' dir='ltr'><strong>Emm.</strong></span> <span class='ocrx_word' id='word_1_265' title='bbox 417 3409 514 3470; x_wconf 80' lang='lat' dir='ltr'><strong>Antea,</strong></span> <span class='ocrx_word' id='word_1_266' title='bbox 524 3410 635 3478; x_wconf 80' lang='lat' dir='ltr'><strong>positus.</strong></span> <span class='ocrx_word' id='word_1_267' title='bbox 868 3401 999 3474; x_wconf 74' lang='lat' dir='ltr'><strong>confugit,</strong></span> <span class='ocrx_word' id='word_1_268' title='bbox 1009 3399 1082 3453; x_wconf 72' lang='lat' dir='ltr'><strong>rebus</strong></span> <span class='ocrx_word' id='word_1_269' title='bbox 1093 3401 1197 3453; x_wconf 75' lang='lat' dir='ltr'><strong>externit</strong></span> <span class='ocrx_word' id='word_1_270' title='bbox 1210 3400 1323 3454; x_wconf 65' lang='lat' dir='ltr'><strong>leuatus.</strong></span> 
     </span>
    </p>

    <p class='ocr_par' dir='ltr' id='par_1_6' title="bbox 310 3477 1380 4262">
     <span class='ocr_line' id='line_1_32' title="bbox 344 3477 1377 3556; baseline -0.008 -18"><span class='ocrx_word' id='word_1_271' title='bbox 344 3486 367 3538; x_wconf 83' lang='lat'><strong>3.</strong></span> <span class='ocrx_word' id='word_1_272' title='bbox 374 3485 490 3554; x_wconf 79' lang='lat' dir='ltr'><strong>Propius</strong></span> <span class='ocrx_word' id='word_1_273' title='bbox 503 3488 659 3554; x_wconf 79' lang='lat' dir='ltr'><strong>compositus</strong></span> <span class='ocrx_word' id='word_1_274' title='bbox 734 3485 820 3556; x_wconf 77' lang='lat' dir='ltr'><strong>Chry·</strong></span> <span class='ocrx_word' id='word_1_275' title='bbox 901 3499 924 3543; x_wconf 87' lang='lat'><strong>7.</strong></span> <span class='ocrx_word' id='word_1_276' title='bbox 934 3477 1017 3529; x_wconf 82' lang='lat' dir='ltr'><strong>Nemo</strong></span> <span class='ocrx_word' id='word_1_277' title='bbox 1027 3479 1109 3530; x_wconf 80' lang='lat' dir='ltr'><strong>ullum</strong></span> <span class='ocrx_word' id='word_1_278' title='bbox 1123 3479 1225 3551; x_wconf 83' lang='lat' dir='ltr'><strong>ausemt</strong></span> <span class='ocrx_word' id='word_1_279' title='bbox 1233 3479 1308 3530; x_wconf 84' lang='lat' dir='ltr'><strong>diem</strong></span> <span class='ocrx_word' id='word_1_280' title='bbox 1316 3518 1377 3532; x_wconf 75' lang='lat'><em>......</em></span> 
     </span>
     <span class='ocr_line' id='line_1_33' title="bbox 310 3555 1377 3636; baseline -0.007 -20"><span class='ocrx_word' id='word_1_281' title='bbox 310 3565 424 3634; x_wconf 73' lang='lat' dir='ltr'><strong>rippam.</strong></span> <span class='ocrx_word' id='word_1_282' title='bbox 444 3563 575 3636; x_wconf 74' lang='lat' dir='ltr'><strong>Principes</strong></span> <span class='ocrx_word' id='word_1_283' title='bbox 591 3561 756 3615; x_wconf 78' lang='lat' dir='ltr'><strong>rectaestoicte</strong></span> <span class='ocrx_word' id='word_1_284' title='bbox 768 3581 820 3614; x_wconf 79' lang='lat' dir='ltr'><strong>este</strong></span> <span class='ocrx_word' id='word_1_285' title='bbox 870 3557 1024 3610; x_wconf 76' lang='lat' dir='ltr'><strong>redditurus.</strong></span> <span class='ocrx_word' id='word_1_286' title='bbox 1044 3555 1116 3608; x_wconf 85' lang='lat' dir='ltr'><strong>Nulli</strong></span> <span class='ocrx_word' id='word_1_287' title='bbox 1138 3555 1377 3628; x_wconf 80' lang='lat' dir='ltr'><strong>homiuiternpor&#39;n</strong></span> 
     </span>
     <span class='ocr_line' id='line_1_34' title="bbox 310 3635 1374 3712; baseline -0.006 -18"><span class='ocrx_word' id='word_1_288' title='bbox 310 3643 442 3706; x_wconf 82' lang='lat' dir='ltr'><strong>Zenonem</strong></span> <span class='ocrx_word' id='word_1_289' title='bbox 455 3640 590 3704; x_wconf 84' lang='lat' dir='ltr'><strong>Cittieum,</strong></span> <span class='ocrx_word' id='word_1_290' title='bbox 606 3639 752 3692; x_wconf 76' lang='lat' dir='ltr'><strong>Cleanthem</strong></span> <span class='ocrx_word' id='word_1_291' title='bbox 765 3641 821 3712; x_wconf 79' lang='lat' dir='ltr'><strong>Ly-</strong></span> <span class='ocrx_word' id='word_1_292' title='bbox 869 3635 975 3710; x_wconf 75' lang='lat' dir='ltr'><strong>epatium</strong></span> <span class='ocrx_word' id='word_1_293' title='bbox 995 3635 1035 3687; x_wconf 87' lang='lat' dir='ltr'><strong>vel</strong></span> <span class='ocrx_word' id='word_1_294' title='bbox 1055 3635 1189 3687; x_wconf 85' lang='lat' dir='ltr'><strong>minimum</strong></span> <span class='ocrx_word' id='word_1_295' title='bbox 1205 3635 1374 3708; x_wconf 73' lang='lat' dir='ltr'><strong>impendam!</strong></span> 
     </span>
     <span class='ocr_line' id='line_1_35' title="bbox 311 3709 1378 3791; baseline -0.004 -23"><span class='ocrx_word' id='word_1_296' title='bbox 311 3722 394 3784; x_wconf 84' lang='lat' dir='ltr'><strong>cium,</strong></span> <span class='ocrx_word' id='word_1_297' title='bbox 416 3733 439 3770; x_wconf 81' lang='lat' dir='ltr'><strong>et</strong></span> <span class='ocrx_word' id='word_1_298' title='bbox 452 3716 620 3791; x_wconf 76' lang='lat' dir='ltr'><strong>Chrysippum</strong></span> <span class='ocrx_word' id='word_1_299' title='bbox 631 3719 776 3786; x_wconf 60' lang='lat' dir='ltr'><strong>Solensem,</strong></span> <span class='ocrx_word' id='word_1_300' title='bbox 789 3717 822 3770; x_wconf 85' lang='lat' dir='ltr'><strong>il·</strong></span> <span class='ocrx_word' id='word_1_301' title='bbox 870 3711 994 3783; x_wconf 82' lang='lat' dir='ltr'><strong>quidquid</strong></span> <span class='ocrx_word' id='word_1_302' title='bbox 1014 3711 1134 3766; x_wconf 74' lang='lat' dir='ltr'><strong>mercedis</strong></span> <span class='ocrx_word' id='word_1_303' title='bbox 1148 3711 1190 3764; x_wconf 79' lang='lat' dir='ltr'><strong>ille</strong></span> <span class='ocrx_word' id='word_1_304' title='bbox 1202 3709 1269 3762; x_wconf 80' lang='lat' dir='ltr'><strong>mihi</strong></span> <span class='ocrx_word' id='word_1_305' title='bbox 1281 3713 1378 3764; x_wconf 81' lang='lat' dir='ltr'><strong>reddi-</strong></span> 
     </span>
     <span class='ocr_line' id='line_1_36' title="bbox 311 3791 1379 3870; baseline -0.007 -18"><span class='ocrx_word' id='word_1_306' title='bbox 311 3801 365 3853; x_wconf 90' lang='lat' dir='ltr'><strong>lum</strong></span> <span class='ocrx_word' id='word_1_307' title='bbox 383 3798 488 3870; x_wconf 89' lang='lat' dir='ltr'><strong>quidem</strong></span> <span class='ocrx_word' id='word_1_308' title='bbox 506 3797 632 3861; x_wconf 73' lang='lat' dir='ltr'><strong>Zenonis,</strong></span> <span class='ocrx_word' id='word_1_309' title='bbox 653 3797 821 3869; x_wconf 79' lang='lat' dir='ltr'><strong>Chrysippum</strong></span> <span class='ocrx_word' id='word_1_310' title='bbox 870 3803 938 3843; x_wconf 77' lang='lat' dir='ltr'><strong>turns</strong></span> <span class='ocrx_word' id='word_1_311' title='bbox 954 3805 1005 3858; x_wconf 72' lang='lat' dir='ltr'><strong>est,</strong></span> <span class='ocrx_word' id='word_1_312' title='bbox 1024 3791 1089 3844; x_wconf 86' lang='lat' dir='ltr'><strong>nihil</strong></span> <span class='ocrx_word' id='word_1_313' title='bbox 1104 3791 1184 3844; x_wconf 90' lang='lat' dir='ltr'><strong>reddit</strong></span> <span class='ocrx_word' id='word_1_314' title='bbox 1198 3791 1317 3864; x_wconf 72' lang='lat' dir='ltr'><strong>impensa</strong></span> <span class='ocrx_word' id='word_1_315' title='bbox 1335 3795 1379 3846; x_wconf 72' lang='lat' dir='ltr'><strong>rel</strong></span> 
     </span>
     <span class='ocr_line' id='line_1_37' title="bbox 311 3869 1088 3948; baseline -0.012 -18"><span class='ocrx_word' id='word_1_316' title='bbox 311 3899 371 3932; x_wconf 87' lang='lat' dir='ltr'><strong>vero</strong></span> <span class='ocrx_word' id='word_1_317' title='bbox 397 3875 528 3930; x_wconf 74' lang='lat' dir='ltr'><strong>Cleanthis</strong></span> <span class='ocrx_word' id='word_1_318' title='bbox 556 3875 733 3948; x_wconf 75' lang='lat' dir='ltr'><strong>discipulum,</strong></span> <span class='ocrx_word' id='word_1_319' title='bbox 766 3874 822 3943; x_wconf 79' lang='lat' dir='ltr'><strong>quis</strong></span> <span class='ocrx_word' id='word_1_320' title='bbox 870 3869 963 3922; x_wconf 77' lang='lat' dir='ltr'><strong>tantula</strong></span> <span class='ocrx_word' id='word_1_321' title='bbox 976 3871 1088 3943; x_wconf 76' lang='lat' dir='ltr'><strong>dignum.</strong></span> 
     </span>
     <span class='ocr_line' id='line_1_38' title="bbox 311 3949 1378 4030; baseline -0.003 -22"><span class='ocrx_word' id='word_1_322' title='bbox 311 3955 432 4030; x_wconf 78' lang='lat' dir='ltr'><strong>ignorat?</strong></span> <span class='ocrx_word' id='word_1_323' title='bbox 442 3955 494 4023; x_wconf 88' lang='lat' dir='ltr'><strong>Qui</strong></span> <span class='ocrx_word' id='word_1_324' title='bbox 504 3955 577 4028; x_wconf 84' lang='lat' dir='ltr'><strong>plura</strong></span> <span class='ocrx_word' id='word_1_325' title='bbox 586 3965 669 4006; x_wconf 84' lang='lat' dir='ltr'><strong>tameo</strong></span> <span class='ocrx_word' id='word_1_326' title='bbox 683 3951 713 4003; x_wconf 85' lang='lat' dir='ltr'><strong>do</strong></span> <span class='ocrx_word' id='word_1_327' title='bbox 721 3952 752 4004; x_wconf 78' lang='lat' dir='ltr'><strong>iis</strong></span> <span class='ocrx_word' id='word_1_328' title='bbox 760 3949 823 4004; x_wconf 87' lang='lat' dir='ltr'><strong>edo·</strong></span> <span class='ocrx_word' id='word_1_329' title='bbox 903 3949 926 4002; x_wconf 89' lang='lat'><strong>8.</strong></span> <span class='ocrx_word' id='word_1_330' title='bbox 943 3951 1018 4003; x_wconf 79' lang='lat' dir='ltr'><strong>Nihil</strong></span> <span class='ocrx_word' id='word_1_331' title='bbox 1026 3953 1096 4017; x_wconf 80' lang='lat' dir='ltr'><strong>quod</strong></span> <span class='ocrx_word' id='word_1_332' title='bbox 1104 3951 1258 4018; x_wconf 68' lang='lat' dir='ltr'><strong>adjudatem</strong></span> <span class='ocrx_word' id='word_1_333' title='bbox 1274 3963 1378 4020; x_wconf 72' lang='lat' dir='ltr'><strong>spu-tet.</strong></span> 
     </span>
     <span class='ocr_line' id='line_1_39' title="bbox 312 4025 1380 4104; baseline -0.004 -18"><span class='ocrx_word' id='word_1_334' title='bbox 312 4037 362 4086; x_wconf 80' lang='lat' dir='ltr'><strong>ceri</strong></span> <span class='ocrx_word' id='word_1_335' title='bbox 375 4035 455 4099; x_wconf 84' lang='lat' dir='ltr'><strong>velit,</strong></span> <span class='ocrx_word' id='word_1_336' title='bbox 479 4033 501 4085; x_wconf 76' lang='lat' dir='ltr'><strong>it</strong></span> <span class='ocrx_word' id='word_1_337' title='bbox 512 4032 628 4085; x_wconf 78' lang='lat' dir='ltr'><strong>consulat</strong></span> <span class='ocrx_word' id='word_1_338' title='bbox 643 4031 820 4094; x_wconf 70' lang='lat' dir='ltr'><strong>Yl&#39;edemann,</strong></span> <span class='ocrx_word' id='word_1_339' title='bbox 871 4025 950 4094; x_wconf 70' lang='lat' dir='ltr'><strong>idest,</strong></span> <span class='ocrx_word' id='word_1_340' title='bbox 958 4028 992 4078; x_wconf 75' lang='lat' dir='ltr'><strong>ait</strong></span> <span class='ocrx_word' id='word_1_341' title='bbox 1000 4027 1130 4099; x_wconf 76' lang='lat' dir='ltr'><strong>Ruhdops,</strong></span> <span class='ocrx_word' id='word_1_342' title='bbox 1142 4027 1286 4098; x_wconf 87' lang='lat' dir='ltr'><strong>nihilquod</strong></span> <span class='ocrx_word' id='word_1_343' title='bbox 1295 4029 1380 4104; x_wconf 70' lang='lat' dir='ltr'><strong>litiga·</strong></span> 
     </span>
     <span class='ocr_line' id='line_1_40' title="bbox 312 4103 1380 4184; baseline 0 -25"><span class='ocrx_word' id='word_1_344' title='bbox 312 4113 347 4178; x_wconf 80' lang='lat' dir='ltr'><strong>ll,</strong></span> <span class='ocrx_word' id='word_1_345' title='bbox 356 4115 404 4184; x_wconf 77' lang='lat'><strong>4²7</strong></span> <span class='ocrx_word' id='word_1_346' title='bbox 412 4111 497 4180; x_wconf 69' lang='lat'><strong>’43²</strong></span> <span class='ocrx_word' id='word_1_347' title='bbox 508 4151 515 4180; x_wconf 61' lang='lat'><strong>7</strong></span> <span class='ocrx_word' id='word_1_348' title='bbox 525 4123 549 4162; x_wconf 75' lang='lat' dir='ltr'><strong>et</strong></span> <span class='ocrx_word' id='word_1_349' title='bbox 561 4109 592 4160; x_wconf 77' lang='lat' dir='ltr'><strong>de</strong></span> <span class='ocrx_word' id='word_1_350' title='bbox 606 4129 694 4162; x_wconf 69' lang='lat' dir='ltr'><strong>eorum</strong></span> <span class='ocrx_word' id='word_1_351' title='bbox 706 4107 820 4180; x_wconf 69' lang='lat' dir='ltr'><strong>scriptis,</strong></span> <span class='ocrx_word' id='word_1_352' title='bbox 870 4103 964 4156; x_wconf 83' lang='lat' dir='ltr'><strong>tionem</strong></span> <span class='ocrx_word' id='word_1_353' title='bbox 974 4125 1002 4158; x_wconf 82' lang='lat' dir='ltr'><strong>ae</strong></span> <span class='ocrx_word' id='word_1_354' title='bbox 1015 4106 1092 4158; x_wconf 76' lang='lat' dir='ltr'><strong>rixam</strong></span> <span class='ocrx_word' id='word_1_355' title='bbox 1111 4125 1167 4158; x_wconf 86' lang='lat' dir='ltr'><strong>cum</strong></span> <span class='ocrx_word' id='word_1_356' title='bbox 1182 4105 1270 4176; x_wconf 80' lang='lat' dir='ltr'><strong>aliquo</strong></span> <span class='ocrx_word' id='word_1_357' title='bbox 1289 4127 1380 4159; x_wconf 79' lang='lat' dir='ltr'><strong>eorem</strong></span> 
     </span>
     <span class='ocr_line' id='line_1_41' title="bbox 313 4181 1380 4262; baseline -0.006 -20"><span class='ocrx_word' id='word_1_358' title='bbox 313 4209 369 4262; x_wconf 72' lang='lat' dir='ltr'><strong>quae</strong></span> <span class='ocrx_word' id='word_1_359' title='bbox 384 4189 488 4260; x_wconf 82' lang='lat' dir='ltr'><strong>quidem</strong></span> <span class='ocrx_word' id='word_1_360' title='bbox 509 4188 589 4242; x_wconf 83' lang='lat' dir='ltr'><strong>multa</strong></span> <span class='ocrx_word' id='word_1_361' title='bbox 603 4189 684 4253; x_wconf 80' lang='lat' dir='ltr'><strong>luere,</strong></span> <span class='ocrx_word' id='word_1_362' title='bbox 696 4200 719 4239; x_wconf 89' lang='lat' dir='ltr'><strong>et</strong></span> <span class='ocrx_word' id='word_1_363' title='bbox 731 4185 819 4239; x_wconf 81' lang='lat' dir='ltr'><strong>omnia</strong></span> <span class='ocrx_word' id='word_1_364' title='bbox 870 4181 951 4255; x_wconf 81' lang='lat' dir='ltr'><strong>judice</strong></span> <span class='ocrx_word' id='word_1_365' title='bbox 963 4195 1073 4251; x_wconf 82' lang='lat' dir='ltr'><strong>moreat,</strong></span> <span class='ocrx_word' id='word_1_366' title='bbox 1087 4196 1220 4236; x_wconf 75' lang='lat' dir='ltr'><strong>attentem</strong></span> <span class='ocrx_word' id='word_1_367' title='bbox 1229 4203 1319 4254; x_wconf 76' lang='lat' dir='ltr'><strong>egere,</strong></span> <span class='ocrx_word' id='word_1_368' title='bbox 1331 4205 1380 4236; x_wconf 77' lang='lat' dir='ltr'><strong>ee-</strong></span> 
     </span>
    </p>
   </div>
   <div class='ocr_carea' id='block_1_3' title="bbox 0 0 1463 4954">
    <p class='ocr_par' dir='ltr' id='par_1_7' title="bbox 0 0 1463 4954">
     <span class='ocr_line' id='line_1_42' title="bbox 0 0 1463 4954; baseline 0 0"><span class='ocrx_word' id='word_1_369' title='bbox 0 0 1463 4954; x_wconf 95' lang='lat' dir='ltr'><strong> </strong></span> 
     </span>
    </p>
   </div>
  </div>
 </body>
</html>
