2926 4958
301 507 370 576 AD
394 507 564 578 STOIC.
590 505 798 576 PHILOS.
824 505 922 573 LIB.
948 503 1000 570 II.
1144 505 1196 572 elv

123 657 202 722 llaec
218 672 287 722 sunt
307 658 358 720 illa
370 657 444 720 olim
462 657 612 721 celebrata
624 664 773 742 Προηγμένα
787 663 831 718 eat
847 657 1049 740 Anonponypiea
1056 653 1200 718 Zenonis.

122 763 190 826 llas
204 765 287 826 enim
302 785 391 826 voces
402 765 518 848 primus
528 763 580 825 ille
591 763 660 826 buic
670 764 716 826 rei
726 763 865 847 procudit
874 776 905 824 et
914 761 1055 845 apposuit
1067 785 1078 821 .·
1090 774 1122 822 nt
1130 759 1199 822 Dil-

120 871 281 934 lerentiam
301 873 380 934 inter
396 873 460 956 ipsa
474 871 677 935 lodiss'ereutia
694 871 835 955 aperiret.
850 869 933 952 Quid
951 867 1154 932 euimiMors
1168 881 1199 932 et

118 975 191 1038 Vita
208 976 332 1049 eadem;
348 991 400 1039 aut
416 977 611 1039 aestimatione
627 977 754 1039 eadem?
766 974 852 1060 Opes
863 989 893 1038 et
902 974 1028 1061 Inopia?
1043 974 1196 1038 Veletndo

117 1097 147 1144 et
167 1081 323 1146 Morbus?
343 1082 437 1168 Igitur
457 1081 560 1146 Stoico
582 1104 669 1146 more
692 1083 792 1147 divisit
812 1076 949 1146 subtiliu'e
971 1106 979 1141 ι
1002 1094 1033 1144 et
1057 1085 1194 1164 qtraedam

116 1197 271 1274 upon-,plna
281 1189 377 1264 dixit,
394 1187 500 1252 Latine
517 1186 627 1253 Cicero
643 1187 792 1253 Producta
809 1189 871 1252 sive
888 1187 1053 1266 Promota,
1069 1189 1108 1251 ad
1124 1209 1197 1252 ver·-

117 1296 208 1368 bum3
224 1299 263 1358 ad
278 1318 418 1370 sensum,
435 1294 600 1386 Praeposito
618 1294 880 1380 aive-Praecipua,
899 1296 970 1378 quia
988 1297 1141 1372 eminent,
1166 1307 1197 1357 et

118 1405 149 1466 in
161 1405 302 1489 eligendo
315 1406 384 1468 aliis
397 1391 628 1490 anteponuntur.
643 1403 774 1486 (ill-De
784 1403 871 1482 Pin.)
885 1405 1024 1468 Adversa
1039 1417 1142 1466 autem
1156 1404 1197 1466 is·

119 1512 156 1574 tis
178 1513 253 1574 dixit
278 1503 500 1597 lmnponppbe,
522 1535 588 1594 quae
603 1513 685 1574 idem
695 1508 812 1575 'Cicero
827 1517 905 1597 (pro
922 1533 1036 1590 sensu,
1058 1531 1121 1604 non
1137 1532 1196 1594 pro

122 1623 219 1699 voce)
235 1618 372 1703 Reiecta.
395 1617 481 1698 (th
503 1619 591 1695 ibid.)
618 1615 717 1683 Causa
735 1617 847 1680 borum
865 1618 1043 1697 nominum,
1069 1639 1104 1680 ex
1128 1617 1195 1702 ipso

122 1727 265 1803 Zenone,
282 1727 348 1790 baec
364 1741 431 1789 est:
449 1725 522 1788 «Ut
536 1725 664 1806 (aiebat)
677 1747 768 1788 neruo
783 1725 855 1789 dicit
868 1727 899 1788 in
912 1727 996 1810 regia
1011 1723 1132 1809 Regem
1146 1725 1196 1808 ip-

124 1853 187 1894 sum
200 1834 288 1915 quasi
301 1835 479 1916 productum
496 1853 560 1894 esse
575 1833 614 1893 ad
624 1833 797 1915 dignitatem
809 1831 855 1910 (id
866 1833 950 1894 enirn
960 1844 1005 1894 est
1020 1829 1194 1916 rponyptaoe)

126 1943 175 2002 set
188 1941 304 2022 eosqui
315 1941 346 2001 in
358 1940 457 2022 aliquo
472 1938 588 2000 bonore
599 1939 677 2016 sint,
695 1961 823 2021 quornm
837 1940 912 2001 ordo
927 1939 1066 2022 proxime
1081 1940 1197 2002 accedit

126 2049 162 2108 ed
172 2049 290 2132 regium
300 2035 523 2132 Principatum:
537 2047 626 2110 sicin
642 2047 721 2125 vita,
737 2069 798 2109 non
815 2069 851 2110 ea
874 2069 938 2130 quae
957 2047 1104 2131 primario
1124 2047 1194 2110 loeo

127 2169 205 2231 runt,
214 2156 268 2217 sed
277 2177 344 2237 quae
355 2157 485 2218 secundo
496 2161 643 2240 προηγμένα
652 2155 878 2216 nominentur.»
891 2151 974 2234 (Cic.
985 2154 1072 2235 ibid.)
1082 2153 1117 2215 ln
1125 2152 1194 2216 Sto-

128 2260 188 2322 teo
202 2263 290 2345 ipsa,
314 2261 372 2324 nisi
388 2261 497 2338 fallor,
519 2261 649 2324 Zenonis
663 2260 776 2322 verba=
794 2259 919 2323 «Nulla
937 2258 1097 2322 Bonorum
1115 2260 1194 2323 iuter

128 2365 272 2431 Producta
282 2389 362 2446 esse,
373 2366 484 2430 babent
492 2368 573 2429 euim
583 2367 744 2428 maximam
755 2366 939 2450 dignitatem.
956 2362 1191 2430 AtProductum

128 2476 286 2536 mundum
301 2473 402 2536 locum
418 2487 448 2534 et
460 2473 662 2557 dignationem
673 2472 805 2550 obtinet,
822 2487 851 2534 et
858 2476 1078 2554 qrudamtenus
1087 2472 1192 2535 Bono-

129 2602 193 2642 rum
208 2595 322 2642 naturae
338 2579 459 2643 accedit.
472 2577 554 2642 Nam
567 2580 667 2647 necin
681 2578 748 2640 aula
762 2576 880 2661 Regem
897 2579 1025 2662 produci
1046 2592 1096 2639 aut
1110 2575 1193 2640 Pro-

128 2687 240 2748 moreri
252 2687 399 2764 dicimus,
424 2688 476 2750 aed
492 2709 562 2749 eum
580 2687 631 2768 qui
651 2685 822 2769 proximum
837 2685 877 2747 ab
891 2707 928 2747 eo
945 2686 1046 2748 locum
1060 2684 1161 2746 babet.
1174 2711 1190 2740 ιι

127 2790 198 2872 Quae
220 2793 311 2877 igitur
331 2807 399 2855 sunt
416 2794 472 2854 ista
490 2791 659 2856 Producta?
680 2789 820 2854 Laertius
841 2793 996 2854 breviter:
1015 2821 1030 2846 o
1041 2791 1192 2854 Producta

127 2919 186 2976 quse
200 2897 451 2960 AEotixnationem
469 2899 581 2961 babent
604 2923 612 2958 ε
632 2896 756 2981 Rejecta
773 2945 782 2974 ,
801 2921 866 2980 quae
887 2897 1189 2976 Deeestimationem,

125 3004 182 3065 sire
194 3003 266 3068 Non
282 3006 519 3068 aestimationem.
529 3033 544 3059 ιν
554 3005 658 3088 ltaque
670 3019 871 3090 opponuntur.
882 3003 994 3070 Cicero
1007 3007 1189 3082 declarabit,

123 3108 150 3168 in
163 3131 291 3192 persona
302 3109 446 3174 Catonis:
462 3141 477 3166 u
486 3111 727 3174 ludisserentium
740 3112 800 3174 alia
814 3110 1024 3175 AEotimabilia
1035 3135 1116 3187 esse,
1130 3113 1190 3175 alia

122 3211 247 3294 Contra,
260 3217 319 3280 alia
335 3217 497 3282 Neutrum.
509 3218 586 3301 Quae
599 3221 785 3295 aestimanda,
803 3222 949 3283 eorumin
962 3221 1111 3287 aliisoatis
1123 3241 1190 3283 esse
1301 3235 1306 3246 ’

119 3344 206 3387 caueae
226 3326 429 3408 quamobrem
449 3327 629 3408 quibusdam
651 3325 944 3410 Anteponerentur:
966 3342 1000 3390 ut
1021 3329 1052 3389 in
1069 3327 1189 3389 valetu-

115 3430 196 3509 diue,
211 3432 382 3516 integritate
397 3453 557 3508 sensnm,
572 3434 721 3496 vacuitate
733 3434 866 3511 doloris,
879 3435 989 3496 divitiis
998 3433 1096 3517 gloria
1108 3455 1115 3492 ε
1129 3432 1190 3494 alia

113 3551 223 3617 autem,
242 3560 305 3601 non
323 3560 390 3602 esse
404 3542 563 3623 ejusmodi.
581 3538 718 3623 Itemque
733 3561 860 3618 eorum,
874 3539 1049 3624 qum-Nulla
1060 3540 1189 3601 aestima-

111 3642 183 3706 tione
200 3647 290 3730 digna
303 3659 423 3720 esseut,
440 3645 553 3728 partim
569 3646 642 3707 satis
658 3643 774 3708 babere
789 3667 884 3710 causae
899 3644 1099 3728 quamobrem
1113 3645 1190 3728 reji-

109 3764 238 3812 cerentur
256 3775 263 3810 ε
278 3765 313 3813 nt
325 3751 488 3828 dolorem,
504 3751 672 3825 morbum,
689 3773 833 3814 sensumn
848 3753 1060 3815 amissionem:
1075 3752 1186 3836 partim

108 3853 176 3917 Non.
196 3856 296 3940 Atque
319 3857 391 3920 hinc
414 3871 556 3920 exortum
580 3879 648 3920 eoae
668 3857 764 3938 illud,
786 3861 869 3940 quod
888 3860 972 3922 Zeno
999 3867 1181 3945 προηγμένον,

105 3977 256 4047 contraque
267 3967 352 4047 quod
360 3959 768 4049 lnorrponypiuoenominavil.
776 3993 792 4019 »
803 3963 928 4045 (lllDe
935 3964 1036 4030 Finib.
1045 3971 1055 4045 )
1065 3965 1186 4030 Divisio

105 4081 141 4128 eat
151 4071 249 4145 clara,
266 4085 298 4135 et
309 4073 411 4157 magia
426 4095 443 4134 e
456 4071 582 4135 Stobaeo
598 4097 606 4133 ε
623 4071 898 4136 «AEseimabitium
912 4075 971 4138 alia
984 4076 1112 4137 multam
1126 4097 1186 4138 eea-
1301 4131 1311 4154 ,

104 4173 279 4240 timationem
298 4179 432 4258 babent,
451 4179 514 4242 alia
530 4179 712 4263 pauxillam.
727 4179 896 4259 Similiter,
911 4179 1187 4244 Deaestimabilium

101 4279 150 4340 alia
160 4285 287 4348 multam
297 4308 362 4349 non
372 4288 604 4371 dignationem,
622 4287 677 4348 alii
686 4288 869 4370 pauxillam.
882 4285 960 4369 Quae
975 4289 1102 4350 multam
1112 4286 1188 4350 Εε-

101 4383 295 4472 limationem,
314 4390 470 4457 Producta
483 4394 545 4458 dici
566 4418 573 4453 ε
592 4415 661 4476 quee
675 4394 807 4458 multam
823 4391 1105 4458 Deaestimationem
1123 4391 1185 4456 lle·
