<?xml version="1.0" encoding="UTF-8"?>
<!DOCTYPE html PUBLIC "-//W3C//DTD XHTML 1.0 Transitional//EN"
    "http://www.w3.org/TR/xhtml1/DTD/xhtml1-transitional.dtd">
<html xmlns="http://www.w3.org/1999/xhtml" xml:lang="en" lang="en">
 <head>
  <title>
</title>
<meta http-equiv="Content-Type" content="text/html;charset=utf-8" />
  <meta name='ocr-system' content='tesseract 3.04.00' />
  <meta name='ocr-capabilities' content='ocr_page ocr_carea ocr_par ocr_line ocrx_word'/>
</head>
<body>
  <div class='ocr_page' id='page_1' title='image "./lannsenecparspr01bouigoog_0303.png"; bbox 0 0 2910 4954; ppageno 0'>
   <div class='ocr_carea' id='block_1_1' title="bbox 278 494 926 565">
    <p class='ocr_par' dir='ltr' id='par_1_1' title="bbox 278 494 926 565">
     <span class='ocr_line' id='line_1_1' title="bbox 278 494 926 565; baseline -0.011 1"><span class='ocrx_word' id='word_1_1' title='bbox 278 503 340 565; x_wconf 38' lang='lat'>*52</span> <span class='ocrx_word' id='word_1_2' title='bbox 743 495 808 562; x_wconf 76' lang='lat' dir='ltr'>DE</span> <span class='ocrx_word' id='word_1_3' title='bbox 835 494 926 560; x_wconf 81' lang='lat' dir='ltr'>lllA</span> 
     </span>
    </p>
   </div>
   <div class='ocr_carea' id='block_1_2' title="bbox 256 623 1375 2450">
    <p class='ocr_par' dir='ltr' id='par_1_2' title="bbox 256 623 1374 1063">
     <span class='ocr_line' id='line_1_2' title="bbox 256 623 1371 720; baseline -0.007 -26"><span class='ocrx_word' id='word_1_4' title='bbox 256 644 271 694; x_wconf 81' lang='lat'>³</span> <span class='ocrx_word' id='word_1_5' title='bbox 298 647 365 699; x_wconf 87' lang='lat' dir='ltr'>tur.</span> <span class='ocrx_word' id='word_1_6' title='bbox 387 631 476 696; x_wconf 91' lang='lat' dir='ltr'>Iram</span> <span class='ocrx_word' id='word_1_7' title='bbox 493 632 501 662; x_wconf 87' lang='lat'>¹</span> <span class='ocrx_word' id='word_1_8' title='bbox 522 627 606 720; x_wconf 88' lang='lat' dir='ltr'>quin</span> <span class='ocrx_word' id='word_1_9' title='bbox 624 625 754 719; x_wconf 88' lang='lat' dir='ltr'>species</span> <span class='ocrx_word' id='word_1_10' title='bbox 771 625 883 692; x_wconf 87' lang='lat' dir='ltr'>oblata</span> <span class='ocrx_word' id='word_1_11' title='bbox 902 623 1036 716; x_wconf 80' lang='lat' dir='ltr'>injuriae</span> <span class='ocrx_word' id='word_1_12' title='bbox 1056 638 1207 702; x_wconf 85' lang='lat' dir='ltr'>moveat,</span> <span class='ocrx_word' id='word_1_13' title='bbox 1233 637 1371 688; x_wconf 85' lang='lat' dir='ltr'>nonest</span> 
     </span>
     <span class='ocr_line' id='line_1_3' title="bbox 297 721 1370 832; baseline -0.009 -20"><span class='ocrx_word' id='word_1_14' title='bbox 297 743 439 812; x_wconf 92' lang='lat' dir='ltr'>dubium</span> <span class='ocrx_word' id='word_1_15' title='bbox 457 768 465 809; x_wconf 75' lang='grc' dir='ltr'>ε</span> <span class='ocrx_word' id='word_1_16' title='bbox 487 739 547 810; x_wconf 91' lang='lat' dir='ltr'>sed</span> <span class='ocrx_word' id='word_1_17' title='bbox 562 755 678 808; x_wconf 87' lang='lat' dir='ltr'>utrum</span> <span class='ocrx_word' id='word_1_18' title='bbox 695 721 842 832; x_wconf 88' lang='lat' dir='ltr'>speciem</span> <span class='ocrx_word' id='word_1_19' title='bbox 859 739 967 831; x_wconf 80' lang='lat' dir='ltr'><strong>ipsam</strong></span> <span class='ocrx_word' id='word_1_20' title='bbox 984 738 1096 804; x_wconf 88' lang='lat' dir='ltr'>statim</span> <span class='ocrx_word' id='word_1_21' title='bbox 1112 752 1293 828; x_wconf 90' lang='lat' dir='ltr'>sequatur,</span> <span class='ocrx_word' id='word_1_22' title='bbox 1313 753 1370 818; x_wconf 83' lang='lat' dir='ltr'>ct,</span> 
     </span>
     <span class='ocr_line' id='line_1_4' title="bbox 297 850 1374 938; baseline -0.011 -9"><span class='ocrx_word' id='word_1_23' title='bbox 297 885 366 929; x_wconf 90' lang='lat' dir='ltr'>non</span> <span class='ocrx_word' id='word_1_24' title='bbox 385 855 567 928; x_wconf 83' lang='lat' dir='ltr'>accedente</span> <span class='ocrx_word' id='word_1_25' title='bbox 584 857 718 938; x_wconf 85' lang='lat' dir='ltr'>anime,</span> <span class='ocrx_word' id='word_1_26' title='bbox 736 869 913 936; x_wconf 82' lang='lat' dir='ltr'>excurrat,</span> <span class='ocrx_word' id='word_1_27' title='bbox 930 877 976 922; x_wconf 92' lang='lat' dir='ltr'>an</span> <span class='ocrx_word' id='word_1_28' title='bbox 994 853 1052 920; x_wconf 93' lang='lat' dir='ltr'>illo</span> <span class='ocrx_word' id='word_1_29' title='bbox 1069 850 1281 920; x_wconf 82' lang='lat' dir='ltr'>adsentiente</span> <span class='ocrx_word' id='word_1_30' title='bbox 1297 875 1374 918; x_wconf 89' lang='lat' dir='ltr'>mo-</span> 
     </span>
     <span class='ocr_line' id='line_1_5' title="bbox 297 966 1372 1063; baseline -0.012 -21"><span class='ocrx_word' id='word_1_31' title='bbox 297 989 434 1055; x_wconf 82' lang='lat' dir='ltr'>veatur,</span> <span class='ocrx_word' id='word_1_32' title='bbox 455 971 650 1063; x_wconf 83' lang='lat' dir='ltr'>quaerimus.</span> <span class='ocrx_word' id='word_1_33' title='bbox 677 969 782 1036; x_wconf 88' lang='lat' dir='ltr'>Nobis</span> <span class='ocrx_word' id='word_1_34' title='bbox 804 968 937 1060; x_wconf 83' lang='lat' dir='ltr'>placet,</span> <span class='ocrx_word' id='word_1_35' title='bbox 965 966 1015 1034; x_wconf 91' lang='lat' dir='ltr'>nil</span> <span class='ocrx_word' id='word_1_36' title='bbox 1038 968 1145 1060; x_wconf 85' lang='lat' dir='ltr'>ipsam</span> <span class='ocrx_word' id='word_1_37' title='bbox 1166 988 1230 1058; x_wconf 89' lang='lat' dir='ltr'>per</span> <span class='ocrx_word' id='word_1_38' title='bbox 1251 987 1287 1030; x_wconf 88' lang='lat' dir='ltr'>se</span> <span class='ocrx_word' id='word_1_39' title='bbox 1304 987 1372 1030; x_wconf 89' lang='lat' dir='ltr'>au-</span> 
     </span>
    </p>

    <p class='ocr_par' dir='ltr' id='par_1_3' title="bbox 256 1085 1374 1532">
     <span class='ocr_line' id='line_1_6' title="bbox 256 1085 1374 1179; baseline -0.013 -18"><span class='ocrx_word' id='word_1_40' title='bbox 256 1095 272 1159; x_wconf 80' lang='lat' dir='ltr'>l</span> <span class='ocrx_word' id='word_1_41' title='bbox 299 1089 399 1175; x_wconf 90' lang='lat' dir='ltr'>dere,</span> <span class='ocrx_word' id='word_1_42' title='bbox 415 1089 476 1158; x_wconf 91' lang='lat' dir='ltr'>sed</span> <span class='ocrx_word' id='word_1_43' title='bbox 490 1090 601 1157; x_wconf 91' lang='lat' dir='ltr'>animo</span> <span class='ocrx_word' id='word_1_44' title='bbox 616 1086 839 1179; x_wconf 83' lang='lat' dir='ltr'>approbante.</span> <span class='ocrx_word' id='word_1_45' title='bbox 852 1087 938 1154; x_wconf 90' lang='lat' dir='ltr'>Nam</span> <span class='ocrx_word' id='word_1_46' title='bbox 952 1085 1099 1177; x_wconf 88' lang='lat' dir='ltr'>speciem</span> <span class='ocrx_word' id='word_1_47' title='bbox 1115 1106 1238 1176; x_wconf 83' lang='lat' dir='ltr'>capere</span> <span class='ocrx_word' id='word_1_48' title='bbox 1253 1105 1374 1173; x_wconf 88' lang='lat' dir='ltr'>accep-</span> 
     </span>
     <span class='ocr_line' id='line_1_7' title="bbox 297 1201 1371 1300; baseline -0.013 -24"><span class='ocrx_word' id='word_1_49' title='bbox 297 1226 340 1276; x_wconf 83' lang='lat' dir='ltr'>tae</span> <span class='ocrx_word' id='word_1_50' title='bbox 353 1208 508 1300; x_wconf 72' lang='lat' dir='ltr'>injuriae,</span> <span class='ocrx_word' id='word_1_51' title='bbox 527 1221 561 1272; x_wconf 92' lang='lat' dir='ltr'>et</span> <span class='ocrx_word' id='word_1_52' title='bbox 574 1203 736 1271; x_wconf 90' lang='lat' dir='ltr'>ultionem</span> <span class='ocrx_word' id='word_1_53' title='bbox 752 1203 826 1295; x_wconf 88' lang='lat' dir='ltr'>ejus</span> <span class='ocrx_word' id='word_1_54' title='bbox 839 1201 1096 1294; x_wconf 80' lang='lat' dir='ltr'>concupiscere,</span> <span class='ocrx_word' id='word_1_55' title='bbox 1113 1215 1148 1266; x_wconf 89' lang='lat' dir='ltr'>et</span> <span class='ocrx_word' id='word_1_56' title='bbox 1160 1202 1371 1288; x_wconf 87' lang='lat' dir='ltr'>utrumque²</span> 
     </span>
     <span class='ocr_line' id='line_1_8' title="bbox 297 1312 1369 1419; baseline -0.013 -26"><span class='ocrx_word' id='word_1_57' title='bbox 297 1325 529 1419; x_wconf 84' lang='lat' dir='ltr'>conjungere,</span> <span class='ocrx_word' id='word_1_58' title='bbox 555 1343 620 1388; x_wconf 89' lang='lat' dir='ltr'>nec</span> <span class='ocrx_word' id='word_1_59' title='bbox 636 1318 714 1386; x_wconf 84' lang='lat' dir='ltr'>laedi</span> <span class='ocrx_word' id='word_1_60' title='bbox 733 1342 769 1388; x_wconf 90' lang='lat' dir='ltr'>se</span> <span class='ocrx_word' id='word_1_61' title='bbox 787 1316 964 1400; x_wconf 81' lang='lat' dir='ltr'>debuisse,</span> <span class='ocrx_word' id='word_1_62' title='bbox 985 1333 1019 1385; x_wconf 89' lang='lat' dir='ltr'>et</span> <span class='ocrx_word' id='word_1_63' title='bbox 1034 1316 1203 1384; x_wconf 84' lang='lat' dir='ltr'>vindicari</span> <span class='ocrx_word' id='word_1_64' title='bbox 1220 1312 1369 1396; x_wconf 89' lang='lat' dir='ltr'>debere,</span> 
     </span>
     <span class='ocr_line' id='line_1_9' title="bbox 298 1429 1372 1532; baseline -0.015 -21"><span class='ocrx_word' id='word_1_65' title='bbox 298 1468 367 1511; x_wconf 89' lang='lat' dir='ltr'>non</span> <span class='ocrx_word' id='word_1_66' title='bbox 386 1455 437 1509; x_wconf 89' lang='lat' dir='ltr'>est</span> <span class='ocrx_word' id='word_1_67' title='bbox 452 1439 526 1532; x_wconf 88' lang='lat' dir='ltr'>ejus</span> <span class='ocrx_word' id='word_1_68' title='bbox 543 1437 689 1530; x_wconf 89' lang='lat' dir='ltr'>impetus</span> <span class='ocrx_word' id='word_1_69' title='bbox 703 1429 734 1517; x_wconf 80' lang='lat'>³,</span> <span class='ocrx_word' id='word_1_70' title='bbox 761 1435 821 1526; x_wconf 92' lang='lat' dir='ltr'>qui</span> <span class='ocrx_word' id='word_1_71' title='bbox 840 1435 913 1502; x_wconf 89' lang='lat' dir='ltr'>sine</span> <span class='ocrx_word' id='word_1_72' title='bbox 931 1433 1102 1504; x_wconf 82' lang='lat' dir='ltr'>voluntate</span> <span class='ocrx_word' id='word_1_73' title='bbox 1121 1446 1235 1499; x_wconf 87' lang='lat' dir='ltr'>nostra</span> <span class='ocrx_word' id='word_1_74' title='bbox 1254 1431 1372 1496; x_wconf 88' lang='lat' dir='ltr'>&#39;conci-</span> 
     </span>
    </p>

    <p class='ocr_par' dir='ltr' id='par_1_4' title="bbox 257 1548 1375 2000">
     <span class='ocr_line' id='line_1_10' title="bbox 257 1548 1374 1646; baseline -0.015 -17"><span class='ocrx_word' id='word_1_75' title='bbox 257 1567 272 1616; x_wconf 86' lang='lat'><strong>5</strong></span> <span class='ocrx_word' id='word_1_76' title='bbox 299 1575 401 1628; x_wconf 83' lang='lat' dir='ltr'>tatur.</span> <span class='ocrx_word' id='word_1_77' title='bbox 432 1556 494 1625; x_wconf 90' lang='lat' dir='ltr'>llle</span> <span class='ocrx_word' id='word_1_78' title='bbox 510 1552 653 1646; x_wconf 83' lang='lat' dir='ltr'>simplex</span> <span class='ocrx_word' id='word_1_79' title='bbox 674 1566 725 1619; x_wconf 87' lang='lat' dir='ltr'>est</span> <span class='ocrx_word' id='word_1_80' title='bbox 744 1577 751 1617; x_wconf 92' lang='lat'>:</span> <span class='ocrx_word' id='word_1_81' title='bbox 772 1550 830 1618; x_wconf 92' lang='lat' dir='ltr'>bic</span> <span class='ocrx_word' id='word_1_82' title='bbox 847 1551 1069 1642; x_wconf 90' lang='lat' dir='ltr'>compositus,</span> <span class='ocrx_word' id='word_1_83' title='bbox 1091 1564 1126 1616; x_wconf 91' lang='lat' dir='ltr'>et</span> <span class='ocrx_word' id='word_1_84' title='bbox 1142 1548 1242 1641; x_wconf 89' lang='lat' dir='ltr'>plura</span> <span class='ocrx_word' id='word_1_85' title='bbox 1259 1549 1374 1614; x_wconf 90' lang='lat' dir='ltr'>conti·</span> 
     </span>
     <span class='ocr_line' id='line_1_11' title="bbox 298 1651 1375 1760; baseline -0.016 -14"><span class='ocrx_word' id='word_1_86' title='bbox 298 1651 396 1746; x_wconf 82' lang='lat' dir='ltr'>nens.</span> <span class='ocrx_word' id='word_1_87' title='bbox 415 1672 585 1744; x_wconf 76' lang='lat' dir='ltr'>intellexit</span> <span class='ocrx_word' id='word_1_88' title='bbox 597 1667 746 1760; x_wconf 89' lang='lat' dir='ltr'>aliquid,</span> <span class='ocrx_word' id='word_1_89' title='bbox 763 1666 960 1760; x_wconf 84' lang='lat' dir='ltr'>indignatus</span> <span class='ocrx_word' id='word_1_90' title='bbox 971 1683 1040 1748; x_wconf 88' lang='lat' dir='ltr'>est,</span> <span class='ocrx_word' id='word_1_91' title='bbox 1060 1664 1248 1746; x_wconf 87' lang='lat' dir='ltr'>damnavit,</span> <span class='ocrx_word' id='word_1_92' title='bbox 1267 1663 1375 1730; x_wconf 86' lang='lat' dir='ltr'>ulcis·</span> 
     </span>
     <span class='ocr_line' id='line_1_12' title="bbox 299 1779 1375 1878; baseline -0.015 -18"><span class='ocrx_word' id='word_1_93' title='bbox 299 1793 388 1860; x_wconf 90' lang='lat' dir='ltr'>citur</span> <span class='ocrx_word' id='word_1_94' title='bbox 410 1817 418 1856; x_wconf 75' lang='grc' dir='ltr'>ε</span> <span class='ocrx_word' id='word_1_95' title='bbox 442 1790 516 1856; x_wconf 85' lang='lat' dir='ltr'>baec</span> <span class='ocrx_word' id='word_1_96' title='bbox 539 1809 608 1854; x_wconf 89' lang='lat' dir='ltr'>non</span> <span class='ocrx_word' id='word_1_97' title='bbox 630 1799 772 1878; x_wconf 85' lang='lat' dir='ltr'>possunt</span> <span class='ocrx_word' id='word_1_98' title='bbox 793 1784 892 1867; x_wconf 82' lang='lat' dir='ltr'>lieri,</span> <span class='ocrx_word' id='word_1_99' title='bbox 915 1782 983 1850; x_wconf 90' lang='lat' dir='ltr'>nisi</span> <span class='ocrx_word' id='word_1_100' title='bbox 1000 1782 1133 1850; x_wconf 92' lang='lat' dir='ltr'>animus</span> <span class='ocrx_word' id='word_1_101' title='bbox 1148 1781 1219 1861; x_wconf 91' lang='lat' dir='ltr'>eis,</span> <span class='ocrx_word' id='word_1_102' title='bbox 1244 1779 1375 1870; x_wconf 91' lang='lat' dir='ltr'>quibus</span> 
     </span>
     <span class='ocr_line' id='line_1_13' title="bbox 298 1905 776 2000; baseline -0.023 -24"><span class='ocrx_word' id='word_1_103' title='bbox 298 1905 520 2000; x_wconf 78' lang='lat' dir='ltr'>tangebatur,</span> <span class='ocrx_word' id='word_1_104' title='bbox 540 1923 697 1970; x_wconf 87' lang='lat' dir='ltr'>assensus</span> <span class='ocrx_word' id='word_1_105' title='bbox 713 1915 776 1966; x_wconf 89' lang='lat' dir='ltr'>est.</span> 
     </span>
    </p>

    <p class='ocr_par' dir='ltr' id='par_1_5' title="bbox 260 2010 1375 2231">
     <span class='ocr_line' id='line_1_14' title="bbox 260 2010 1375 2114; baseline -0.018 -19"><span class='ocrx_word' id='word_1_106' title='bbox 260 2042 269 2072; x_wconf 88' lang='lat'>¹</span> <span class='ocrx_word' id='word_1_107' title='bbox 344 2027 389 2093; x_wconf 90' lang='lat'>11.</span> <span class='ocrx_word' id='word_1_108' title='bbox 415 2051 431 2087; x_wconf 75' lang='lat' dir='ltr'>a</span> <span class='ocrx_word' id='word_1_109' title='bbox 447 2021 615 2114; x_wconf 90' lang='lat' dir='ltr'>Quorsus,</span> <span class='ocrx_word' id='word_1_110' title='bbox 632 2018 759 2109; x_wconf 87' lang='lat' dir='ltr'>inquis,</span> <span class='ocrx_word' id='word_1_111' title='bbox 774 2012 998 2106; x_wconf 82' lang='lat' dir='ltr'>haecquaestio</span> <span class='ocrx_word' id='word_1_112' title='bbox 1008 2011 1210 2106; x_wconf 79' lang='lat' dir='ltr'>pertinetis</span> <span class='ocrx_word' id='word_1_113' title='bbox 1223 2011 1270 2078; x_wconf 89' lang='lat' dir='ltr'>Ut</span> <span class='ocrx_word' id='word_1_114' title='bbox 1285 2010 1375 2076; x_wconf 89' lang='lat' dir='ltr'>scia-</span> 
     </span>
     <span class='ocr_line' id='line_1_15' title="bbox 298 2128 1374 2231; baseline -0.019 -20"><span class='ocrx_word' id='word_1_115' title='bbox 298 2165 389 2223; x_wconf 88' lang='lat' dir='ltr'>mus,</span> <span class='ocrx_word' id='word_1_116' title='bbox 406 2137 491 2231; x_wconf 91' lang='lat' dir='ltr'>quid</span> <span class='ocrx_word' id='word_1_117' title='bbox 500 2139 543 2204; x_wconf 94' lang='lat' dir='ltr'>sit</span> <span class='ocrx_word' id='word_1_118' title='bbox 552 2137 615 2202; x_wconf 86' lang='lat' dir='ltr'>ira.</span> <span class='ocrx_word' id='word_1_119' title='bbox 629 2135 715 2202; x_wconf 89' lang='lat' dir='ltr'>Nam</span> <span class='ocrx_word' id='word_1_120' title='bbox 729 2131 758 2198; x_wconf 92' lang='lat' dir='ltr'>si</span> <span class='ocrx_word' id='word_1_121' title='bbox 772 2131 887 2198; x_wconf 87' lang='lat' dir='ltr'>invitis</span> <span class='ocrx_word' id='word_1_122' title='bbox 900 2128 998 2196; x_wconf 93' lang='lat' dir='ltr'>nobis</span> <span class='ocrx_word' id='word_1_123' title='bbox 1009 2128 1178 2209; x_wconf 88' lang='lat' dir='ltr'>nascitur,</span> <span class='ocrx_word' id='word_1_124' title='bbox 1193 2147 1374 2216; x_wconf 88' lang='lat' dir='ltr'>nunquam</span> 
     </span>
    </p>

    <p class='ocr_par' dir='ltr' id='par_1_6' title="bbox 257 2238 1375 2450">
     <span class='ocr_line' id='line_1_16' title="bbox 257 2238 1375 2335; baseline -0.02 -6"><span class='ocrx_word' id='word_1_125' title='bbox 257 2285 271 2315; x_wconf 82' lang='lat'>²</span> <span class='ocrx_word' id='word_1_126' title='bbox 297 2259 421 2328; x_wconf 88' lang='lat' dir='ltr'>rationi</span> <span class='ocrx_word' id='word_1_127' title='bbox 438 2251 645 2324; x_wconf 89' lang='lat' dir='ltr'>succumbet.</span> <span class='ocrx_word' id='word_1_128' title='bbox 664 2249 792 2319; x_wconf 83' lang='lat' dir='ltr'>Omnes</span> <span class='ocrx_word' id='word_1_129' title='bbox 807 2245 897 2313; x_wconf 88' lang='lat' dir='ltr'>enim</span> <span class='ocrx_word' id='word_1_130' title='bbox 917 2249 1025 2312; x_wconf 88' lang='lat' dir='ltr'>motus</span> <span class='ocrx_word' id='word_1_131' title='bbox 1036 2238 1070 2326; x_wconf 74' lang='lat'>⁴,</span> <span class='ocrx_word' id='word_1_132' title='bbox 1089 2243 1148 2335; x_wconf 87' lang='lat' dir='ltr'>qui</span> <span class='ocrx_word' id='word_1_133' title='bbox 1164 2265 1233 2310; x_wconf 90' lang='lat' dir='ltr'>non</span> <span class='ocrx_word' id='word_1_134' title='bbox 1246 2241 1375 2308; x_wconf 84' lang='lat' dir='ltr'>volun-</span> 
     </span>
     <span class='ocr_line' id='line_1_17' title="bbox 298 2353 1374 2450; baseline -0.02 -4"><span class='ocrx_word' id='word_1_135' title='bbox 298 2394 366 2446; x_wconf 89' lang='lat' dir='ltr'>tate</span> <span class='ocrx_word' id='word_1_136' title='bbox 379 2389 494 2444; x_wconf 87' lang='lat' dir='ltr'>nostra</span> <span class='ocrx_word' id='word_1_137' title='bbox 507 2373 595 2440; x_wconf 82' lang='lat' dir='ltr'>fiunt</span> <span class='ocrx_word' id='word_1_138' title='bbox 607 2419 616 2450; x_wconf 95' lang='lat'>,</span> <span class='ocrx_word' id='word_1_139' title='bbox 627 2365 745 2434; x_wconf 69' lang='lat' dir='ltr'>inv&#39;icti</span> <span class='ocrx_word' id='word_1_140' title='bbox 759 2379 793 2432; x_wconf 89' lang='lat' dir='ltr'>et</span> <span class='ocrx_word' id='word_1_141' title='bbox 807 2359 1019 2431; x_wconf 80' lang='lat' dir='ltr'>inevitabiles</span> <span class='ocrx_word' id='word_1_142' title='bbox 1030 2375 1109 2428; x_wconf 87' lang='lat' dir='ltr'>sunt</span> <span class='ocrx_word' id='word_1_143' title='bbox 1122 2388 1131 2446; x_wconf 76' lang='lat'><em>3</em></span> <span class='ocrx_word' id='word_1_144' title='bbox 1148 2373 1207 2442; x_wconf 91' lang='lat' dir='ltr'>ut,</span> <span class='ocrx_word' id='word_1_145' title='bbox 1220 2358 1349 2426; x_wconf 89' lang='lat' dir='ltr'>horror</span> <span class='ocrx_word' id='word_1_146' title='bbox 1362 2353 1374 2393; x_wconf 84' lang='lat'>⁵</span> 
     </span>
    </p>
   </div>
   <div class='ocr_carea' id='block_1_3' title="bbox 254 2471 1377 2588">
    <p class='ocr_par' dir='ltr' id='par_1_7' title="bbox 254 2471 1377 2588">
     <span class='ocr_line' id='line_1_18' title="bbox 254 2471 1377 2588; baseline -0.018 -26"><span class='ocrx_word' id='word_1_147' title='bbox 254 2492 256 2500; x_wconf 72' lang='grc'>’</span> <span class='ocrx_word' id='word_1_148' title='bbox 298 2491 423 2588; x_wconf 84' lang='lat' dir='ltr'>frigida</span> <span class='ocrx_word' id='word_1_149' title='bbox 431 2488 615 2582; x_wconf 87' lang='lat' dir='ltr'>adspersis,</span> <span class='ocrx_word' id='word_1_150' title='bbox 629 2481 674 2552; x_wconf 90' lang='lat' dir='ltr'>ad</span> <span class='ocrx_word' id='word_1_151' title='bbox 683 2479 847 2575; x_wconf 87' lang='lat' dir='ltr'>quosdam</span> <span class='ocrx_word' id='word_1_152' title='bbox 855 2471 967 2547; x_wconf 85' lang='lat' dir='ltr'>ictus⁶</span> <span class='ocrx_word' id='word_1_153' title='bbox 982 2475 1199 2570; x_wconf 87' lang='lat' dir='ltr'>adspernatio</span> <span class='ocrx_word' id='word_1_154' title='bbox 1212 2478 1238 2556; x_wconf 84' lang='lat'>⁷,</span> <span class='ocrx_word' id='word_1_155' title='bbox 1254 2473 1300 2541; x_wconf 90' lang='lat' dir='ltr'>ad</span> <span class='ocrx_word' id='word_1_156' title='bbox 1309 2499 1377 2568; x_wconf 91' lang='lat' dir='ltr'>pe-</span> 
     </span>
    </p>
   </div>
   <div class='ocr_carea' id='block_1_4' title="bbox 297 2638 1377 2882">
    <p class='ocr_par' dir='ltr' id='par_1_8' title="bbox 297 2638 1377 2882">
     <span class='ocr_line' id='line_1_19' title="bbox 332 2638 1375 2731; baseline -0.023 -15"><span class='ocrx_word' id='word_1_157' title='bbox 332 2683 354 2716; x_wconf 91' lang='grc' dir='ltr'>ι.</span> <span class='ocrx_word' id='word_1_158' title='bbox 371 2638 460 2714; x_wconf 66' lang='lat' dir='ltr'>lrain.</span> <span class='ocrx_word' id='word_1_159' title='bbox 479 2655 580 2731; x_wconf 89' lang='lat' dir='ltr'>Species</span> <span class='ocrx_word' id='word_1_160' title='bbox 593 2651 675 2704; x_wconf 80' lang='lat' dir='ltr'>oblata</span> <span class='ocrx_word' id='word_1_161' title='bbox 685 2687 692 2714; x_wconf 91' lang='lat'>,</span> <span class='ocrx_word' id='word_1_162' title='bbox 704 2648 721 2700; x_wconf 91' lang='lat' dir='ltr'>i.</span> <span class='ocrx_word' id='word_1_163' title='bbox 732 2669 753 2700; x_wconf 88' lang='lat' dir='ltr'>e.</span> <span class='ocrx_word' id='word_1_164' title='bbox 766 2647 808 2698; x_wconf 83' lang='lat' dir='ltr'>vi·</span> <span class='ocrx_word' id='word_1_165' title='bbox 855 2645 918 2698; x_wconf 81' lang='lat' dir='ltr'>Visa</span> <span class='ocrx_word' id='word_1_166' title='bbox 930 2645 998 2696; x_wconf 88' lang='lat' dir='ltr'>eriim</span> <span class='ocrx_word' id='word_1_167' title='bbox 1014 2655 1037 2697; x_wconf 89' lang='lat' dir='ltr'>et</span> <span class='ocrx_word' id='word_1_168' title='bbox 1054 2643 1160 2717; x_wconf 87' lang='lat' dir='ltr'>impetus</span> <span class='ocrx_word' id='word_1_169' title='bbox 1173 2641 1321 2710; x_wconf 65' lang='grc' dir='ltr'>(φαντασίας</span> <span class='ocrx_word' id='word_1_170' title='bbox 1334 2645 1375 2693; x_wconf 68' lang='lat' dir='ltr'>nl</span> 
     </span>
     <span class='ocr_line' id='line_1_20' title="bbox 297 2718 1376 2806; baseline -0.024 -13"><span class='ocrx_word' id='word_1_171' title='bbox 297 2761 351 2793; x_wconf 86' lang='lat' dir='ltr'>sum</span> <span class='ocrx_word' id='word_1_172' title='bbox 362 2777 369 2804; x_wconf 93' lang='lat'><strong>‚</strong></span> <span class='ocrx_word' id='word_1_173' title='bbox 380 2737 493 2806; x_wconf 66' lang='grc' dir='ltr'>φαντασία</span> <span class='ocrx_word' id='word_1_174' title='bbox 501 2742 542 2786; x_wconf 74' lang='grc' dir='ltr'>ταῦ</span> <span class='ocrx_word' id='word_1_175' title='bbox 551 2731 700 2796; x_wconf 70' lang='grc' dir='ltr'>ἀδικήματος.</span> <span class='ocrx_word' id='word_1_176' title='bbox 712 2724 806 2786; x_wconf 81' lang='lat' dir='ltr'>Nobis,</span> <span class='ocrx_word' id='word_1_177' title='bbox 858 2722 949 2792; x_wconf 78' lang='grc' dir='ltr'>ὃρμὴν)</span> <span class='ocrx_word' id='word_1_178' title='bbox 969 2733 1053 2772; x_wconf 86' lang='lat' dir='ltr'>secuta</span> <span class='ocrx_word' id='word_1_179' title='bbox 1073 2733 1109 2772; x_wconf 87' lang='lat' dir='ltr'>est</span> <span class='ocrx_word' id='word_1_180' title='bbox 1127 2719 1263 2794; x_wconf 84' lang='lat' dir='ltr'>appetitio,</span> <span class='ocrx_word' id='word_1_181' title='bbox 1279 2718 1376 2787; x_wconf 63' lang='grc' dir='ltr'>ὄρεξις,</span> 
     </span>
     <span class='ocr_line' id='line_1_21' title="bbox 297 2795 1377 2882; baseline -0.022 -10"><span class='ocrx_word' id='word_1_182' title='bbox 297 2818 314 2872; x_wconf 91' lang='lat' dir='ltr'>i.</span> <span class='ocrx_word' id='word_1_183' title='bbox 327 2837 349 2870; x_wconf 88' lang='lat' dir='ltr'>e.</span> <span class='ocrx_word' id='word_1_184' title='bbox 360 2815 432 2869; x_wconf 83' lang='lat' dir='ltr'>mihi.</span> <span class='ocrx_word' id='word_1_185' title='bbox 444 2809 565 2882; x_wconf 86' lang='lat' dir='ltr'>intelligit</span> <span class='ocrx_word' id='word_1_186' title='bbox 576 2805 706 2876; x_wconf 80' lang='lat' dir='ltr'>Rublrops</span> <span class='ocrx_word' id='word_1_187' title='bbox 709 2801 808 2856; x_wconf 84' lang='lat' dir='ltr'>Stoicis.</span> <span class='ocrx_word' id='word_1_188' title='bbox 856 2799 997 2853; x_wconf 82' lang='lat' dir='ltr'>secundum</span> <span class='ocrx_word' id='word_1_189' title='bbox 1005 2797 1102 2853; x_wconf 85' lang='lat' dir='ltr'>Stoicos</span> <span class='ocrx_word' id='word_1_190' title='bbox 1111 2834 1119 2862; x_wconf 94' lang='lat'>,</span> <span class='ocrx_word' id='word_1_191' title='bbox 1127 2797 1226 2850; x_wconf 79' lang='lat' dir='ltr'>ratione</span> <span class='ocrx_word' id='word_1_192' title='bbox 1235 2795 1377 2850; x_wconf 77' lang='lat' dir='ltr'>accedente</span> 
     </span>
    </p>
   </div>
   <div class='ocr_carea' id='block_1_5' title="bbox 297 2877 1380 3046">
    <p class='ocr_par' dir='ltr' id='par_1_9' title="bbox 297 2877 1380 3046">
     <span class='ocr_line' id='line_1_22' title="bbox 297 2877 1054 2962; baseline -0.029 -13"><span class='ocrx_word' id='word_1_193' title='bbox 297 2897 358 2959; x_wconf 72' lang='lat' dir='ltr'>Eret</span> <span class='ocrx_word' id='word_1_194' title='bbox 370 2905 453 2947; x_wconf 65' lang='lat' dir='ltr'>anum</span> <span class='ocrx_word' id='word_1_195' title='bbox 469 2890 562 2962; x_wconf 79' lang='lat' dir='ltr'>dogma</span> <span class='ocrx_word' id='word_1_196' title='bbox 578 2883 673 2947; x_wconf 72' lang='lat' dir='ltr'>Staio,</span> <span class='ocrx_word' id='word_1_197' title='bbox 690 2880 749 2933; x_wconf 75' lang='lat' dir='ltr'>visis</span> <span class='ocrx_word' id='word_1_198' title='bbox 767 2899 809 2931; x_wconf 79' lang='lat' dir='ltr'>se·</span> <span class='ocrx_word' id='word_1_199' title='bbox 857 2891 881 2931; x_wconf 87' lang='lat' dir='ltr'>et</span> <span class='ocrx_word' id='word_1_200' title='bbox 891 2877 1054 2953; x_wconf 77' lang='lat' dir='ltr'>approbante.</span> 
     </span>
     <span class='ocr_line' id='line_1_23' title="bbox 298 2951 1380 3046; baseline -0.024 -19"><span class='ocrx_word' id='word_1_201' title='bbox 298 2975 408 3046; x_wconf 88' lang='lat' dir='ltr'>pientem</span> <span class='ocrx_word' id='word_1_202' title='bbox 420 2990 473 3022; x_wconf 89' lang='lat' dir='ltr'>nnn</span> <span class='ocrx_word' id='word_1_203' title='bbox 481 2963 578 3019; x_wconf 82' lang='lat' dir='ltr'>moveri</span> <span class='ocrx_word' id='word_1_204' title='bbox 588 2963 678 3016; x_wconf 85' lang='lat' dir='ltr'>debere</span> <span class='ocrx_word' id='word_1_205' title='bbox 686 2958 719 3012; x_wconf 82' lang='lat' dir='ltr'>ad</span> <span class='ocrx_word' id='word_1_206' title='bbox 729 2959 809 3011; x_wconf 82' lang='lat' dir='ltr'>ectio-</span> <span class='ocrx_word' id='word_1_207' title='bbox 890 2957 922 3008; x_wconf 93' lang='lat' dir='ltr'>ll.</span> <span class='ocrx_word' id='word_1_208' title='bbox 933 2951 1277 3025; x_wconf 55' lang='lat' dir='ltr'>transelementatus</span> <span class='ocrx_word' id='word_1_209' title='bbox 1287 2973 1380 3023; x_wconf 70' lang='lat' dir='ltr'>qnas-</span> 
     </span>
    </p>
   </div>
   <div class='ocr_carea' id='block_1_6' title="bbox 282 3029 1381 3498">
    <p class='ocr_par' dir='ltr' id='par_1_10' title="bbox 282 3029 1381 3498">
     <span class='ocr_line' id='line_1_24' title="bbox 297 3029 1352 3120; baseline -0.022 -16"><span class='ocrx_word' id='word_1_210' title='bbox 297 3071 357 3104; x_wconf 84' lang='lat' dir='ltr'>nem</span> <span class='ocrx_word' id='word_1_211' title='bbox 367 3049 492 3120; x_wconf 80' lang='lat' dir='ltr'>aliquam,</span> <span class='ocrx_word' id='word_1_212' title='bbox 503 3042 553 3096; x_wconf 86' lang='lat' dir='ltr'>uisi</span> <span class='ocrx_word' id='word_1_213' title='bbox 562 3061 588 3094; x_wconf 86' lang='lat' dir='ltr'>se</span> <span class='ocrx_word' id='word_1_214' title='bbox 599 3040 710 3094; x_wconf 74' lang='lat' dir='ltr'>volente.</span> <span class='ocrx_word' id='word_1_215' title='bbox 858 3031 951 3096; x_wconf 88' lang='lat' dir='ltr'>tionis,</span> <span class='ocrx_word' id='word_1_216' title='bbox 971 3043 996 3082; x_wconf 85' lang='lat' dir='ltr'>et</span> <span class='ocrx_word' id='word_1_217' title='bbox 1011 3029 1043 3082; x_wconf 89' lang='lat' dir='ltr'>de</span> <span class='ocrx_word' id='word_1_218' title='bbox 1060 3029 1105 3084; x_wconf 85' lang='lat' dir='ltr'>ine</span> <span class='ocrx_word' id='word_1_219' title='bbox 1120 3029 1221 3102; x_wconf 76' lang='lat' dir='ltr'>origine</span> <span class='ocrx_word' id='word_1_220' title='bbox 1237 3031 1352 3101; x_wconf 82' lang='lat' dir='ltr'>exponit.</span> 
     </span>
     <span class='ocr_line' id='line_1_25' title="bbox 331 3107 1379 3195; baseline -0.021 -13"><span class='ocrx_word' id='word_1_221' title='bbox 331 3151 354 3182; x_wconf 73' lang='grc' dir='ltr'>α.</span> <span class='ocrx_word' id='word_1_222' title='bbox 365 3117 674 3195; x_wconf 68' lang='lat' dir='ltr'>[lunamquelndicamur</span> <span class='ocrx_word' id='word_1_223' title='bbox 682 3116 728 3168; x_wconf 80' lang='lat' dir='ltr'>ista</span> <span class='ocrx_word' id='word_1_224' title='bbox 735 3132 808 3176; x_wconf 84' lang='lat' dir='ltr'>¹voce,</span> <span class='ocrx_word' id='word_1_225' title='bbox 891 3109 915 3174; x_wconf 75' lang='grc'><em>4</em></span> <span class='ocrx_word' id='word_1_226' title='bbox 932 3107 1029 3161; x_wconf 84' lang='lat' dir='ltr'>Omnes</span> <span class='ocrx_word' id='word_1_227' title='bbox 1049 3111 1119 3160; x_wconf 81' lang='lat' dir='ltr'>enim</span> <span class='ocrx_word' id='word_1_228' title='bbox 1134 3117 1230 3160; x_wconf 79' lang='lat' dir='ltr'>motus.</span> <span class='ocrx_word' id='word_1_229' title='bbox 1247 3109 1297 3160; x_wconf 85' lang='lat' dir='ltr'>Per</span> <span class='ocrx_word' id='word_1_230' title='bbox 1317 3107 1379 3160; x_wconf 79' lang='lat' dir='ltr'>risa</span> 
     </span>
     <span class='ocr_line' id='line_1_26' title="bbox 282 3185 1378 3276; baseline -0.023 -13"><span class='ocrx_word' id='word_1_231' title='bbox 282 3203 351 3262; x_wconf 56' lang='lat' dir='ltr'>&#39;uon</span> <span class='ocrx_word' id='word_1_232' title='bbox 369 3210 395 3259; x_wconf 75' lang='lat' dir='ltr'>sb</span> <span class='ocrx_word' id='word_1_233' title='bbox 412 3205 521 3276; x_wconf 83' lang='lat' dir='ltr'>speciem</span> <span class='ocrx_word' id='word_1_234' title='bbox 535 3216 625 3267; x_wconf 84' lang='lat' dir='ltr'>capere</span> <span class='ocrx_word' id='word_1_235' title='bbox 643 3203 751 3261; x_wconf 75' lang='lat' dir='ltr'>occepta</span> <span class='ocrx_word' id='word_1_236' title='bbox 766 3194 808 3242; x_wconf 82' lang='lat' dir='ltr'>in-</span> <span class='ocrx_word' id='word_1_237' title='bbox 856 3187 973 3240; x_wconf 79' lang='lat' dir='ltr'>elsectos:</span> <span class='ocrx_word' id='word_1_238' title='bbox 985 3185 1106 3258; x_wconf 81' lang='lat' dir='ltr'>impetum</span> <span class='ocrx_word' id='word_1_239' title='bbox 1118 3185 1260 3258; x_wconf 83' lang='lat' dir='ltr'>simplicem</span> <span class='ocrx_word' id='word_1_240' title='bbox 1272 3186 1378 3238; x_wconf 87' lang='lat' dir='ltr'>intelli-</span> 
     </span>
     <span class='ocr_line' id='line_1_27' title="bbox 292 3262 1379 3353; baseline -0.023 -14"><span class='ocrx_word' id='word_1_241' title='bbox 292 3290 383 3353; x_wconf 75' lang='lat' dir='ltr'>J&#39;urioe,</span> <span class='ocrx_word' id='word_1_242' title='bbox 393 3296 419 3335; x_wconf 85' lang='lat' dir='ltr'>et</span> <span class='ocrx_word' id='word_1_243' title='bbox 425 3283 548 3334; x_wconf 82' lang='lat' dir='ltr'>ultionem</span> <span class='ocrx_word' id='word_1_244' title='bbox 558 3281 612 3340; x_wconf 75' lang='lat' dir='ltr'>ejus</span> <span class='ocrx_word' id='word_1_245' title='bbox 619 3273 806 3340; x_wconf 82' lang='lat' dir='ltr'>concupiscere,</span> <span class='ocrx_word' id='word_1_246' title='bbox 856 3263 909 3337; x_wconf 85' lang='lat' dir='ltr'>git,</span> <span class='ocrx_word' id='word_1_247' title='bbox 924 3265 1106 3330; x_wconf 75' lang='lat' dir='ltr'>impressiones</span> <span class='ocrx_word' id='word_1_248' title='bbox 1114 3281 1161 3313; x_wconf 88' lang='lat' dir='ltr'>nos</span> <span class='ocrx_word' id='word_1_249' title='bbox 1170 3262 1286 3315; x_wconf 79' lang='lat' dir='ltr'>dicimus.</span> <span class='ocrx_word' id='word_1_250' title='bbox 1299 3263 1379 3316; x_wconf 88' lang='lat' dir='ltr'>ldem</span> 
     </span>
     <span class='ocr_line' id='line_1_28' title="bbox 295 3337 1378 3418; baseline -0.024 0"><span class='ocrx_word' id='word_1_251' title='bbox 295 3365 341 3418; x_wconf 84' lang='lat' dir='ltr'>sed</span> <span class='ocrx_word' id='word_1_252' title='bbox 354 3383 399 3416; x_wconf 87' lang='lat' dir='ltr'>nee</span> <span class='ocrx_word' id='word_1_253' title='bbox 413 3361 478 3414; x_wconf 75' lang='lat' dir='ltr'>tadi</span> <span class='ocrx_word' id='word_1_254' title='bbox 491 3374 519 3408; x_wconf 85' lang='lat' dir='ltr'>se</span> <span class='ocrx_word' id='word_1_255' title='bbox 532 3354 668 3417; x_wconf 78' lang='lat' dir='ltr'>debuisse,</span> <span class='ocrx_word' id='word_1_256' title='bbox 682 3360 707 3400; x_wconf 85' lang='lat' dir='ltr'>et</span> <span class='ocrx_word' id='word_1_257' title='bbox 718 3346 808 3400; x_wconf 61' lang='lat' dir='ltr'>andt—</span> <span class='ocrx_word' id='word_1_258' title='bbox 856 3343 894 3395; x_wconf 84' lang='grc' dir='ltr'>Μ.</span> <span class='ocrx_word' id='word_1_259' title='bbox 917 3340 1041 3394; x_wconf 75' lang='lat' dir='ltr'>Antonin.</span> <span class='ocrx_word' id='word_1_260' title='bbox 1061 3339 1092 3391; x_wconf 90' lang='lat' dir='ltr'>de</span> <span class='ocrx_word' id='word_1_261' title='bbox 1114 3339 1189 3392; x_wconf 84' lang='lat' dir='ltr'>rebus</span> <span class='ocrx_word' id='word_1_262' title='bbox 1209 3341 1261 3392; x_wconf 87' lang='lat' dir='ltr'>suis</span> <span class='ocrx_word' id='word_1_263' title='bbox 1280 3339 1328 3392; x_wconf 85' lang='lat' dir='ltr'>lib.</span> <span class='ocrx_word' id='word_1_264' title='bbox 1340 3337 1378 3404; x_wconf 74' lang='lat' dir='ltr'>l,</span> 
     </span>
     <span class='ocr_line' id='line_1_29' title="bbox 295 3415 1381 3498; baseline -0.027 -1"><span class='ocrx_word' id='word_1_265' title='bbox 295 3441 459 3498; x_wconf 79' lang='lat' dir='ltr'>caridebere.</span> <span class='ocrx_word' id='word_1_266' title='bbox 555 3443 557 3448; x_wconf 83' lang='grc'>’</span> <span class='ocrx_word' id='word_1_267' title='bbox 857 3419 1005 3490; x_wconf 63' lang='lat' dir='ltr'>§²5:⁸sz</span> <span class='ocrx_word' id='word_1_268' title='bbox 1015 3421 1056 3475; x_wconf 75' lang='lat' dir='ltr'>siu</span> <span class='ocrx_word' id='word_1_269' title='bbox 1067 3420 1175 3473; x_wconf 70' lang='lat' dir='ltr'>alodum</span> <span class='ocrx_word' id='word_1_270' title='bbox 1186 3419 1286 3484; x_wconf 72' lang='grc' dir='ltr'>φυσικὴν</span> <span class='ocrx_word' id='word_1_271' title='bbox 1298 3415 1381 3470; x_wconf 68' lang='grc' dir='ltr'>αἶσαν</span> 
     </span>
    </p>
   </div>
   <div class='ocr_carea' id='block_1_7' title="bbox 295 3496 1381 3672">
    <p class='ocr_par' dir='ltr' id='par_1_11' title="bbox 295 3496 1381 3672">
     <span class='ocr_line' id='line_1_30' title="bbox 328 3496 1191 3577; baseline -0.032 -4"><span class='ocrx_word' id='word_1_272' title='bbox 328 3521 353 3574; x_wconf 81' lang='grc'>3.</span> <span class='ocrx_word' id='word_1_273' title='bbox 365 3519 426 3570; x_wconf 85' lang='lat' dir='ltr'>Non</span> <span class='ocrx_word' id='word_1_274' title='bbox 437 3524 477 3568; x_wconf 72' lang='lat' dir='ltr'>est</span> <span class='ocrx_word' id='word_1_275' title='bbox 476 3549 526 3564; x_wconf 82' lang='grc'><strong>......</strong></span> <span class='ocrx_word' id='word_1_276' title='bbox 540 3512 660 3577; x_wconf 74' lang='lat' dir='ltr'>impetus.</span> <span class='ocrx_word' id='word_1_277' title='bbox 672 3501 745 3555; x_wconf 82' lang='lat' dir='ltr'>ldem</span> <span class='ocrx_word' id='word_1_278' title='bbox 757 3500 809 3553; x_wconf 86' lang='lat' dir='ltr'>lm·</span> <span class='ocrx_word' id='word_1_279' title='bbox 858 3499 885 3550; x_wconf 71' lang='lat' dir='ltr'>oia</span> <span class='ocrx_word' id='word_1_280' title='bbox 904 3498 1025 3566; x_wconf 75' lang='grc' dir='ltr'>πιιρατιάν</span> <span class='ocrx_word' id='word_1_281' title='bbox 1043 3496 1191 3562; x_wconf 61' lang='lat' dir='ltr'>&amp;subelecta</span> 
     </span>
     <span class='ocr_line' id='line_1_31' title="bbox 295 3573 1381 3672; baseline -0.026 -21"><span class='ocrx_word' id='word_1_282' title='bbox 295 3611 366 3672; x_wconf 86' lang='lat' dir='ltr'>petus</span> <span class='ocrx_word' id='word_1_283' title='bbox 380 3594 447 3647; x_wconf 84' lang='lat' dir='ltr'>hene</span> <span class='ocrx_word' id='word_1_284' title='bbox 457 3603 590 3658; x_wconf 78' lang='lat' dir='ltr'>utramque</span> <span class='ocrx_word' id='word_1_285' title='bbox 608 3582 807 3656; x_wconf 77' lang='lat' dir='ltr'>cogitationem,</span> <span class='ocrx_word' id='word_1_286' title='bbox 891 3579 915 3628; x_wconf 85' lang='grc'>5.</span> <span class='ocrx_word' id='word_1_287' title='bbox 932 3575 1043 3627; x_wconf 83' lang='lat' dir='ltr'>Horror.</span> <span class='ocrx_word' id='word_1_288' title='bbox 1055 3575 1112 3626; x_wconf 84' lang='lat' dir='ltr'>lloe</span> <span class='ocrx_word' id='word_1_289' title='bbox 1130 3585 1185 3638; x_wconf 84' lang='lat' dir='ltr'>est,</span> <span class='ocrx_word' id='word_1_290' title='bbox 1197 3573 1381 3626; x_wconf 79' lang='lat' dir='ltr'>mernbrornm</span> 
     </span>
    </p>
   </div>
   <div class='ocr_carea' id='block_1_8' title="bbox 295 3651 1381 3728">
    <p class='ocr_par' dir='ltr' id='par_1_12' title="bbox 295 3651 1381 3728">
     <span class='ocr_line' id='line_1_32' title="bbox 295 3651 1381 3728; baseline -0.027 0"><span class='ocrx_word' id='word_1_291' title='bbox 295 3696 342 3728; x_wconf 86' lang='lat' dir='ltr'>nec</span> <span class='ocrx_word' id='word_1_292' title='bbox 350 3673 443 3728; x_wconf 76' lang='lat' dir='ltr'>laedise</span> <span class='ocrx_word' id='word_1_293' title='bbox 455 3667 570 3721; x_wconf 80' lang='lat' dir='ltr'>debuisse</span> <span class='ocrx_word' id='word_1_294' title='bbox 581 3701 587 3728; x_wconf 95' lang='lat'>,</span> <span class='ocrx_word' id='word_1_295' title='bbox 597 3675 622 3715; x_wconf 90' lang='lat' dir='ltr'>et</span> <span class='ocrx_word' id='word_1_296' title='bbox 628 3657 753 3713; x_wconf 81' lang='lat' dir='ltr'>vindicari</span> <span class='ocrx_word' id='word_1_297' title='bbox 761 3656 808 3712; x_wconf 82' lang='lat' dir='ltr'>de-</span> <span class='ocrx_word' id='word_1_298' title='bbox 856 3651 993 3726; x_wconf 83' lang='lat' dir='ltr'>rigentium</span> <span class='ocrx_word' id='word_1_299' title='bbox 1001 3651 1097 3704; x_wconf 84' lang='lat' dir='ltr'>subitus</span> <span class='ocrx_word' id='word_1_300' title='bbox 1105 3651 1381 3720; x_wconf 56' lang='lat' dir='ltr'>tremore-Frigida,</span> 
     </span>
    </p>
   </div>
   <div class='ocr_carea' id='block_1_9' title="bbox 294 3727 1382 3901">
    <p class='ocr_par' dir='ltr' id='par_1_13' title="bbox 294 3727 1382 3901">
     <span class='ocr_line' id='line_1_33' title="bbox 294 3727 1382 3815; baseline -0.031 -8"><span class='ocrx_word' id='word_1_301' title='bbox 294 3753 370 3815; x_wconf 87' lang='lat' dir='ltr'>bere,</span> <span class='ocrx_word' id='word_1_302' title='bbox 383 3747 507 3803; x_wconf 87' lang='lat' dir='ltr'>inanimo</span> <span class='ocrx_word' id='word_1_303' title='bbox 520 3755 605 3796; x_wconf 87' lang='lat' dir='ltr'>nostro</span> <span class='ocrx_word' id='word_1_304' title='bbox 617 3737 733 3801; x_wconf 82' lang='lat' dir='ltr'>efficere,</span> <span class='ocrx_word' id='word_1_305' title='bbox 747 3755 808 3810; x_wconf 90' lang='lat' dir='ltr'>pro-</span> <span class='ocrx_word' id='word_1_306' title='bbox 856 3730 1046 3802; x_wconf 77' lang='lat' dir='ltr'>subaudupuu.</span> <span class='ocrx_word' id='word_1_307' title='bbox 1053 3727 1259 3792; x_wconf 66' lang='lat' dir='ltr'>blandibxlv,</span> <span class='ocrx_word' id='word_1_308' title='bbox 1266 3727 1314 3800; x_wconf 96' lang='grc' dir='ltr'>ΕΡ.</span> <span class='ocrx_word' id='word_1_309' title='bbox 1324 3742 1382 3780; x_wconf 77' lang='lat' dir='ltr'>cv:</span> 
     </span>
     <span class='ocr_line' id='line_1_34' title="bbox 295 3803 1382 3901; baseline -0.029 -17"><span class='ocrx_word' id='word_1_310' title='bbox 295 3831 387 3883; x_wconf 83' lang='lat' dir='ltr'>ducere</span> <span class='ocrx_word' id='word_1_311' title='bbox 398 3824 557 3901; x_wconf 77' lang='lat' dir='ltr'>potest:baee</span> <span class='ocrx_word' id='word_1_312' title='bbox 565 3820 754 3871; x_wconf 86' lang='lat' dir='ltr'>dnomomenta</span> <span class='ocrx_word' id='word_1_313' title='bbox 763 3834 807 3886; x_wconf 90' lang='lat' dir='ltr'>per</span> <span class='ocrx_word' id='word_1_314' title='bbox 858 3803 1382 3884; x_wconf 71' lang='lat' dir='ltr'>«Frigidanondesit,nondeeritoelda.»</span> 
     </span>
    </p>
   </div>
   <div class='ocr_carea' id='block_1_10' title="bbox 294 3883 1387 4367">
    <p class='ocr_par' dir='ltr' id='par_1_14' title="bbox 294 3883 1387 4367">
     <span class='ocr_line' id='line_1_35' title="bbox 295 3883 1384 3978; baseline -0.024 -18"><span class='ocrx_word' id='word_1_315' title='bbox 295 3929 354 3962; x_wconf 88' lang='lat' dir='ltr'>enm</span> <span class='ocrx_word' id='word_1_316' title='bbox 380 3904 519 3978; x_wconf 84' lang='lat' dir='ltr'>simplicem</span> <span class='ocrx_word' id='word_1_317' title='bbox 542 3900 664 3972; x_wconf 82' lang='lat' dir='ltr'>impetum</span> <span class='ocrx_word' id='word_1_318' title='bbox 676 3931 684 3954; x_wconf 89' lang='lat'>‚</span> <span class='ocrx_word' id='word_1_319' title='bbox 709 3898 807 3944; x_wconf 81' lang='lat' dir='ltr'>motum</span> <span class='ocrx_word' id='word_1_320' title='bbox 889 3884 1118 3942; x_wconf 58' lang='lat' dir='ltr'>&amp;lctuslteduxi</span> <span class='ocrx_word' id='word_1_321' title='bbox 1135 3905 1164 3936; x_wconf 80' lang='lat' dir='ltr'>ex</span> <span class='ocrx_word' id='word_1_322' title='bbox 1179 3883 1277 3935; x_wconf 70' lang='lat' dir='ltr'>Erum</span> <span class='ocrx_word' id='word_1_323' title='bbox 1296 3895 1384 3936; x_wconf 77' lang='lat' dir='ltr'>antee</span> 
     </span>
     <span class='ocr_line' id='line_1_36' title="bbox 296 3959 1385 4061; baseline -0.028 -21"><span class='ocrx_word' id='word_1_324' title='bbox 296 3977 549 4061; x_wconf 84' lang='lat' dir='ltr'>(perturbationem)</span> <span class='ocrx_word' id='word_1_325' title='bbox 570 3993 623 4027; x_wconf 90' lang='lat' dir='ltr'>non</span> <span class='ocrx_word' id='word_1_326' title='bbox 646 3969 731 4032; x_wconf 90' lang='lat' dir='ltr'>liunt,</span> <span class='ocrx_word' id='word_1_327' title='bbox 757 3967 808 4020; x_wconf 84' lang='lat' dir='ltr'>nisi</span> <span class='ocrx_word' id='word_1_328' title='bbox 856 3967 949 4020; x_wconf 76' lang='lat' dir='ltr'>laetus.</span> <span class='ocrx_word' id='word_1_329' title='bbox 959 3965 1046 4017; x_wconf 82' lang='lat' dir='ltr'>Motus</span> <span class='ocrx_word' id='word_1_330' title='bbox 1059 3961 1129 4016; x_wconf 87' lang='lat' dir='ltr'>enim</span> <span class='ocrx_word' id='word_1_331' title='bbox 1141 3960 1209 4023; x_wconf 80' lang='lat' dir='ltr'>lios,</span> <span class='ocrx_word' id='word_1_332' title='bbox 1229 3959 1262 4011; x_wconf 89' lang='lat' dir='ltr'>de</span> <span class='ocrx_word' id='word_1_333' title='bbox 1278 3959 1385 4028; x_wconf 77' lang='lat' dir='ltr'>quibus</span> 
     </span>
     <span class='ocr_line' id='line_1_37' title="bbox 294 4039 1387 4127; baseline -0.029 -9"><span class='ocrx_word' id='word_1_334' title='bbox 294 4065 358 4118; x_wconf 88' lang='lat' dir='ltr'>ratio</span> <span class='ocrx_word' id='word_1_335' title='bbox 368 4060 504 4116; x_wconf 81' lang='lat' dir='ltr'>accesserit.</span> <span class='ocrx_word' id='word_1_336' title='bbox 517 4052 682 4127; x_wconf 87' lang='lat' dir='ltr'>Perceptione</span> <span class='ocrx_word' id='word_1_337' title='bbox 692 4047 771 4121; x_wconf 87' lang='lat' dir='ltr'>igitur</span> <span class='ocrx_word' id='word_1_338' title='bbox 782 4060 805 4100; x_wconf 87' lang='lat' dir='ltr'>et</span> <span class='ocrx_word' id='word_1_339' title='bbox 854 4063 937 4098; x_wconf 77' lang='lat' dir='ltr'>sermo</span> <span class='ocrx_word' id='word_1_340' title='bbox 945 4057 998 4106; x_wconf 85' lang='lat' dir='ltr'>est,</span> <span class='ocrx_word' id='word_1_341' title='bbox 1011 4054 1099 4094; x_wconf 77' lang='lat' dir='ltr'>etmox</span> <span class='ocrx_word' id='word_1_342' title='bbox 1109 4052 1194 4111; x_wconf 84' lang='lat' dir='ltr'>etoap.</span> <span class='ocrx_word' id='word_1_343' title='bbox 1206 4039 1237 4106; x_wconf 69' lang='lat'>4,</span> <span class='ocrx_word' id='word_1_344' title='bbox 1249 4040 1317 4089; x_wconf 80' lang='lat' dir='ltr'>ictus</span> <span class='ocrx_word' id='word_1_345' title='bbox 1330 4057 1387 4111; x_wconf 78' lang='lat' dir='ltr'>ap-</span> 
     </span>
     <span class='ocr_line' id='line_1_38' title="bbox 294 4115 1387 4203; baseline -0.027 -9"><span class='ocrx_word' id='word_1_346' title='bbox 294 4139 436 4194; x_wconf 82' lang='lat' dir='ltr'>seusatione</span> <span class='ocrx_word' id='word_1_347' title='bbox 451 4139 497 4203; x_wconf 86' lang='lat' dir='ltr'>(nt</span> <span class='ocrx_word' id='word_1_348' title='bbox 506 4153 553 4186; x_wconf 89' lang='lat' dir='ltr'>nos</span> <span class='ocrx_word' id='word_1_349' title='bbox 565 4129 694 4201; x_wconf 85' lang='lat' dir='ltr'>loquimur</span> <span class='ocrx_word' id='word_1_350' title='bbox 705 4127 716 4193; x_wconf 91' lang='lat'>)</span> <span class='ocrx_word' id='word_1_351' title='bbox 728 4127 806 4198; x_wconf 84' lang='lat' dir='ltr'>impc-</span> <span class='ocrx_word' id='word_1_352' title='bbox 853 4119 949 4196; x_wconf 86' lang='lat' dir='ltr'>pellet,</span> <span class='ocrx_word' id='word_1_353' title='bbox 966 4119 1057 4190; x_wconf 83' lang='lat' dir='ltr'>quibus</span> <span class='ocrx_word' id='word_1_354' title='bbox 1073 4117 1211 4170; x_wconf 80' lang='lat' dir='ltr'>violentius</span> <span class='ocrx_word' id='word_1_355' title='bbox 1224 4115 1288 4187; x_wconf 83' lang='lat' dir='ltr'>qnid</span> <span class='ocrx_word' id='word_1_356' title='bbox 1306 4115 1387 4170; x_wconf 72' lang='lat' dir='ltr'>inest</span> 
     </span>
     <span class='ocr_line' id='line_1_39' title="bbox 294 4195 1385 4291; baseline -0.027 -18"><span class='ocrx_word' id='word_1_357' title='bbox 294 4233 335 4272; x_wconf 81' lang='lat' dir='ltr'>tus</span> <span class='ocrx_word' id='word_1_358' title='bbox 350 4216 455 4291; x_wconf 77' lang='lat' dir='ltr'>simplex</span> <span class='ocrx_word' id='word_1_359' title='bbox 476 4211 635 4272; x_wconf 82' lang='lat' dir='ltr'>continetur,</span> <span class='ocrx_word' id='word_1_360' title='bbox 658 4203 806 4278; x_wconf 73' lang='lat' dir='ltr'>cognitione</span> <span class='ocrx_word' id='word_1_361' title='bbox 854 4195 1385 4274; x_wconf 53' lang='lat' dir='ltr'>quodbicdesidereturffluemeitoctees.</span> 
     </span>
     <span class='ocr_line' id='line_1_40' title="bbox 295 4271 1386 4367; baseline -0.025 -19"><span class='ocrx_word' id='word_1_362' title='bbox 295 4317 356 4352; x_wconf 73' lang='lat' dir='ltr'>sero</span> <span class='ocrx_word' id='word_1_363' title='bbox 373 4307 397 4346; x_wconf 87' lang='lat' dir='ltr'>et</span> <span class='ocrx_word' id='word_1_364' title='bbox 408 4291 503 4367; x_wconf 78' lang='lat' dir='ltr'>jndicio</span> <span class='ocrx_word' id='word_1_365' title='bbox 518 4289 626 4362; x_wconf 83' lang='lat' dir='ltr'>impetus</span> <span class='ocrx_word' id='word_1_366' title='bbox 643 4281 805 4355; x_wconf 84' lang='lat' dir='ltr'>compositus.</span> <span class='ocrx_word' id='word_1_367' title='bbox 874 4271 1304 4346; x_wconf 76' lang='lat' dir='ltr'>7.Adrpemotio.bdspernetioees</span> <span class='ocrx_word' id='word_1_368' title='bbox 1311 4290 1386 4343; x_wconf 84' lang='lat' dir='ltr'>pro·</span> 
     </span>
    </p>
   </div>
   <div class='ocr_carea' id='block_1_11' title="bbox 0 0 1460 4954">
    <p class='ocr_par' dir='ltr' id='par_1_15' title="bbox 0 0 1460 4954">
     <span class='ocr_line' id='line_1_41' title="bbox 0 0 1460 4954; baseline 0 2"><span class='ocrx_word' id='word_1_369' title='bbox 0 0 1460 4954; x_wconf 95' lang='lat' dir='ltr'> </span> 
     </span>
    </p>
   </div>
  </div>
 </body>
</html>
