2910 4954
340 469 382 563 74
467 560 472 569 Ι
788 477 854 546 DE
879 481 970 550 lttA
1077 500 1080 511 ·

337 609 457 699 Itaque
484 605 545 675 tibi
569 631 657 703 saepe
677 609 801 679 bonam
825 612 973 682 indolem
997 639 1019 682 a
1043 615 1160 684 malis*
1183 642 1321 710 quoque
1341 621 1401 686 suis

335 719 535 806 ostendam,
557 721 706 792 sednon
726 724 803 792 ideo
823 727 905 794 vitia
922 751 991 796 non
1012 745 1113 812 sunt,
1135 732 1164 798 si
1183 748 1314 802 naturre
1336 759 1400 801 me·

295 845 311 910 t
337 834 432 904 lioris
458 836 585 907 indicia
611 854 702 907 sunt.
735 841 869 910 Deinde
893 867 1010 912 omnes
1036 846 1107 914 istae
1132 847 1265 917 scritate
1291 849 1399 918 libera

338 966 478 1044 genten,
501 951 661 1022 leonum²
681 953 909 1050 luporumque
929 960 1020 1042 ritu,
1044 975 1082 1028 ut
1100 963 1228 1032 servire
1248 988 1316 1032 non
1337 989 1401 1056 poe

336 1081 436 1150 eunt,
460 1069 506 1136 ita
524 1093 588 1138 neo
603 1072 783 1164 imperare.
805 1077 881 1143 Non
901 1077 992 1144 enim
1007 1076 1147 1146 humani
1161 1080 1229 1146 vim
1250 1079 1397 1173 ingenii,

335 1181 396 1250 sed
416 1183 480 1250 leri
498 1198 533 1251 et
551 1185 774 1256 intractabilis
792 1189 945 1258 habent:
967 1215 1066 1260 nemo
1080 1210 1191 1262 autem
1206 1217 1330 1287 regere
1344 1219 1398 1287 po-

334 1312 421 1382 test,
444 1300 510 1367 niei
530 1303 589 1392 qui
608 1318 644 1370 et
663 1305 749 1398 regi.

383 1415 477 1482 XVI.
494 1407 611 1483 Fere³
630 1417 745 1508 itaque
763 1418 906 1512 imperia
926 1445 1031 1514 penes
1050 1445 1107 1490 eos
1127 1421 1222 1492 luere
1241 1424 1398 1516 populos,

334 1528 395 1617 qui
422 1530 557 1598 mitiore
574 1531 660 1600 coelo
678 1528 849 1602 utuntur⁴
878 1561 886 1600 ι
912 1537 949 1602 in
969 1536 1098 1630 frigora
1122 1541 1401 1632 septentrionem·

287 1649 289 1654 ’
335 1665 401 1733 que
415 1645 638 1738 vergentibus
652 1649 874 1718 immansueta
892 1651 1032 1744 ingenia
1044 1668 1145 1735 sunt,
1167 1669 1205 1722 ut
1220 1655 1398 1746 aitpoeta,

762 1855 828 1871 ........
829 1837 926 1890 suoque
937 1818 1065 1874 simillima
1077 1819 1140 1874 celo
1152 1819 1171 1872 ⁸.

336 1957 570 2042 «Animalia,
603 1962 733 2054 inquit,
767 1965 1026 2058 generosissima
1055 1967 1251 2050 habentur,
1282 1969 1403 2060 quibus

337 2101 353 2138 a
376 2076 519 2145 multum
538 2077 628 2144 ineat
646 2079 719 2146 irae.
747 2107 763 2143 >s
787 2084 907 2164 Errat,
932 2084 991 2174 qui
1012 2107 1052 2150 ea
1075 2083 1112 2150 in
1130 2084 1322 2178 exemplum
1342 2086 1402 2151 ho·

333 2189 434 2258 minis
451 2189 611 2274 adducit,
633 2193 759 2284 quibus
776 2219 839 2288 pro
855 2197 987 2264 ratione
1006 2213 1058 2264 eat
1075 2199 1220 2292 impetus
1245 2226 1252 2264 :
1276 2200 1401 2266 homini

333 2333 396 2402 pro
411 2309 542 2402 impetu
558 2311 645 2377 ratio
659 2326 722 2379 est.
744 2311 813 2381 Sed
826 2337 890 2380 nec
902 2313 971 2381 illis
986 2314 1124 2406 quidem
1142 2314 1300 2384 omnibus
1313 2316 1402 2382 idem

368 2559 389 2592 1.
400 2539 521 2593 Indolem
538 2561 557 2592 a
572 2545 661 2596 malis.
680 2542 764 2616 Lipsio
780 2562 843 2595 sua·-

332 2620 408 2673 dente
418 2621 498 2694 recepi
514 2624 584 2688 (narn
593 2641 679 2676 seusus
690 2622 772 2696 magis
785 2642 843 2674 con·

331 2699 400 2772 gruit
411 2700 536 2774 prioribus
548 2720 554 2754 ι
566 2701 600 2753 Et
619 2721 631 2753 e
652 2701 718 2754 vitiis
739 2702 844 2772 quibus·

331 2777 391 2831 dam
414 2777 507 2831 bonam
527 2779 640 2831 indolem
662 2779 842 2851 conjicimus).

332 2858 413 2909 Antea
422 2874 429 2908 ι
438 2859 550 2910 indolem
562 2859 656 2920 molis,
668 2857 722 2910 sine
733 2859 760 2910 el
770 2879 796 2910 e.

366 2955 389 2986 a.
401 2935 524 2988 leonum.
535 2937 632 2989 Leones
648 2948 732 2989 tamen
748 2950 773 2990 et
787 2958 843 2990 eur-

331 3014 399 3067 ribus
411 3014 509 3085 junctos
520 3035 586 3080 esse,
598 3014 706 3086 ideoque
718 3016 840 3082 serviisse,

331 3105 435 3144 constat
448 3093 502 3165 lpse
516 3094 621 3156 Noster,
632 3093 671 3145 sui
682 3113 771 3166 parurn
783 3114 843 3146 me-

330 3191 401 3235 mor,
419 3170 496 3236 dixit,
513 3191 566 3242 cap.
585 3171 631 3236 31,
649 3191 765 3224 ursorum
782 3171 842 3224 leo-

331 3269 443 3322 numque
456 3271 499 3304 ora
509 3249 609 3324 placida
621 3249 791 3304 tractantibus.

363 3329 437 3382 xvl.
444 3329 513 3380 Atto.
523 3329 612 3399 Neque
619 3328 737 3380 animalia
745 3328 842 3380 iracun-

331 3406 402 3460 diors
413 3405 550 3478 eademque
559 3407 720 3480 generosiora
729 3406 842 3460 inexem-

330 3484 400 3558 plum
406 3485 516 3537 hominis
527 3483 619 3538 adduci
629 3496 747 3557 possunt,
759 3503 841 3556 neque

329 3562 455 3635 simplices
465 3561 609 3634 appellandi
618 3573 677 3615 suut
688 3561 812 3614 iracundi.

364 3640 388 3693 3.
400 3639 475 3692 Fere.
488 3639 593 3711 Aliquid
609 3639 778 3711 supplendum
790 3660 841 3713 ps-

331 3729 379 3780 tet,
396 3730 426 3769 ut
441 3736 554 3786 semper,
571 3729 614 3769 aut
624 3717 733 3786 νόϊᾳιιι,
754 3729 797 3770 aut
812 3716 840 3770 id

330 3817 411 3870 genus
423 3797 507 3852 verba.

364 3875 388 3940 l.
406 3875 474 3928 Fere
491 3879 580 3944 itaque
581 3912 624 3934 .....
644 3878 707 3928 cato
722 3886 838 3928 uantur.

330 3953 427 4004 Verum
439 3953 542 4024 quidem
558 3967 608 4016 est,
621 3952 687 4024 apud
700 3973 742 4006 eos
754 3974 840 4027 popu-

892 2555 996 2607 rentur,
1009 2544 1145 2597 maturiore
1156 2541 1322 2596 humanitatis
1335 2543 1403 2596 cultu

893 2622 1022 2694 vigerent,
1042 2620 1208 2692 institutisque
1226 2623 1346 2674 llorereut
1359 2621 1403 2682 iis,

891 2700 1403 2832 llllttllttllt‘tltlsstl

891 2801 1043 2929 potuerint?
1049 2877 1100 2928 qna
1116 2799 1403 2930 dominatioqcompara·

891 2945 940 2988 tur.
960 2933 1194 3007 Argumentationis
1215 2933 1309 3007 cupido
1329 2934 1404 2984 Nos-

891 3024 958 3066 trum
975 3033 1006 3066 eo
1021 3011 1150 3086 perduxit,
1171 3024 1215 3078 ut,
1233 3014 1305 3066 omui
1324 3033 1403 3084 expe-

891 3091 981 3143 rientia
1009 3091 1194 3164 pretermissa,
1221 3111 1272 3161 qua
1299 3091 1403 3162 quidem

891 3168 1013 3221 docemur
1036 3167 1199 3222 calidioribus
1226 3171 1298 3223 terris
1320 3169 1403 3242 magis

891 3247 1017 3321 propriam
1029 3265 1082 3299 esse
1092 3247 1250 3300 iracundiam
1261 3267 1336 3318 quam
1351 3247 1404 3299 sri-

891 3325 994 3400 goribus
1004 3325 1189 3398 septemtrionis
1197 3362 1205 3390 ,
1212 3327 1334 3380 feritatem
1343 3345 1404 3378 eum

891 3401 928 3454 ira
944 3401 1118 3455 coufunderet.
1133 3404 1223 3474 Neque
1241 3403 1310 3456 alind
1326 3401 1403 3474 quid-

890 3499 967 3551 quam
979 3481 1059 3533 Poeta
1069 3478 1183 3534 indicare
1194 3481 1286 3533 voluit.

924 3563 948 3612 5.
959 3558 1064 3628 Suoque
1072 3562 1214 3613 sinsillr'ma
1227 3563 1297 3614 eoelo.
1308 3559 1341 3610 Et
1354 3558 1406 3610 lsoc

890 3658 943 3692 uon
961 3639 993 3692 ds
1012 3639 1043 3692 iis
1060 3639 1143 3691 solurn
1160 3639 1280 3710 gentibus
1296 3657 1354 3708 quas
1375 3637 1406 3688 iu

889 3717 983 3789 frigora
993 3729 1017 3769 et
1023 3716 1407 3791 septemtrionemvergnutvere

889 3794 994 3860 dixeris,
1007 3794 1052 3846 sed
1064 3794 1096 3847 de
1108 3793 1203 3869 populo
1215 3795 1336 3866 quolibet.
1351 3794 1404 3844 Re·

889 3872 1041 3928 centioribus
1052 3871 1223 3948 temporibus,
1236 3873 1329 3946 primus
1341 3883 1404 3923 aute

888 3971 976 4004 omnes
986 3949 1077 4004 Bodt'n
1087 3950 1116 4002 in
1123 3951 1189 4004 libro
1199 3953 1233 4003 de
1243 3949 1405 4022 Republica,

332 4029 369 4080 los
380 4029 484 4102 imperia
493 4032 572 4103 prima
584 4031 675 4096 luisse,
685 4031 730 4102 qui
740 4031 839 4084 mitiore
888 4043 987 4102 postea,
1006 4029 1122 4082 omnium
1141 4029 1248 4102 plausu,
1265 4025 1408 4080 celeberri-

330 4106 393 4160 caelo
406 4108 598 4162 ntereutortsed
608 4107 705 4160 diversa
717 4131 745 4161 ex
757 4127 838 4162 causa.
890 4127 944 4160 rous
961 4107 1159 4178 Montesqus'eu,
1176 4105 1204 4158 iu
1224 4125 1297 4180 opere
1314 4103 1406 4156 selec-

332 4185 418 4238 !llitius
439 4187 528 4238 coslum
553 4187 619 4239 lraud
639 4186 715 4240 dubio
735 4187 840 4260 potissi·
889 4183 1106 4253 tissimoI'Esprs't
1114 4187 1160 4237 dea
1173 4185 1236 4238 Lois
1252 4183 1307 4248 (lib.
1324 4181 1403 4242 xlv,

331 4281 401 4314 mum
412 4262 438 4314 in
451 4282 524 4316 causa
536 4264 597 4328 luit,
611 4285 671 4328 rur,
685 4263 729 4335 qui
742 4285 772 4316 eo
784 4277 839 4317 ote·
889 4285 941 4336 rap.
956 4285 980 4330 ι,
996 4286 1024 4330 a,
1040 4265 1145 4334 sequ),
1158 4263 1184 4316 id
1198 4259 1388 4316 demonstrarit.
