2930 4956
244 416 248 437 l

94 459 1144 490 fflfflfflfflmu.

132 680 442 792 EDITORIS
479 679 660 786 NOVl
689 675 1088 784 PRAEFATIO..

526 1001 662 1028 *-

93 1361 187 1487 Qum
204 1392 259 1464 hic
288 1396 488 1464 inchoamus
508 1399 549 1464 L.
570 1395 619 1464 A.
641 1367 777 1464 §eneces
796 1391 999 1476 editionem,
1021 1391 1080 1461 illa
1106 1393 1143 1460 in

91 1520 143 1574 tres
156 1509 255 1580 divisa
275 1529 412 1606 partes,
431 1516 541 1582 omnis
557 1537 632 1606 quae
645 1513 708 1582 sub
723 1513 830 1608 ipsius
844 1513 981 1580 nomine
993 1513 1142 1581 circum-

90 1622 220 1696 feruntur
241 1653 368 1723 opera,
394 1631 632 1726 philosophice
660 1631 809 1712 scilicet,
845 1627 1084 1698 declamatoria
1109 1645 1146 1697 et

90 1747 195 1838 logice
207 1747 467 1841 complectetur.
525 1775 528 1791 ⁴

126 1862 215 1932 Nune
232 1881 348 1934 sutem
362 1889 467 1958 quum
482 1865 558 1934 brec
575 1867 686 1959 prima
698 1887 778 1959 pars
795 1863 1050 1958 philosophicos
1064 1879 1147 1932 tsn-

91 1989 145 2043 tun
156 1977 256 2049 libros
269 1982 444 2050 contineat
450 2030 461 2068 ,
478 1983 516 2050 in
530 2004 570 2050 es
582 1981 718 2074 paulum
733 1979 1009 2062 immorabimur,
1024 1996 1148 2049 metere

90 2092 258 2166 omittentes
278 2119 340 2165 suo
360 2117 514 2191 quaeque-
529 2094 603 2165 loeo
625 2093 824 2190 repetenda.
852 2099 924 2164 Neo
946 2095 1025 2165 ideo
1043 2093 1150 2190 qnid-

91 2231 172 2299 qusm
184 2212 230 2281 ibi
247 2213 293 2282 de
307 2217 442 2297 Nostro,
460 2214 563 2282 immo
582 2235 648 2281 nec
660 2210 704 2281 de
718 2213 791 2307 ipso
804 2195 987 2281 voluminis
1003 2213 1146 2282 materia

90 2322 306 2400 disserendum
332 2331 549 2414 censuimus,
580 2330 708 2424 quippe
732 2331 813 2422 quie
839 2331 1027 2424 unicuique
1055 2329 1145 2398 libro

90 2461 269 2534 argumenta
284 2445 491 2539 specialesre
503 2445 719 2539 praefstioncs
732 2447 1004 2539 praemittuntur,
1021 2444 1147 2538 quibus

89 2573 192 2625 cuncta
208 2561 284 2651 quie
309 2557 354 2626 ad
377 2557 473 2625 illum
495 2557 717 2652 pertinebant
735 2581 907 2652 exponere
931 2559 1140 2627 curavimus.

89 2670 188 2764 ltaque
199 2673 370 2743 monenda
383 2691 565 2767 supersunt
578 2695 687 2767 pauca
700 2673 743 2742 de
757 2675 859 2742 totius
871 2674 976 2768 hujus
985 2673 1147 2742 editionis

91 2801 205 2876 unere,
226 2790 324 2860 etde
341 2789 463 2859 ordine
481 2813 602 2883 quem,
622 2805 694 2857 tum
713 2791 749 2857 in
761 2786 1001 2884 disponendis,
1019 2804 1092 2858 tum
1113 2790 1150 2858 in
1406 2843 1407 2846 η

90 2901 283 2974 illustrandis
308 2904 416 2973 nostri
435 2903 631 2998 philosophi
649 2903 830 2998 operibus,
858 2905 956 2999 sequi
975 2906 1143 2976 constitu·
1295 2911 1430 2993 “vs

92 3030 150 3084 tum
166 3019 241 3086 luit.
660 3055 663 3062 ⁴

130 3134 275 3202 Primum
302 3135 453 3204 omnium
478 3133 638 3230 eligenda
657 3151 731 3204 erst
748 3135 862 3228 aliqua
885 3135 1023 3206 Seneeae
1041 3133 1158 3204 editio

90 3269 179 3338 quam
195 3251 353 3344 plurimis
366 3251 573 3346 approbate,
590 3276 659 3347 qus
671 3253 882 3346 potissimum
899 3252 1010 3336 duce,
1030 3253 1097 3322 hac
1111 3253 1149 3320 in

90 3369 330 3460 recognitione,
351 3385 539 3439 uteremur.
553 3369 654 3439 Nulla
668 3385 780 3439 autem
792 3370 874 3439 huic
889 3370 1061 3464 proposito
1076 3393 1148 3438 ms-

93 3483 135 3572 gis
143 3484 261 3554 idonea
275 3485 455 3556 nobisrisa
466 3503 529 3570 est,
541 3511 643 3581 quam
659 3510 700 3556 eu
717 3511 818 3580 quam
832 3486 969 3580 Lipsiae,
983 3485 1043 3553 Fr.
1056 3487 1092 3552 E
1094 3509 1147 3556 ro.
1203 3571 1207 3574 ,

96 3597 263 3694 lirdzlops,
287 3601 437 3672 director
451 3602 879 3697 gymnasiissielseldensis,
896 3604 933 3671 iu
952 3601 1060 3672 lucem
1077 3599 1162 3671 edi-.

93 3714 152 3802 dit,
183 3720 279 3787 nulla
303 3721 393 3787 enim
422 3722 638 3814 purioremve
656 3735 804 3803 textum,
835 3719 1035 3788 melioresve
1054 3735 1164 3788 notes⁴

93 3829 220 3919 praebet.
245 3834 331 3924 Quae
351 3833 488 3926 quidem
510 3835 614 3903 editio
633 3833 867 3929 philosophice
889 3835 1027 3902 Senecee
1047 3857 1157 3926 opere

94 3947 233 4040 quinque
248 3951 398 4016 continet
416 3949 666 4034 voluminibus,
688 3974 763 4042 quse
788 3947 931 4018 diversis
950 3965 984 4017 et
1007 3949 1151 4017 maxime

20 4117 21 4140 ,
94 4057 285 4133 distantibus
312 4063 517 4159 temporibus
537 4064 709 4160 publicata
729 4082 826 4153 sunt,
855 4090 1002 4160 namque
1020 4065 1148 4146 editor,

94 4178 208 4248 veritus
227 4179 316 4250 sorte
335 4205 378 4252 ne
402 4181 487 4273 quid
508 4182 612 4252 nimia
637 4181 851 4256 festinatione
877 4197 1059 4277 peccaret,
1083 4183 1151 4254 Ho-
