2926 4958
236 463 303 530 ro
330 464 501 532 srorc.
529 465 733 536 runos,
761 467 857 536 mo.
885 469 936 534 Η,
1003 453 1132 557 [extu

78 621 198 689 appetere
222 621 274 668 aut
296 608 380 690 sequi
404 623 487 670 recto
506 613 582 692 peric
605 609 712 684 liceat,
734 633 790 674 noc
810 611 874 673 haec
889 611 1009 693 fugisse.
1027 609 1132 692 ltaque

78 715 141 791 quod
151 715 227 796 apud
246 711 420 776 Homerum
438 714 490 778 illc
503 715 671 799 gloriatur:

307 888 330 904 ..
356 851 735 909 ......Nar¹naoeloi8alaarra
855 870 858 883 “

301 935 382 998 tetta
393 967 415 998 rr
428 948 600 1015 καὶταχίρηα·
627 1015 632 1022 ⁴

304 1072 328 1088 ..
353 1071 443 1088 ......
459 1036 632 1090 Norietrcio
648 1035 797 1110 singillatim

306 1127 371 1195 Quae
383 1127 458 1180 Bona
466 1165 473 1196 ,
485 1145 541 1198 quaa
555 1127 622 1180 Mala
636 1128 693 1180 sint.

77 1251 204 1312 monitum
221 1265 254 1314 et
264 1253 439 1338 exemplum
452 1253 588 1338 Sapienti
601 1272 661 1334 est,
680 1257 751 1338 quid
765 1270 893 1340 praestet.
904 1255 1066 1320 Faciamus
1079 1254 1135 1336 igi-

76 1369 113 1416 tur
125 1381 131 1415 :
145 1381 197 1442 ego
213 1381 275 1442 pro
289 1361 378 1444 copia
391 1375 537 1444 captuque
551 1363 790 1437 metonomiam,
806 1363 938 1440 dividam
951 1360 1086 1444 singula,
1103 1373 1133 1422 ct

76 1463 211 1544 subjiciam
227 1479 263 1526 ut
279 1468 310 1527 in
321 1467 444 1530 tabella.
460 1497 475 1522 α
484 1467 603 1532 Eorum
617 1491 681 1551 qna
697 1481 785 1546 snut,
799 1470 843 1530 ait
858 1467 1019 1543 Laertius,
1033 1466 1135 1530 dicunt

75 1567 190 1648 {Stoico
210 1572 273 1634 alia
288 1573 376 1636 Bona
395 1595 484 1652 esse,
511 1575 571 1636 alia
586 1574 692 1651 Mala,
714 1575 773 1639 alia
790 1575 947 1640 Neutra.»
965 1571 1020 1652 (ln
1035 1573 1132 1650 Zen.)

74 1675 139 1740 Satis
151 1678 233 1755 laxe,
254 1681 404 1762 Quaerere
420 1705 428 1740 t
448 1683 597 1767 restringo
608 1686 646 1745 ad
659 1682 737 1746 hanc
752 1683 930 1758 materiem,
947 1681 1049 1756 idest,
1065 1701 1129 1762 quae

75 1785 169 1847 invita
182 1802 211 1850 ct
226 1786 371 1850 Moribus
384 1801 469 1859 sunt,
480 1804 531 1850 aut
544 1790 638 1862 circa.¹
646 1787 730 1871 Quid
742 1791 832 1873 igitur
844 1787 983 1850 Bonum?
996 1785 1112 1851 Seneca
1124 1809 1131 1845 :

76 1890 195 1956 «linivit
209 1895 270 1958 hoc
285 1896 381 1970 alius,
399 1897 459 1958 alio
479 1900 582 1974 modo.
598 1897 732 1979 Quidam
751 1899 816 1961 ita:
833 1897 953 1959 Bonum
969 1909 1033 1971 est,
1052 1898 1132 1976 quod

76 1999 162 2062 irritat
173 2006 317 2076 animos,
332 2007 414 2086 quod
429 2008 470 2068 arl
482 2027 513 2068 se
532 2020 627 2070 rorat.
641 2005 724 2068 Huic
736 2007 837 2068 statim
852 2005 1015 2090 opponitur
1030 2003 1132 2084 :Quid

75 2107 93 2164 si
111 2109 206 2170 inritat
227 2109 378 2190 quidem,
400 2114 454 2173 sed
477 2113 508 2174 in
527 2113 719 2195 perniciem?
738 2111 804 2175 Scis
825 2132 917 2194 quam
937 2111 1030 2172 multa
1046 2109 1131 2170 Mala

76 2212 165 2276 blanda
178 2219 247 2280 sint.
258 2244 272 2270 n
289 2216 504 2301 Respondetor
519 2245 525 2278 ε
542 2249 556 2274 ιι
568 2219 687 2282 Verum
698 2235 730 2281 et
742 2219 920 2282 Verisimile
933 2220 1011 2279 inter
1026 2239 1058 2280 sc
1071 2217 1131 2278 ‹tit-

74 2321 157 2384 lernnt
165 2325 205 2386 ita
217 2347 226 2384 ε
240 2327 323 2406 qnod
331 2325 453 2388 Bonum
464 2340 510 2388 est
517 2325 603 2388 Vero
613 2326 744 2410 jungitur
756 2351 764 2385 z
777 2347 838 2387 non
852 2340 896 2388 est
907 2325 988 2387 onim
998 2322 1129 2395 Bonum,

76 2427 120 2486 oiri
131 2429 246 2492 Verum
262 2445 317 2492 est.
332 2429 373 2492 Ar
386 2433 467 2513 quod
480 2431 584 2493 inritat
601 2445 629 2494 et
647 2431 741 2494 allicit
753 2435 791 2492 ad
806 2453 838 2493 se
850 2432 942 2507 facie,
954 2428 1132 2490 Verisimile

74 2547 110 2594 est
127 2560 133 2591 :
151 2537 305 2620 surrepit,
320 2537 479 2612 sollicitat,
497 2537 627 2598 cantic
639 2535 771 2618 Quidam
785 2538 824 2599 ita
837 2537 977 2598 finierunt
991 2558 997 2592 :
1010 2533 1132 2595 Bonum

74 2655 124 2716 est,
140 2647 219 2724 qnod
233 2646 452 2728 appetitionem
469 2645 515 2706 sui
530 2659 633 2706 moret
650 2645 742 2718 trel,
761 2643 853 2726 Quod
873 2645 1019 2726 impetum
1039 2640 1132 2703 animi

73 2750 103 2806 ad
116 2753 307 2814 ostendentis
320 2767 435 2814 moret.
447 2749 489 2814 Et
499 2752 569 2815 huic
579 2752 660 2814 idem
673 2753 836 2836 opponitur
851 2775 857 2810 :
871 2750 968 2812 multa
978 2750 1059 2810 enim
1071 2749 1132 2809 irn-

73 2862 161 2928 petnm
171 2853 269 2914 animi
282 2867 405 2914 movent
415 2897 423 2927 ‚
437 2875 501 2933 qnae
513 2866 654 2936 petuntur
668 2853 834 2936 petentium
847 2849 1066 2913 minutatius
1076 2850 1131 2920 itti.

72 2955 114 3032 qui
127 2960 166 3020 sic
177 2959 348 3021 finiverunt.
361 2959 482 3020 Bonum
494 2974 554 3037 est,
568 2963 649 3041 qnod
658 2962 697 3022 ad
707 2982 739 3022 se
751 2961 899 3042 impetum
909 2958 1020 3032 animi,
1030 2979 1135 3020 secun—

70 3057 133 3118 dnm
142 3058 294 3121 Naturam
305 3075 417 3122 movet.
426 3089 441 3114 ι»
457 3057 575 3144 (Epist.
592 3068 720 3140 uxvru.)
736 3059 847 3124 Cicero
860 3061 943 3123 varie
957 3061 1050 3122 etiam
1062 3059 1136 3121 deti-

71 3163 124 3237 nit,
140 3148 190 3228 ant
202 3166 300 3249 tangit
314 3167 454 3228 definiri:
475 3166 641 3243 «Bonum,
656 3169 774 3249 inquit,
792 3168 817 3229 si
832 3166 1046 3251 oportuisset,
1062 3167 1134 3228 desi-

70 3270 173 3348 nisses,
189 3286 243 3334 aut
253 3271 346 3354 Quod
356 3287 437 3336 esset
446 3287 552 3336 natura
566 3277 786 3358 appetendum
802 3288 855 3336 aut
864 3274 957 3355 Quod
966 3275 1133 3356 prodesset,

70 3391 114 3438 aut
125 3378 217 3460 Quod
229 3383 355 3462 juraret.
373 3409 389 3434 n
404 3381 455 3459 (ll
469 3381 520 3444 De
534 3379 623 3464 Fin.)
636 3379 713 3462 Quae
727 3381 827 3464 prima
839 3381 973 3444 definitio
987 3402 1057 3443 cnm
1070 3379 1137 3440 ulti·
1243 3405 1246 3412 ·

70 3507 111 3546 roa
125 3487 250 3551 Seneca
262 3490 295 3549 in
310 3511 344 3551 re
359 3489 506 3551 cnnscntit
526 3512 533 3548 ι
553 3489 629 3551 sicut
642 3503 674 3548 et
686 3489 746 3550 alia
757 3511 852 3570 quam
873 3487 952 3552 Cato
966 3489 1046 3570 apud
1065 3508 1136 3548 cum

70 3595 169 3672 prodit.
181 3623 197 3648 a
208 3594 309 3670 Boni,
325 3594 436 3676 inquit,
452 3593 642 3656 definitiones
651 3595 775 3677 paulurn
790 3594 902 3677 oppido
917 3594 996 3654 inter
1005 3613 1038 3654 se
1051 3592 1137 3652 dille-

70 3715 143 3776 ηιιι,
161 3714 192 3763 et
206 3713 312 3764 tamon
328 3702 437 3763 eodem
452 3716 597 3784 spectant.
614 3699 682 3784 Ego
699 3702 848 3764 assentior
865 3698 999 3781 Diogeni
1011 3696 1138 3783 (Baby-

70 3805 162 3886 lonio)
179 3809 235 3891 qui
249 3807 372 3871 Bonum
383 3809 551 3884 definierit,
567 3811 598 3870 id
611 3811 692 3890 quod
706 3822 785 3872 esset
797 3807 914 3871 Natura
928 3805 1110 3868 absolutum.
1121 3834 1135 3858 υ

70 3911 136 3988 (111
149 3913 201 3976 De
217 3913 310 3992 Fio.)
323 3913 367 3976 At
383 3914 450 3976 alioe
467 3911 661 3992 Stoicorum,
683 3933 752 3978 curn
770 3913 884 3976 ultimis
897 3908 1056 3976 Ciceronis
1072 3910 1136 3973 sere

69 4024 244 4084 conveniunt
268 4035 301 4085 et
319 4019 436 4086 Laertii
457 4021 536 4084 hanc
559 4021 637 4083 habe
655 4044 663 4081 z
682 4019 784 4102 (Sext.
798 4019 891 4104 Emp.
910 4023 979 4082 adv.
997 4019 1093 4081 Math.
1110 4034 1138 4081 ot

71 4123 166 4212 Pyrru.
184 4129 270 4218 Hyp.
288 4127 355 4208 llt,
371 4153 397 4194 c.
411 4130 484 4206 ao.)
499 4127 645 4190 «Bonum
661 4129 862 4192 communiter
879 4130 1017 4209 estquod
1031 4127 1113 4188 Utile
1131 4151 1136 4184 :

70 4239 317 4320 promicantem,
333 4237 397 4302 sire
412 4238 512 4322 ipsrnn
527 4238 625 4314 istud,
643 4236 705 4300 sire
719 4239 757 4298 de
771 4257 808 4299 eo
822 4256 883 4298 non
899 4236 1062 4298 diversum.
1075 4263 1090 4289 »
1103 4236 1138 4296 lu

71 4345 169 4430 quibus
182 4345 290 4410 verbis
318 4345 394 4406 Utile
412 4344 514 4408 dicunt
532 4345 630 4428 ipsam
644 4346 787 4407 Virtutem
803 4365 879 4403 :nou
892 4344 1031 4406 diversam
1045 4387 1053 4418 ,
1073 4345 1140 4405 Ho-
