2930 4956
315 449 417 534 xxriij
568 443 637 513 DE
660 443 798 514 vlTa·
816 443 886 512 ΕΤ
910 445 1151 516 SCRIPTIS

314 586 403 668 (alibi
426 588 644 665 adnotandum)
663 600 693 650 et
708 586 768 649 boc
788 585 847 648 fine
867 587 911 649 sic
927 586 1030 670 plures
1044 586 1206 650 babebant.
1218 585 1315 665 Non,
1339 588 1385 648 in·

315 714 425 775 quam
448 713 487 756 eo
514 713 594 778 nego
617 705 668 754 aut
686 691 810 764 dubitoe
834 694 887 754 sed
907 691 977 773 quia
998 692 1081 775 ipsus
1101 690 1217 756 Seneca
1237 693 1333 776 tangit
1354 704 1386 752 et

315 800 440 884 castigat
456 799 535 862 banc
554 799 702 862 insaniam
722 797 852 882 sapim
868 798 961 860 etiam
973 797 1005 858 in
1027 797 1096 860 aula
1118 811 1149 861 et
1168 819 1281 873 seram,
1297 795 1385 859 libris

242 917 245 924 “
315 903 544 982 deBeneliciis,
565 925 641 987 quos
658 917 729 968 tunc
748 903 877 987 scripsit.
895 901 979 985 Quid
990 905 1093 985 ,qood
1103 904 1135 964 iu
1151 902 1205 990 illo
1222 901 1273 965 De
1286 902 1386 966 Tran-

315 1009 462 1092 quillitate
479 1010 559 1092 (rub
570 1009 711 1089 initium)
731 1007 834 1094 palam
851 1022 941 1094 negat
961 1037 977 1064 o
990 1009 1112 1095 placere
1130 1009 1188 1072 sibi
1200 1029 1320 1072 mensae
1333 1029 1386 1070 ra-

315 1117 422 1182 rietate
444 1116 633 1180 macularum
650 1117 844 1200 eonspicuas,
863 1143 879 1170 e
893 1137 950 1178 nee
963 1115 1062 1180 solere
1074 1115 1140 1178 uti?
1156 1114 1238 1178 Mira
1247 1114 1313 1180 baec
1322 1115 1388 1176 im-

316 1221 476 1305 pudentia,
501 1222 534 1284 iu
552 1243 588 1285 re
609 1221 770 1306 conspicua
791 1221 904 1304 eteius
923 1221 980 1284 nri
999 1221 1095 1285 oeulis
1116 1221 1257 1304 objecta,
1281 1219 1387 1304 palam

316 1328 361 1391 sie
375 1328 586 1406 dissimulare,
604 1342 656 1392 aot
673 1326 891 1404 mentietNon
906 1328 1058 1403 arbitror;
1074 1341 1105 1390 et
1119 1328 1215 1411 magis
1225 1325 1386 1398 Dionem,

318 1447 370 1496 aut
383 1434 432 1498 cui
442 1434 506 1496 Dio
518 1449 619 1519 partes
631 1435 687 1498 bas
703 1435 850 1520 adsignat.
868 1433 953 1498 Nam
968 1456 1005 1498 ex
1019 1435 1155 1497 oratione
1167 1435 1269 1516 aliqua
1277 1437 1388 1498 adrer-

320 1540 399 1604 saria
418 1539 481 1604 baec
504 1540 601 1604 rideri
613 1542 687 1604 alibi
707 1539 751 1618 (l.
772 1529 899 1605 Manud.
917 1540 985 1606 Dis.
1004 1546 1101 1621 xlx),
1123 1541 1263 1604 adnotavi
1276 1563 1284 1598 τ
1297 1553 1389 1622 atque

319 1648 421 1712 obiter
438 1648 481 1712 ibi
496 1649 668 1713 divitiarum
685 1651 801 1714 crimen
818 1649 914 1727 dilui,
929 1649 1089 1734 legendum
1104 1649 1129 1712 si
1142 1647 1312 1730 quisnolet.
1324 1645 1390 1710 Sed

320 1755 417 1840 magis
430 1755 530 1840 ipsum
541 1751 690 1820 Senecam
700 1756 798 1840 legat,
812 1755 864 1838 qui
880 1754 936 1817 sub
948 1754 1007 1817 boc
1016 1768 1134 1839 tempus
1147 1753 1198 1819 De
1208 1753 1281 1815 Vita
1291 1751 1392 1816 Beata

318 1860 431 1923 librum
456 1862 567 1940 edidit,
586 1861 618 1925 in
638 1881 699 1945 quo
722 1883 848 1946 scopum
866 1858 959 1924 babet
977 1862 1119 1924 adversus
1135 1859 1328 1925 criminantes
1355 1879 1390 1920 se

317 1967 406 2030 tueri.
420 1965 452 2030 Ο
465 1968 655 2053 elegantem,
676 1988 696 2032 o
719 1970 887 2054 sapientem
902 1967 1061 2035 libellum!
1080 1979 1111 2029 et
1125 1963 1308 2028 edumniam
1326 1961 1392 2026 boe

318 2073 387 2158 ipso
398 2094 521 2154 earam,
535 2077 618 2157 quod
628 2075 720 2140 luerit
731 2076 802 2140 huic
821 2076 978 2142 eliciendo.

686 2231 688 2234 ·
721 2199 884 2267 CAPUT
903 2200 986 2265 vll.

229 2357 234 2370 .
372 2320 495 2394 Mores,
511 2331 541 2382 et
548 2321 672 2403 primurn
689 2319 877 2393 mammea,
891 2322 1000 2408 neuma
1009 2364 1019 2394 ,
1036 2322 1174 2382 rmrctitos
1183 2320 1338 2402 pietasque.

362 2455 424 2523 Sed
439 2479 541 2522 mores
561 2459 619 2544 ipsi
642 2459 733 2522 etiam
756 2459 816 2524 boc
831 2461 870 2524 de
889 2460 998 2545 opibus
1014 2457 1216 2544 refrigerant,
1244 2471 1274 2520 et
1299 2479 1394 2521 usum

320 2567 359 2630 iis
374 2567 526 2646 clamant,
540 2588 603 2630 nou
617 2567 754 2630 abustma.
770 2565 853 2649 Quid
868 2567 950 2632 enim
968 2568 999 2629 in
1016 2567 1147 2644 taetram,
1164 2566 1288 2644 luxum,
1302 2585 1397 2650 pom-

322 2675 420 2759 pam?
444 2676 590 2751 doceant,
621 2686 651 2736 et
678 2665 866 2737 sile'mus.1n
887 2674 973 2738 cibos
990 2673 1141 2750 fortasse,
1163 2685 1194 2735 et
1213 2671 1394 2735 leuntiam?

322 2779 489 2844 Audiamus
502 2779 618 2864 ipsum,
629 2779 660 2842 in
672 2780 794 2862 publico
806 2779 998 2864 profitentem
1013 2804 1021 2841 ι
1039 2807 1054 2834 κ
1070 2781 1134 2863 Ego
1147 2800 1242 2860 quum
1253 2777 1398 2841 Attalum

324 2889 460 2951 audirem
476 2888 509 2950 in
529 2888 621 2964 vitia,
638 2887 669 2948 in
684 2907 826 2965 errores,
848 2889 880 2951 in
897 2888 978 2951 mala
993 2888 1061 2952 vite
1078 2900 1294 2972 perorantem,
1309 2907 1398 2969 saepe

324 2993 465 3056 misertus
485 3015 551 3054 suro
564 2993 683 3077 generis
698 2992 843 3070 humani,
863 3007 895 3057 et
905 2993 993 3057 illum
1007 2993 1169 3056 sublimem
1191 2993 1399 3073 altioremque

325 3099 458 3162 bmnano
469 3099 587 3184 fastigio
594 3097 840 3180 credidi...Qumu
848 3112 982 3184 eruperat
992 3099 1159 3183 voluptates
1166 3112 1283 3162 nostras
1292 3102 1401 3162 tradu-

326 3225 408 3283 cere,
419 3205 542 3268 laudare
553 3217 669 3268 mum
679 3225 799 3288 corpus,
813 3189 947 3267 sobriam
956 3225 1105 3282 mensam,
1117 3225 1224 3288 puram
1233 3217 1375 3267 mentem
1388 3229 1397 3263 ε

326 3333 389 3375 non
401 3325 517 3375 tantum
529 3311 570 3374 ab
584 3311 694 3374 illicitis
709 3311 926 3396 voluptatibus,
950 3315 1002 3376 sed
1024 3313 1116 3375 etiam
1130 3313 1343 3396 supervacuis,
1360 3313 1403 3373 li-

326 3419 419 3482 bebat
441 3417 688 3482 circumscribere
709 3417 821 3502 gulam
835 3430 866 3481 et
891 3431 1037 3481 ventrem.
1059 3416 1133 3482 Inde
1159 3417 1235 3480 mibi
1254 3419 1403 3499 quondm

291 3599 293 3606 Α
327 3546 523 3611 permansere
536 3571 545 3602 ,
558 3523 656 3590 Lucili
669 3551 676 3598 ;
694 3547 806 3610 magno
821 3527 904 3588 euim
921 3528 959 3589 ad
976 3527 1078 3589 onmia
1090 3526 1206 3610 impetu
1222 3546 1371 3588 veneram
1392 3551 1402 3584 ε

329 3633 436 3695 deiude
453 3634 492 3694 ad
507 3631 628 3694 civilem
648 3631 741 3694 vitam
761 3635 921 3708 reductus,
943 3652 979 3694 ex
992 3632 1070 3695 bene
1090 3633 1196 3715 coeptis
1215 3653 1312 3715 pauca
1326 3653 1405 3694 ser-

327 3739 405 3801 vavi.
421 3737 495 3800 Inde
514 3737 621 3800 ostreis
632 3737 800 3820 boletisque
814 3738 846 3799 in
858 3757 982 3816 omnem
997 3737 1091 3800 vitam
1106 3737 1308 3800 renrmtiatum
1322 3751 1371 3799 est
1393 3763 1402 3798 z

327 3848 400 3908 inde
412 3845 444 3906 in
465 3865 588 3908 ornnem
608 3845 701 3908 vitam
719 3858 871 3930 unguento
894 3843 1078 3907 abstinemus
1102 3867 1110 3904 ε
1136 3846 1205 3906 inde
1226 3843 1297 3906 vino
1313 3861 1409 3906 caret

329 3951 523 4016 stomachus:
540 3951 610 4013 inde
631 3952 664 4012 in
680 3971 803 4014 omnem
823 3952 916 4014 vitam
935 3951 1078 4013 balneum
1096 3950 1234 4034 sugimus.
1253 3977 1268 4004 a
1283 3947 1407 4036 (Epis.

295 4105 297 4110 2
328 4055 531 4137 cv111.)Qure
543 4056 611 4119 talis
629 4056 703 4118 alibi
723 4057 898 4141 frugalitas,
914 4078 953 4119 an
969 4078 1030 4140 quo
1043 4058 1168 4119 nornine
1189 4057 1374 4141 appellanda
1391 4063 1407 4123 ?

328 4161 370 4226 Et
382 4163 490 4247 scripsi*
500 4166 539 4226 de
557 4183 594 4226 ea
605 4163 636 4224 in
651 4161 836 4226 laudatione
849 4160 968 4226 &neca
978 4163 1025 4243 (l.
1041 4163 1166 4226 Mauud.
1182 4163 1251 4226 Dis.
1265 4169 1377 4244 xvur)
1394 4193 1410 4228 :-

328 4292 366 4362 oe
388 4270 437 4334 hie
460 4271 612 4334 iteremus.
626 4269 701 4336 Jam
721 4269 837 4352 reliqua
855 4270 947 4334 etiarn
967 4271 1025 4334 vita
1046 4271 1125 4335 seria
1137 4284 1167 4334 et
1188 4291 1304 4334 severa.
1326 4271 1410 4340 Nou
