2930 4956
301 441 323 483 x
618 413 882 485 norroars
917 415 1052 487 uovr
1099 399 1103 410 ‘

296 532 534 627 deprehendi,
556 536 614 626 qui
633 557 769 628 operam
785 559 878 604 suam
892 538 1046 607 criticam
1062 563 1139 608 cum
1152 563 1234 609 cura
1247 558 1282 610 et
1294 567 1370 612 suc·

300 673 398 719 cessa
412 651 447 717 in
461 649 555 718 bisce
569 651 731 744 operibns
743 653 964 722 emendandis
977 658 1155 749 posuisset.
1173 659 1212 726 In
1226 685 1370 752 quorum

302 766 595 837 emendationibus
608 767 814 837 adhibendis
827 769 892 839 boc
905 790 1067 864 sequutus
1080 801 1152 844 sum
1168 779 1344 848 consilium
1358 831 1368 862 ,

300 899 339 950 ut
351 883 463 964 bona,
481 905 557 973 qum
574 883 786 966 attulissent,
803 885 857 952 vel
872 887 908 953 in
926 893 1051 957 textum
1067 890 1301 980 immitterem,
1316 896 1372 963 vel

299 1000 336 1066 in
352 1000 512 1093 margine
525 999 740 1068 subnotarem
751 1053 759 1084 ‚
772 1000 904 1093 judicio
921 1025 996 1074 meo
1017 1005 1245 1099 qualicunque
1260 1033 1369 1103 appo-

298 1119 383 1199 sito,
408 1116 475 1183 alia
495 1139 634 1208 prorsus
659 1108 793 1184 silentio
820 1121 1105 1205 transmitterem,
1129 1122 1194 1192 alia
1218 1129 1372 1216 quamvis

300 1232 440 1324 rejicnla
458 1234 653 1325 speciminis
672 1233 744 1301 loco
761 1231 950 1304 allinerem.
971 1237 1104 1306 Praeter
1116 1238 1285 1309 editiones
1298 1241 1371 1334 jam

299 1346 451 1416 laudatas
466 1347 625 1416 contendi
638 1370 772 1442 quoque
786 1353 1011 1422 Basileensem
1024 1379 1079 1448 ap.
1089 1357 1141 1423 Jo.
1159 1357 1370 1450 Hervagium

299 1463 417 1532 Desid.
426 1459 660 1558 Erasmi,‘quae
669 1467 880 1536 emendatior
890 1470 1277 1563 prodiitMDXXXVII.
1290 1473 1368 1556 soh,

181 1573 186 1589 ⁴
300 1603 367 1672 qua
391 1583 582 1652 Gronovius
593 1607 671 1660 ,non
688 1608 768 1654 usus
784 1601 853 1670 est,
873 1588 1001 1681 qnippe
1019 1589 1077 1681 qui
1098 1588 1202 1656 multo
1220 1589 1372 1682 priorem

300 1707 379 1774 anni
391 1706 718 1774 MDXVconteudit.
728 1709 908 1777 Nonnullis
917 1709 1000 1779 locis
1009 1712 1185 1780 manifesto
1200 1715 1374 1806 corruptis

299 1821 465 1891 medelam
486 1823 568 1890 alias
588 1824 712 1892 Frustra
738 1825 943 1916 quaesitam‚
972 1825 1153 1897 dummodo
1175 1828 1243 1897 levi
1266 1829 1375 1899 ductu

301 1939 377 2005 fieri
400 1937 437 2007 id
456 1956 595 2033 posset,
618 1941 840 2034 conjectando
862 1943 1088 2011 adhibendam
1113 1943 1242 2027 malui,
1269 1967 1373 2037 quam

298 2055 476 2124 lectionem
494 2056 697 2125 salebrosam
715 2059 932 2151 relinquere3
954 2061 990 2128 in
1006 2061 1158 2153 margine
1175 2076 1286 2127 tamen
1300 2059 1375 2128 lec-

299 2171 412 2254 tione,
430 2197 530 2265 quam
548 2173 658 2266 ejeci,
680 2175 879 2260 subnotata,
901 2199 1070 2267 causaque
1088 2174 1282 2242 mutationis
1304 2173 1372 2241 ad·

294 2286 426 2378 juncta.
449 2289 600 2357 Modeste
625 2288 763 2382 quidem
786 2293 850 2360 hac
869 2291 1025 2360 libertate
1052 2292 1213 2376 editoris,
1240 2288 1284 2357 de
1301 2313 1373 2381 qua

299 2403 449 2474 nondum
465 2405 508 2474 lis
520 2405 564 2472 ad
579 2405 746 2498 liquidum
763 2406 907 2475 deducta
921 2431 994 2475 esse
1010 2405 1169 2487 videtur,
1184 2429 1265 2473 usus
1279 2429 1370 2474 sum.

299 2523 462 2614 Inprimis
483 2547 564 2592 vero
584 2524 914 2618 interpunctionem,
937 2547 1039 2616 quam
1057 2522 1179 2591 editori
1200 2523 1309 2616 magis
1326 2523 1375 2590 li-

300 2635 419 2704 beram
438 2659 534 2719 esse,
558 2638 768 2730 potissimum
787 2639 823 2706 in
839 2639 989 2720 Seneca,
1011 2652 1153 2721 constat,
1175 2637 1222 2703 ita
1239 2652 1375 2728 tempe-

302 2752 395 2834 ravi,
417 2768 455 2820 ut
473 2776 540 2821 non
558 2754 663 2822 solum
684 2755 784 2822 lectio
807 2753 1015 2823 commodior
1040 2770 1074 2822 et
1098 2755 1215 2821 utilior
1236 2749 1377 2820 reddita

300 2889 394 2949 esse,
412 2869 472 2936 sod
486 2870 559 2962 ipse
573 2893 709 2961 quoque
725 2886 842 2938 auctor
859 2870 936 2962 plus
950 2871 1053 2938 semel
1070 2871 1197 2938 erroris
1211 2868 1373 2950 crimine,

300 3009 369 3077 quo
387 2986 631 3079 premebatur,
650 2984 823 3054 absolutus
839 2985 1007 3054 videatur.

354 3129 371 3165 a
392 3101 496 3195 Quod
512 3103 549 3169 in
566 3103 779 3170 enarratione
789 3101 996 3196 'Philosophi
1010 3104 1163 3171 virorum
1181 3102 1281 3171 laude
1294 3127 1377 3172 mea

300 3217 486 3309 majorum,
508 3218 568 3308 qui
586 3233 665 3284 ante
681 3241 735 3285 me
752 3218 912 3286 Senecam
931 3217 1187 3310 expoliverunt,
1212 3219 1377 3311 inprimis

298 3333 406 3426 Lipsii
424 3348 459 3401 et
476 3333 638 3402 Gronovii
653 3333 804 3426 vestigiis
825 3333 1003 3415 insistere,
1024 3348 1057 3400 et
1075 3357 1192 3400 eorum
1215 3333 1377 3404 doctrina

285 3467 402 3542 ‚atque
427 3451 582 3518 acumine
608 3451 655 3516 uti
676 3448 831 3542 placuit,
854 3447 890 3516 id
912 3473 993 3518 vero
1011 3449 1104 3518 nulla
1122 3451 1206 3518 mihi
1228 3476 1375 3522 excusa-

302 3575 391 3668 tione
418 3579 503 3666 opus
526 3596 598 3640 esse
624 3570 771 3640 videtur.
792 3573 925 3640 Etenim
944 3587 1073 3640 tautum
1092 3572 1234 3655 absum,
1259 3591 1299 3643 ut
1320 3578 1381 3644 vi·-

301 3715 416 3760 rorum
439 3714 519 3758 vere
542 3689 709 3756 clarorum
733 3689 853 3757 merita
876 3689 919 3756 de
946 3691 1072 3758 Seneca
1100 3691 1196 3782 parvi
1222 3691 1378 3780 faciam,

300 3819 359 3875 aut
377 3805 420 3874 de
440 3807 526 3887 fama
547 3829 663 3876 eorum
682 3803 881 3886 detraham,
906 3806 1033 3898 quippe
1054 3805 1178 3897 quibus
1193 3831 1232 3874 ex
1251 3807 1380 3878 inferis

300 3920 395 3990 nulla
412 3921 597 3990 refellendi·
617 3938 651 3992 et
677 3920 884 4014 coarguendi
912 3919 1153 3990 obtrectatores
1173 3923 1380 4022 conceditur

300 4040 554 4132 opportunitas,
572 4053 609 4106 ut
625 4037 712 4106 nibil
730 4037 902 4129 antiquins
919 4053 953 4105 et
971 4039 1118 4106 sanctius
1134 4037 1276 4106 habeam
1297 4055 1378 4107 stu-

300 4150 357 4218 dio
370 4201 381 4238 ,
399 4151 560 4243 reliquias
579 4175 694 4218 eorum
712 4148 846 4232 doctas,
863 4153 1036 4219 averitate
1051 4169 1163 4219 tamen
1177 4169 1211 4220 et
1225 4152 1378 4221 utilitate
