2896 4954
325 391 484 459 iussn
511 393 599 474 111,
625 393 740 459 car.
767 392 911 460 xxix.
1091 395 1152 484 159

93 538 171 606 quos
189 513 360 608 fregerat,
383 517 542 586 dentibus
556 519 640 586 fixit.
663 518 787 588 Multos
799 515 976 586 iracundia
992 541 1149 600 mancos,

94 631 209 700 multos
222 630 352 700 debiles
368 633 469 716 fecit,
489 634 591 702 etiam
605 633 666 701 uhi
679 634 851 726 patientiae
866 649 916 701 cst
933 649 1033 702 nacta
1049 649 1151 702 mate·

93 745 183 814 riam
205 745 326 839 Adjice
338 771 452 832 nunc,
473 748 565 840 quod
578 748 664 816 nihil
680 763 747 818 tam
761 749 931 818 imbecille
945 765 1061 818 natum
1077 766 1150 834 est,

93 875 127 928 ut
137 863 210 930 sine
225 863 383 932 elidentis
396 864 548 957 periculo
562 881 681 958 pereat
697 890 705 932 ι
721 865 907 934 imbecillos
920 867 1155 936 valentissimis

92 975 170 1044 alias
188 977 308 1062 dolor,
329 979 412 1048 alins
429 1003 525 1048 casus
548 995 713 1071 exequat.
736 979 854 1072 Quid,
879 980 972 1072 quod
990 981 1155 1074 pleraque
1179 993 1194 1058 t

93 1115 229 1177 eorum,
254 1111 393 1189 propter
417 1119 492 1188 quae
516 1096 714 1176 irascimur,
741 1093 920 1164 offendunt
943 1119 1004 1163 nos
1022 1095 1151 1188 magis,

93 1230 190 1298 quam
217 1209 370 1280 laeduntt
394 1211 536 1280 multum
565 1226 677 1278 nutem
701 1211 864 1295 interest,
897 1225 1009 1282 utrum
1032 1212 1155 1305 aliquis

92 1322 252 1392 voluntati
272 1349 354 1394 meae
371 1325 481 1394 obstet
494 1331 519 1408 ¹,
540 1349 584 1394 an
601 1324 716 1394 desit²
735 1353 744 1410 ς
766 1328 910 1420 eripiat,
930 1353 974 1396 on
994 1353 1062 1396 non
1080 1329 1150 1398 det.

92 1435 195 1530 Atqui
208 1439 244 1507 in
254 1463 352 1532 mquo
363 1441 533 1534 ponimus,
547 1456 661 1509 utrum
671 1433 962 1531 uliquisauferaf,
976 1465 1021 1510 an
1030 1458 1152 1536 neget:

92 1568 204 1622 utrum
220 1579 313 1648 spem
323 1571 471 1624 nostram
482 1553 645 1648 praecidat
656 1604 665 1637 ,
681 1579 725 1622 an
735 1553 871 1624 differat
886 1581 894 1622 ε
912 1573 1027 1626 utrum
1040 1574 1156 1628 contra

92 1693 150 1738 nos
178 1669 297 1752 faciat,
317 1695 362 1738 an
382 1693 445 1764 pro
464 1694 522 1754 sc3
543 1693 657 1738 amore
675 1671 836 1753 alterius,
859 1695 904 1740 an
931 1670 1010 1741 odio
1034 1677 1153 1743 nostri.

92 1782 240 1874 Quidam
252 1807 334 1854 vero
347 1809 416 1854 non
428 1784 672 1876 tantumjustns
686 1807 803 1852 causas
815 1784 928 1853 standi
942 1802 1059 1856 contra
1070 1813 1154 1872 nos,
1184 1813 1198 1862 5

92 1897 151 1964 sed
171 1899 273 1966 ctiam
293 1897 451 1966 honestas
470 1887 609 1966 habent.
632 1897 728 1966 Alius
747 1914 880 1991 patrem
904 1895 1052 1980 tuctur⁴‚
1073 1902 1159 1971 alius

93 2013 253 2095 fratrem,
275 2012 362 2080 alius
386 2027 567 2106 patruum,
589 2011 676 2080 alius
697 2013 863 2097 amicum3
884 2013 939 2082 his
961 2029 1071 2084 tamen
1090 2041 1160 2086 non

92 2129 309 2222 ignoscimus,
323 2127 358 2195 id
372 2128 574 2196 facientibus
590 2155 597 2193 :
616 2125 785 2219 quodnisi
797 2128 967 2213 facerent,
986 2132 1159 2225 improba-

92 2266 226 2329 remus3
243 2245 365 2324 immo,
387 2243 480 2335 quod
498 2258 550 2312 est
566 2243 786 2326 incredibile,
804 2267 893 2336 saepc
911 2235 954 2313 dc
973 2245 1058 2314 facto
1070 2247 1160 2316 benc

92 2359 340 2440 existimamus,
360 2356 404 2426 dc
424 2359 569 2426 faciente
587 2358 685 2428 male.

138 2475 277 2542 XXDl.
305 2473 351 2540 At
372 2472 585 2563 mehercules
605 2475 659 2542 vir
675 2497 818 2567 magnus
836 2498 876 2544 ac
891 2475 1025 2566 justus,
1049 2477 1161 2545 fortis-
1189 2512 1198 2542 1

93 2586 213 2654 simum
229 2607 399 2676 quemque
413 2608 453 2652 ex
467 2583 622 2666 hostibus
635 2587 726 2669 suis,
746 2602 781 2655 et
796 2609 859 2679 pro
877 2586 1033 2656 libertate
1050 2612 1090 2657 ac
1110 2613 1163 2657 sa·

92 2703 161 2771 lntc
172 2703 292 2796 patriae
305 2702 610 2795 pertinacissimum
624 2703 784 2794 suspicit,
801 2717 836 2769 et
850 2701 950 2786 talem
959 2703 1023 2770 sibi
1037 2705 1158 2787 civem,

93 2819 194 2886 talem
205 2817 348 2885 militem
357 2807 579 2908 contingerc⁵
595 2831 698 2908 optat.
716 2817 835 2907 Turpe
848 2831 919 2898 cst,
936 2815 1047 2886 odisse
1061 2843 1162 2910 quem
1187 2853 1220 2910 2¹

92 2933 212 3002 laudes
243 2959 250 3000 ε
279 2946 407 3024 quanto
434 2954 515 2999 vero
543 2932 697 3024 turpius,
727 2931 771 2998 ob
795 2929 831 2997 id
855 2932 1002 3024 aliquem
1028 2934 1160 3018 odisse,

91 3048 346 3145 propterquod
366 3043 621 3118 miscricordia⁶
639 3048 765 3141 dignus
783 3065 854 3131 cst,
877 3051 906 3118 si
930 3053 1105 3144 captivusi
1127 3057 1163 3123 in

126 3324 148 3358 ι.
162 3301 480 3356 obnecvolunmsesm
487 3297 605 3354 ledendi.
654 3315 781 3354 auctorem
798 3302 945 3369 laudamus,
971 3306 1048 3360 modo
1068 3309 1100 3359 ed
1118 3329 1164 3362 nos

124 3403 150 3434 ι.
158 3380 249 3434 Desit.
265 3380 445 3453 Negligentia,
461 3397 511 3448 que
522 3380 605 3432 offen-
655 3375 721 3430 nihil
733 3377 788 3432 lisec
799 3381 929 3434 attineant.

89 3457 187 3512 dimnr.
688 3456 786 3510 nix.
800 3461 871 3512 Atto·
887 3459 921 3510 Et
937 3472 995 3512 ante
1012 3461 1075 3515 iram
1091 3461 1164 3532 judi-

83 3563 95 3578 s
122 3537 149 3589 3.
165 3535 265 3588 Utrum
276 3537 376 3604 aliquis
391 3534 497 3606 anstrat
497 3570 536 3586 .....
546 3536 607 3585 odio
656 3530 861 3587 tiumsdliilsees.

86 3613 342 3668 mrtettorrohaec
355 3610 606 3682 intermagnedill‘e-
689 3613 712 3664 5.
737 3613 892 3682 coningere.
917 3613 1030 3666 Fortuna
1055 3615 1163 3668 secunda

88 3691 172 3744 rencia
192 3705 247 3756 est;
265 3691 325 3743 etis
342 3711 400 3743 vere
415 3689 454 3742 ira
471 3701 572 3753 nostre,
585 3689 607 3740 si
656 3685 718 3738 clari.

88 3766 366 3838 quandoirascendura
380 3778 425 3830 est,
435 3765 529 3838 dignus
539 3764 607 3817 exis-
688 3763 712 3815 6.
733 3765 924 3818 Μὺινίιονᾰὶα.
947 3765 990 3817 Ob
1011 3765 1164 3840 impruden-

86 3843 222 3896 timendus
230 3845 274 3916 qui
282 3846 363 3896 aufert
370 3855 394 3893 et
404 3861 489 3894 rursus
497 3840 608 3893 habendi
656 3841 717 3894 tiam
727 3878 734 3905 ,
745 3860 794 3910 qus
804 3860 850 3894 nos
859 3840 975 3894 offendit.

86 3941 160 3993 spem
173 3920 307 3996 precidit,
318 3920 363 3992 qui
376 3938 421 3971 nos
433 3931 519 3970 contre
536 3917 609 3970 odio-
690 3937 712 3982 ⁷·
728 3917 761 3971 Si
771 3921 919 3986 captivae...
932 3921 1164 3992 laterpunctionem

88 3997 366 4072 qnenostriinjurism
380 3995 446 4048 tacit.
658 3993 760 4046 mutavi.
786 3997 869 4048 Antea
891 4009 943 4047 erat
966 4012 1086 4070 punctum
1110 4017 1164 4075 post

122 4077 249 4145 ᾼΑἱίω
259 4087 414 4144 ραιντηι......
435 4084 536 4136 turtur,
563 4085 608 4126 etc.
658 4074 753 4140 dignus
769 4085 826 4138 cst‚·
848 4093 894 4126 nec
915 4077 940 4126 si
956 4080 1073 4143 captivus
1075 4116 1163 4132 ...........

89 4153 281 4218 Offendimur,
295 4153 391 4206 etiamsi
408 4151 469 4203 alies
479 4151 572 4202 fectum
585 4164 609 4202 et
659 4169 720 4222 opus
729 4149 852 4215 habebat,
868 4171 918 4222 quo
928 4155 1067 4208 referretur.
1081 4155 1177 4208 inciso·
