2896 4958
330 542 484 610 LIBER
507 543 541 622 1,
570 540 680 608 CAP.
707 538 832 647 ἪῙΙ.1
1073 561 1111 629 ¹9
1216 541 1227 553 '

70 669 114 738 scd
126 671 299 740 consilium
313 693 413 740 omne
434 683 470 738 'et
489 669 724 762 poeuiteutiam
741 638 972 738 irreiooabilis
991 669 1112 763 praeci-

68 790 163 880 plutio
177 787 343 874 abscidit,
363 806 399 858 et
412 809 483 858 nou
499 788 579 856 licet
596 811 637 856 eo
653 808 723 857 non
738 788 938 882 pervenire,
960 809 1027 879 quo
1045 809 1114 855 nou
1215 803 1216 811 ¹

68 904 107 970 ἠ
124 904 269 974 licuisset
292 931 300 972 ε
325 907 372 974 ito
388 907 522 974 animus
539 907 568 973 si
586 907 744 988 inirem,
771 925 939 988 amorem,
962 903 1114 996 aliosque

68 1043 94 1086 te
104 1023 239 1116 projecit
250 1023 409 1106 affectus,
424 1045 495 1091 non
507 1023 717 1116 permittitur
733 1021 920 1116 reprimere
934 1021 1111 1114 impetum.
1186 1050 1195 1076 .

67 1137 166 1231 Rapiat
181 1139 280 1208 illum
304 1155 455 1234 oportet,
482 1155 517 1208 et
537 1139 582 1207 nd
599 1141 705 1208 imum
722 1155 801 1234 agat
818 1160 916 1208 suum
935 1137 1069 1232 pondus
1081 1142 1112 1220 ¹,
1149 1161 1152 1170 ⁴

68 1267 94 1318 ct
104 1255 255 1324 vitiorum
273 1271 396 1324 natura
411 1255 584 1350 proclivis.
667 1289 671 1296 ⁸

71 1363 75 1370 ¹
102 1371 183 1440 VIII.
196 1371 374 1465 Optimum
390 1387 441 1439 eat
452 1373 601 1464 primum
618 1371 867 1440 irritamentum
884 1371 944 1438 irm
960 1370 1117 1464 protinus
1145 1367 1155 1399 ¹
1233 1457 1235 1463 Ι

65 1507 227 1578 spernere,
240 1489 392 1582 ipsisque
404 1511 597 1582 repugnare
610 1487 797 1555 seminibus
805 1491 832 1570 ²,
846 1485 968 1555 etdare
978 1497 1121 1580 operam·

66 1623 99 1667 ne
107 1602 290 1674 incidamus
300 1607 336 1672 in
349 1606 434 1672 iram
449 1631 460 1698 ,²
478 1629 556 1673 nam
570 1605 598 1672 ai
608 1604 751 1697 coeperit
765 1603 855 1671 ferre
870 1596 1115 1685 transversos&

64 1713 197 1790 difficilis
211 1719 256 1788 ad
272 1721 419 1788 salutem'
430 1743 589 1790 recursus
606 1736 678 1808 est3
702 1721 862 1813 qnoniam
875 1721 963 1787 nihil
975 1711 1119 1788 'rationis

66 1851 122 1917 est,
138 1837 198 1905 uhi
218 1837 324 1905 semel
342 1837 483 1905 affectus
501 1836 660 1906 inductus
678 1851 747 1921 cst,
768 1839 894 1931 jusque
911 1837 962 1904 illl
981 1835 1120 1929 aliquod

64 1949 220 2022 voluntate
238 1965 355 2020 nostra
373 1949 488 2020 datum
507 1968 558 2020 eat
569 1947 596 2020 ⁴.
619 1955 736 2022 Faciet
754 1952 796 2022 de
815 1969 937 2022 caetero
955 1968 1120 2045 quantum
1151 1979 1155 1986 ·

65 2063 155 2150 volet,
171 2077 419 2160 nonquantum
433 2069 640 2163 permiseris.
655 2070 841 2164 Inprimis,
862 2071 1021 2162 inquam,
1039 2069 1121 2134 fini·
1148 2071 1163 2102 ²

63 2177 116 2247 hus
129 2182 236 2252 hostis
249 2183 417 2253 arcendus
432 2201 503 2272 est,
523 2209 601 2254 nam
616 2210 721 2277 quum
736 2187 895 2270 intrarit,
917 2201 951 2254 et
964 2185 1070 2278 portis
1086 2209 1121 2252 se

62 2295 181 2384 intulit,
203 2300 342 2371 modum
361 2325 382 2370 a
402 2303 544 2397 captivis
568 2325 636 2370 uon
655 2303 790 2396 accipit.
819 2305 938 2394 Neque
957 2303 1048 2386 euim
1067 2325 1122 2368 se-

63 2411 176 2504 positus
198 2435 253 2487 eet
277 2419 431 2503 animus,
459 2434 494 2487 et
515 2419 725 2488 extrinsecus
749 2417 943 2512 speculatur
960 2417 1120 2500 affectus,

63 2547 94 2596 nt
109 2525 180 2602 illos
200 2533 273 2604 nou
288 2537 438 2629 patiatur
455 2536 546 2604 ultra
565 2557 668 2628 quam
685 2550 819 2629 oportet
836 2535 1043 2629 procedere,
1066 2533 1127 2602 sed

62 2642 267 2718 inaffeetum
294 2651 367 2744 ipsc
391 2665 541 2719 mutatur
557 2643 569 2687 ⁵
592 2677 600 2718 ι
627 2649 773 2743 ideoque
792 2677 861 2722 nou
879 2668 990 2746 potest
1007 2652 1126 2720 utilem

60 2758 143 2831 illam
152 2767 224 2834 rim
235 2781 270 2834 et
281 2765 481 2849 salutarem,
497 2766 667 2860 proditam
677 2770 749 2862 jam
762 2771 1054 2870 infirmatamque,
1072 2795 1127 2840 re-

60 2947 245 3002 quesepassam
256 2933 349 3005 quihus
357 2951 428 2986 nnnc
439 2933 523 2986 servit
535 2933 568 2985 m
616 2935 811 2989 Mannduetiou.
832 2937 864 2990 ad
883 2939 963 2992 'stoio
985 2939 1128 3015 philosoph.

62 3003 135 3060 Greci
144 3009 193 3064 hae
206 3010 358 3083 metaphora
367 3029 432 3083 saepc
444 3023 566 3076 utantur,
617 3013 668 3079 ΙΙΙ,
692 3035 713 3084 7.
733 3036 758 3088 p.
781 3015 835 3069 153.
855 3035 892 3090 sq.
913 3018 973 3084 (ed.
996 3022 1130 3094 llntwerp.

61 3082 84 3134 la
95 3100 151 3140 nota
163 3089 283 3163 imagine
294 3089 407 3142 Platonis
419 3089 451 3142 dc
462 3089 567 3152 animo,
620 3087 697 3157 1610,
710 3093 755 3158 4).

61 3163 155 3218 allectas
176 3173 313 3238 tamqnam'
334 3186 412 3237 equos
434 3165 570 3238 dirigente.
635 3185 658 3221 a.
668 3168 819 3224 Seminibus
828 3191 886 3224 cnm
893 3173 978 3246 lipsio
989 3175 1130 3248 praetnlieq'i

60 3237 153 3296 Phedr.
164 3265 190 3318 p.
199 3245 254 3298 320
266 3265 304 3316 sq.
317 3244 383 3309 324,
399 3256 461 3296 tom.
475 3245 513 3307 x,
529 3244 569 3297 ed.
617 3247 735 3300 sensibus
747 3249 847 3322 :agitur
860 3251 930 3304 enim
942 3251 973 3304 de
986 3253 1075 3325 primis
1085 3253 1130 3306 irae

61 3315 220 3392 liphne
227 3322 568 3396 ωιῦηοᾶναχαετίζωθιι,
588 3351 591 3357 ·
617 3322 714 3375 ortibus
733 3325 906 3399 profligandis.
915 3327 961 3380 Est
978 3341 1130 3403 preceptum

60 3395 552 3478 Valckenar.adEnrip.IIippol.1233.
618 3399 711 3454 scholae
746 3402 940 3460 Salernitana:
970 3406 1131 3480 «Principiis

75 3493 94 3530 ¹·
106 3481 155 3534 Ad
170 3485 261 3534 imm
277 3493 345 3550 ngat
361 3501 438 3534 suum
454 3485 568 3551 poardus.
619 3479 705 3550 obsta,
717 3501 773 3536 sero
786 3475 915 3539 medicina
925 3499 1033 3560 paratur.
1045 3507 1058 3531 »ι

60 3553 114 3608 lion
119 3557 240 3612 absimili
247 3559 359 3634 imagine
366 3559 451 3633 pingit
458 3559 568 3626 Persius,
638 3559 660 3612 3.
670 3560 1031 3636 Coeperitsem'lmnsoersos.
1042 3567 1073 3620 ld
1085 3581 1129 3636 est,

59 3631 106 3688 Sat.
116 3635 171 3703 III,
179 3639 215 3705 34
223 3677 233 3706 ,
241 3637 327 3692 vinam
336 3638 462 3712 perditum
473 3657 480 3691 ι
492 3661 506 3685 s
518 3639 568 3691 alto
618 3636 663 3690 uhi
681 3637 732 3692 huc
744 3639 806 3692 illuc
817 3641 921 3694 arbitrio
932 3663 978 3696 sno
989 3665 1035 3698 nos
1054 3648 1132 3720 agita·

60 3709 211 3781 Dameam,
226 3733 484 3770 summamraosnon
496 3717 571 3770 bullit
621 3716 699 3780 verit,
710 3729 735 3770 et
743 3737 758 3769 a
767 3723 835 3771 recto
842 3719 941 3774 tramite
947 3740 1045 3775 aversos
1052 3721 1132 3797 palari

60 3786 86 3840 ia
97 3793 172 3848 anda.
187 3795 263 3848 »Em
622 3796 727 3868 jusserit.
743 3797 794 3850 En.

81 3871 233 3926 vtum.
241 3871 514 3926 Iramessctollsndam
523 3909 530 3937 ,
540 3891 572 3924 nc
600 3928 606 3941 Ι
639 3875 662 3940 4.
677 3870 755 3928 Nihil
765 3879 901 3930 rationis...
912 3877 1006 3933 doru'm
1017 3893 1063 3935 est.
1074 3884 1132 3937 Nisi

61 3943 391 4004 duramenirenmm.
397 3952 571 4026 Argumenta,
622 3952 720 4024 integra
732 3965 756 4005 et
771 3954 825 4008 sine
837 3954 1010 4022 emula,'nisi
1020 3961 1073 4013 cola
1084 3963 1131 4030 sit,

59 4041 110 4092 qua
125 4024 177 4081 hoe
191 4030 277 4104 eapite
289 4031 465 4095 continentur,
475 4043 528 4083 non
539 4031 573 4083 ita
623 4035 749 4088 evanescit
756 4035 820 4088 ratio
830 4053 837 4098 ς
849 4055 905 4088 eam
915 4037 1134 4095 neoeuarinmaut

59 4099 126 4184 frma
135 4124 208 4168 ease,
221 4120 253 4159 nr
263 4107 383 4160 omnibns
391 4109 571 4182 persuadeant,
623 4110 764 4185 imperare,
779 4125 823 4166 aut
830 4114 919 4187 perire.

58 4193 105 4267 lpft
115 4181 241 4256 Llpsitrs,
260 4183 406 4238 Stoicorum
426 4185 488 4250 ille,
512 4187 573 4239 dnm
640 4189 831 4260 5.Inprimis...
846 4195 934 4246 sedin
945 4195 1067 4269 rrj'seclum
1077 4203 1132 4267 ipse

57 4257 120 4342 lunt,
148 4261 294 4316 atenim
321 4262 392 4333 isque
415 4261 573 4318 doctissimus
621 4275 748 4320 mutatur.
764 4267 929 4326 Facillimum
951 4275 983 4327 sit
1006 4275 1131 4346 quidquid

58 4333 161 4403 tradar,
178 4338 253 4390 ultro
268 4341 397 4393 confessus
412 4342 573 4414 astssiejna
622 4344 665 4397 hic
688 4348 803 4420 congerit
819 4342 910 4403 Noster
934 4352 1067 4417 refellere,
1089 4354 1131 4407 vel
1204 4342 1212 4360 ³
