2926 4958
306 458 383 544 clxij
486 457 517 522 J.
543 456 707 526 LlPSlI
732 455 1201 530 MANUDUCTIONIS

300 603 420 666 lucum
441 619 504 662 non
522 599 646 662 renitmt
667 623 675 660 t
698 617 756 663 nee
774 599 920 679 sistimus,
941 603 996 664 sed
1019 621 1141 685 semper
1158 603 1374 685 prominetnns.

301 706 406 790 Quare
421 705 561 790 trepida?
577 707 648 788 quin
660 720 691 768 et
704 733 722 762 tr
732 707 851 790 majora
865 725 939 770 vero
953 707 1112 780 timemus}
1126 722 1156 771 et
1169 723 1330 792 antequam
1341 710 1376 771 ti-

303 816 436 890 menda,
451 811 628 875 timemus.»
649 810 745 893 (Seu.
759 809 859 896 Epist.
873 816 962 891 1111.)
976 811 1183 876 Permittimus
1198 813 1304 878 deinde
1319 836 1375 877 uos

301 919 423 983 affectui
431 965 440 997 ,
448 939 505 982 nec
511 916 643 982 Ratione
657 917 719 980 ulla
731 932 904 998 revocante,
917 917 1100 984 auferimur:
1112 934 1141 983 et
1153 949 1168 976 α
1180 921 1222 984 sie
1232 921 1374 1008 vertimus

303 1040 405 1112 terga,
429 1029 687 1108 quemadmodum
707 1025 773 1104 illi,
801 1047 877 1109 quos
895 1027 995 1110 pulvis
1019 1041 1119 1090 motus
1137 1027 1207 1112 suga
1230 1049 1375 1112 pecorum

302 1134 383 1196 exuit
396 1133 536 1196 eastris.»
554 1132 670 1216 (lbid.)
687 1132 771 1215 Quid
785 1123 881 1220 erpo?
894 1134 1025 1216 inquies;
1036 1134 1111 1196 nihil
1125 1135 1309 1219 providebo,
1325 1149 1376 1197 aut

302 1240 502 1325 praecipiam?
516 1239 590 1302 Non
604 1239 664 1304 hoe
679 1243 801 1304 suadeo.
817 1241 942 1304 Timere
957 1255 1010 1316 te,
1031 1262 1094 1305 non
1107 1243 1267 1326 providere
1281 1256 1351 1304 veto
1363 1269 1373 1313 ς

302 1346 422 1427 vorari,
437 1369 501 1409 uon
511 1348 618 1410 vitare.
632 1347 701 1410 lmo
716 1367 790 1410 vero
806 1347 866 1410 hae
878 1348 944 1432 ipsa
957 1351 997 1410 ad
1009 1346 1209 1412 Securitatem
1222 1362 1251 1410 te
1263 1348 1311 1410 via
1322 1351 1376 1410 du-

303 1477 372 1520 cam
389 1499 397 1532 ‚
413 1474 506 1535 quam
526 1454 633 1517 videor
649 1454 849 1538 prmelmisse.
866 1483 882 1510 «ι
896 1453 989 1517 Siris
1007 1475 1131 1518 omnem
1145 1455 1376 1520 sollicitudinem

304 1582 414 1624 exuere
425 1607 434 1638 ‚
446 1560 591 1642 quidquid
601 1561 717 1623 vereris
727 1582 766 1624 ne
779 1561 912 1640 eveniet,
925 1574 1104 1624 eventurum
1114 1562 1215 1645 utique
1225 1582 1374 1645 propone,

301 1683 332 1732 et
344 1671 554 1752 quodcumque
569 1668 645 1730 illud
661 1681 706 1729 est
720 1667 837 1729 malum
849 1681 951 1730 teeum
968 1668 1034 1752 ipse
1047 1667 1175 1744 metire,
1192 1681 1221 1730 et
1234 1668 1378 1731 timorem

301 1789 386 1838 tumn
400 1789 479 1838 taxa.
489 1801 504 1831 ι
523 1771 606 1858 (Ep.
622 1778 735 1853 nutv.)
748 1772 866 1837 Audis?
885 1774 1030 1837 timorem
1045 1789 1131 1838 tuum
1144 1797 1255 1853 exues,
1271 1775 1377 1837 omnia

299 1884 443 1945 timendo.
459 1880 522 1946 Sed
534 1879 635 1945 addidi
650 1881 791 1942 metiendo
805 1879 897 1942 etiam
916 1895 947 1943 et
962 1883 1110 1944 uenam·
1123 1879 1206 1944 Nam
1220 1881 1308 1964 quale
1333 1881 1378 1943 il-

303 1990 355 2052 lud
369 2003 436 2064 est,
454 1989 535 2070 quod
551 1987 685 2062 eueniet,
704 2007 831 2062 verum,
849 2007 888 2048 an
903 1987 1112 2072 imaginarimn
1124 1987 1261 2051 malum?
1276 1984 1310 2049 Si
1323 2010 1380 2050 ve-

304 2115 392 2156 rum:
417 2094 449 2156 iu
470 2115 522 2156 me
543 2106 589 2155 est
610 2091 734 2176 sugere,
754 2114 813 2156 nee
832 2093 942 2156 invitus
961 2095 1000 2158 ad
1020 2093 1139 2158 Vitium
1155 2093 1307 2179 impellar.
1322 2092 1381 2156 Sin

305 2213 436 2262 autema
451 2197 587 2261 Fortuna
603 2198 737 2280 aliquid,
763 2213 793 2263 et
806 2199 862 2262 ista
883 2199 965 2284 vulgi
979 2201 1086 2266 mala:
1109 2202 1172 2284 jam
1185 2202 1252 2264 heri
1269 2201 1379 2265 didici-

308 2328 391 2380 mus,
407 2305 493 2368 Mala
506 2305 571 2368 haee
583 2326 645 2367 nou
657 2327 732 2368 esse.
742 2303 828 2367 Auo.
837 2305 1008 2368 Didieimus
1022 2329 1029 2366 :
1046 2308 1098 2370 sed
1109 2329 1144 2370 re
1158 2321 1189 2370 et
1204 2307 1312 2371 effectu
1325 2329 1382 2369 ex-

307 2435 428 2484 sereret
446 2413 530 2476 etsie
544 2433 576 2476 se
593 2432 701 2496 gerere
715 2436 723 2472 t
740 2431 759 2472 o
772 2409 916 2478 Herculis
930 2413 982 2476 itte
997 2411 1085 2476 lahor
1099 2415 1107 2476 t
1122 2411 1207 2474 Ltus.
1221 2411 1356 2477 Socratis
1370 2462 1379 2492 ‚

308 2537 338 2586 et
351 2521 404 2604 qui
417 2541 489 2582 eom
502 2518 587 2600 sequi
608 2518 723 2582 volunt.
742 2515 807 2582 Cur
820 2532 922 2584 autem
939 2539 1003 2602 non
1020 2519 1134 2584 sarias?
1159 2519 1232 2582 Non
1245 2519 1331 2582 enim
1347 2535 1385 2582 ut

307 2648 378 2692 ares
390 2671 398 2706 ,
408 2649 474 2708 quse
489 2645 599 2688 cauere
613 2639 666 2688 aut
678 2624 763 2706 loqui
777 2627 888 2697 doctae,
906 2625 984 2688 nihil
1001 2625 1079 2688 ultra
1099 2646 1189 2690 voees
1203 2627 1299 2690 soitmt
1313 2650 1321 2686 t
1337 2627 1384 2690 sic

307 2734 396 2796 nobis
408 2731 603 2817 Philosophia
619 2731 769 2809 discutis,
788 2745 840 2797 aut
851 2731 1000 2796 habenda.
1012 2731 1134 2818 Apaget
1145 2735 1197 2796 sed
1210 2734 1263 2796 illa
1277 2735 1384 2796 animo

310 2842 459 2904 induenda
473 2853 517 2901 est
532 2862 539 2900 t
557 2853 646 2921 atque
658 2839 752 2914 etiam
771 2865 785 2896 α
797 2840 1009 2903 circumdanda
1024 2853 1087 2918 est,
1102 2841 1185 2904 velut
1198 2841 1386 2926 inexpugna-

311 2947 383 3009 hilis
404 2967 530 3023 muros,
554 2967 646 3028 quern
670 2944 806 3008 Fortuna
827 2947 930 3009 miultis
952 2945 1101 3010 machinis
1121 2947 1293 3011 laoessitum
1320 2969 1387 3011 non

310 3053 450 3115 transit.»
468 3051 561 3131 (Seu.
575 3049 672 3136 Epist.
688 3057 826 3132 uxxtttt.)
839 3051 1032 3116 Antisthenes
1048 3053 1123 3116 olim
1136 3054 1194 3117 hoe
1211 3055 1384 3118 monebat:

313 3159 448 3222 «Muros
461 3161 677 3222 construendos
692 3160 724 3221 iu
738 3159 831 3224 animi
844 3162 941 3228 nostri
953 3161 1108 3238 sensibus,
1124 3162 1208 3224 nulla
1221 3163 1252 3224 vi
1264 3185 1386 3247 expug-

312 3266 455 3330 nantis.»
468 3261 612 3344 (Laert.)
627 3263 669 3326 Et
678 3286 754 3348 quos
765 3287 889 3344 muros,
904 3263 976 3330 illos
987 3265 1207 3339 Decretum,
1223 3268 1387 3349 dequibus

313 3373 379 3435 heri
394 3370 522 3436 diximus
536 3393 543 3430 :
560 3392 624 3450 quse
639 3371 664 3434 si
678 3371 755 3434 hene
768 3371 909 3450 imbibis,
923 3393 1046 3452 serras,
1061 3393 1202 3445 exerces,
1218 3371 1383 3451 nithart,

313 3474 385 3556 quid
393 3487 423 3536 te
437 3471 551 3534 levium
564 3471 691 3532 istorum
703 3471 810 3534 laedat?
826 3469 862 3534 ln
877 3471 1002 3534 theatris
1015 3471 1067 3536 ille
1079 3493 1151 3536 eum
1161 3473 1269 3556 plausu
1282 3475 1359 3538 dixit
1375 3499 1383 3535 ι

546 3631 552 3646 .
562 3629 584 3646 ..
596 3593 697 3646 nemsi
707 3594 827 3664 Regnum
837 3613 852 3646 a
863 3613 903 3648 me
915 3597 1029 3648 Fortuna
1039 3607 1114 3664 atque
1128 3595 1198 3668 Opes

492 3685 595 3757 Eripere
606 3683 700 3756 quirit,
713 3697 739 3736 at
750 3683 877 3738 Virtutem
889 3705 940 3738 non
953 3685 1025 3756 quiit.

312 3800 355 3864 Et
363 3803 446 3866 vides
458 3821 638 3884 generosas,
652 3814 692 3877 et,
708 3813 742 3862 ut
755 3801 798 3863 sie
810 3801 919 3879 dicam,
932 3799 1050 3864 Stoieas
1064 3825 1154 3866 roees
1168 3805 1260 3866 etiam
1273 3805 1305 3868 in
1318 3805 1386 3866 rul-

310 3931 365 3994 gus
377 3910 504 3984 cadere,
519 3920 550 3968 et
563 3907 659 3990 excipi
675 3929 710 3970 ac
723 3906 869 3990 probari?
885 3907 962 3988 Qum
976 3909 1066 3992 igitur
1080 3911 1111 3970 in
1125 3909 1231 3986 nohis,
1247 3925 1278 3972 et
1289 3933 1386 3974 mann

310 4029 414 4076 nostra
429 4027 516 4091 sunt,
533 4035 672 4076 curemus
687 4035 694 4072 t
708 4013 866 4089 henniis,
892 4015 965 4094 quid
982 4015 1040 4076 nisi
1062 4013 1132 4078 Deo
1150 4017 1382 4100 permittamus?

310 4119 352 4182 Et
366 4121 492 4181 tidenter
505 4119 627 4200 quidem
641 4121 859 4202 permittamus.
873 4118 1038 4183 Nemeum
1049 4118 1193 4184 Socrate:
1209 4149 1223 4176 ιι
1235 4121 1315 4186 lllud
1325 4125 1385 4185 mi-

298 4227 342 4298 „td
362 4237 431 4308 apte
452 4225 563 4287 dictum
584 4224 717 4301 videtur,
738 4224 825 4288 Deos
842 4248 907 4288 esse
924 4240 1061 4289 nostrum
1081 4241 1256 4305 curatores,
1273 4243 1304 4292 et
1324 4251 1384 4290 nos

282 4313 286 4320 ¹
309 4333 390 4396 velut
401 4331 623 4416 possessionem
640 4330 772 4413 aliquam
792 4331 932 4396 Deorum
947 4355 1021 4396 esse.
1039 4332 1187 4420 (Platoiu
1197 4333 1384 4412 Phaedone.)
