2894 4954
294 479 359 564 284
442 477 513 546 ¹DE
537 477 1037 572 TRANQUILLITATE
1061 479 1219 546 ANIMI

292 607 369 676 dam
390 607 609 688 obscuriora,
634 621 669 674 et
692 607 730 674 in
747 630 883 676 recessu
899 633 908 675 ι
923 607 1079 701 quaedam
1095 631 1164 676 non
1181 610 1360 690 continua,
1441 687 1442 694 ἵ

291 720 352 791 sed
370 747 409 790 ox
429 721 617 790 intervallis
632 719 834 803 redeuntia,
853 747 930 815 quoe
947 723 1001 792 vol
1016 723 1252 792 molestissima
1270 723 1364 793 dixe-

290 839 378 922 rim,
399 855 439 907 ut
452 816 566 908 hostes
576 825 678 932 vagos
692 890 701 922 ‚
721 855 756 908 et
768 863 809 908 ex
820 831 1054 908 occasionibus
1066 839 1256 908 assilientes
1267 845 1292 920 ¹,
1305 864 1365 935 por

290 978 377 1048 quos
392 971 553 1024 neutrum
565 955 663 1038 licet,
681 979 748 1024 nec
759 971 929 1049 tamquam
942 957 979 1024 iu
993 954 1083 1024 bello
1092 972 1250 1052 paratum
1262 961 1360 1034 iesse,

290 1095 355 1140 nec
367 1089 537 1164 tamquam
551 1073 587 1140 in
600 1097 685 1166 paco
696 1095 867 1141 securum.
889 1073 990 1141 lllum
1004 1065 1139 1140 tamon³
1154 1073 1311 1142 habitum
1330 1075 1362 1140 in

290 1211 344 1255 me
357 1189 503 1257 maxime
517 1186 765 1284 deprehendo(
779 1214 886 1282 quaro
898 1189 989 1259 enim
1002 1215 1071 1258 non
1080 1213 1220 1270 verum,
1242 1205 1282 1256 ut
1294 1213 1362 1256 ms-

291 1305 380 1390 dioo,
398 1305 506 1375 fatear
514 1308 544 1396 i)
563 1331 628 1375 nec
646 1308 735 1375 bona
748 1302 837 1376 fidet
850 1307 1032 1376 liberatum
1044 1309 1099 1389 iis,
1113 1331 1190 1401 quae
1206 1307 1362 1375 timebam

291 1440 326 1494 et
341 1424 501 1509 odoram,
521 1449 586 1494 nec
604 1450 723 1494 rursus
739 1418 751 1460 ⁵
769 1425 965 1494 obnoxium.
985 1429 1026 1495 In
1037 1441 1145 1509 statu,
1165 1442 1284 1494 utnon
1295 1450 1364 1519 pes

292 1543 397 1626 simo,
418 1543 466 1610 ita
484 1543 627 1612 maxime
651 1535 821 1635 querulo⁶
841 1558 875 1611 et
893 1567 1025 1612 moroso
1042 1543 1171 1636 positus
1186 1567 1264 1611 sum
1281 1571 1288 1609 :
1304 1568 1364 1610 nec

291 1674 441 1751 aegroto,
460 1683 525 1728 nec
542 1659 652 1728 valeo.
671 1663 748 1727 Non
762 1674 813 1728 est
832 1657 924 1752 quod
939 1659 1032 1728 dicas
1043 1663 1069 1742 ²,
1089 1660 1242 1728 omnium
1258 1661 1361 1728 virtu·

292 1789 362 1842 tum
378 1791 497 1843 tenera
513 1799 587 1844 esse
598 1777 787 1871 principia,
807 1792 958 1871 tempore
977 1777 1060 1870 ipsis
1076 1775 1319 1844 duramentum
1334 1791 1365 1840 et

293 1887 400 1957 robur
414 1886 592 1958 accedero.
609 1891 685 1956 Non
699 1885 861 1983 ignoro⁸,
877 1891 980 1958 etiam
996 1913 1072 1983 quae
1094 1892 1131 1958 in
1150 1891 1304 1984 speciem
1321 1886 1366 1954 ln·

292 2085 394 2149 φοριιός
414 2079 529 2145 dietum,
548 2080 611 2133 dnm
628 2082 656 2132 ei
676 2085 703 2133 in
715 2092 806 2151 aperto
855 2081 995 2135 hortentur.
1008 2081 1153 2136 Liberatum
1162 2069 1222 2148 me,
1233 2081 1331 2152 iuquit.
1341 2101 1367 2133 ee

288 2158 672 2234 posituexplicatillustrstqne.
854 2183 915 2240 pere
939 2162 1036 2216 credidi
1060 2183 1138 2234 quam
1163 2162 1284 2214 animum
1307 2163 1367 2213 inter
1441 2178 1442 2218 t

326 2237 460 2292 r.Hostes
475 2259 558 2310 sugas
572 2251 598 2292 et
611 2259 647 2294 ea·
664 2241 806 2294 occasioni-
854 2239 1366 2315 etprsvoseffectussspientisconstituit;
1441 2237 1442 2246 ³

289 2317 338 2368 bus
356 2320 512 2370 assilientes.
533 2317 602 2371 Belli
618 2339 699 2391 gentis
720 2319 806 2372 innuit
853 2320 898 2372 sed
908 2318 983 2371 infidi
993 2321 1098 2371 effectus
1109 2336 1197 2392 pacem
1206 2337 1289 2387 usque
1300 2329 1367 2368 etus·

290 2415 353 2466 quos
366 2397 518 2450 recentiores
532 2417 578 2452 nos
590 2397 683 2452 clarius
697 2399 805 2452 dicimus
854 2415 904 2468 que
916 2397 1074 2469 inquietent,
1085 2417 1132 2449 nec
1142 2396 1281 2450 liberatum
1290 2394 1366 2448 omui·

286 2493 379 2544 guerre
391 2477 581 2544 depurtr‘sans.
855 2493 889 2528 no
900 2496 942 2528 me
953 2477 1092 2550 patiuntur.

321 2574 345 2606 α.
364 2555 420 2608 Nee
439 2564 580 2624 umquam
597 2557 626 2606 r‘n
638 2553 706 2607 betto
714 2573 805 2623 paru-
886 2555 910 2604 5.
923 2555 1036 2606 Rursus.
1054 2551 1154 2623 Lipsius
1170 2550 1308 2603 emendem
1319 2569 1367 2600 ro·

288 2644 353 2684 tum.
373 2635 491 2704 Namque
510 2632 607 2686 indicto
625 2629 710 2695 bello,
728 2630 805 2686 ermis
853 2633 901 2686 init
917 2653 1041 2702 prorsus,
1058 2645 1147 2685 eontra
1160 2629 1367 2684 seutentismSe
1440 2629 1441 2694 ᾖ

287 2711 583 2785 suisvelignavissimus
597 2709 805 2782 quisqueeccin·
852 2712 929 2777 reni,
949 2711 995 2783 qui
1015 2711 1102 2764 media
1120 2709 1272 2763 conditione
1288 2727 1314 2761 se
1332 2705 1368 2758 uti
1440 2695 1441 2742 i

288 2789 374 2864 gitur,
392 2803 417 2843 et
427 2789 507 2842 hostis
522 2789 546 2841 si
559 2791 623 2842 sorte
636 2789 735 2862 ingruit
750 2807 804 2841 non
853 2787 975 2859 queritur.
989 2815 1023 2829 --
1032 2789 1086 2844 Nee
1105 2807 1199 2842 messes
1217 2789 1369 2840 obuium.

290 2872 415 2921 inermem
428 2880 453 2920 et
465 2865 634 2940 improvidam
653 2867 752 2918 turbam
765 2867 804 2924 in·
853 2865 883 2916 ld
901 2879 952 2929 est,
967 2865 1045 2918 eiters
1058 2885 1087 2919 ex
1096 2878 1166 2938 perte
1177 2865 1326 2938 expositum.

288 2945 367 2997 venit.
886 2944 1368 3015 6.Queru10etmomso.l)squoque-

312 3021 345 3092 Υ3.
359 3021 444 3074 Illum
455 3033 560 3085 tumen,
580 3035 626 3076 ete.
638 3022 661 3073 E
672 3021 752 3074 tribus
762 3031 801 3072 ts'·
852 3025 1002 3097 rorsepius,
1011 3035 1091 3096 etqua
1099 3023 1185 3076 minus
1194 3023 1312 3096 gaudeo,
1323 3020 1370 3073 mi-

288 3108 349 3151 men
366 3101 485 3154 vitiorum
504 3101 640 3176 generibus
661 3119 718 3172 qum
737 3099 803 3152 mihi
853 3121 900 3155 nus
912 3113 1045 3155 contentus
1054 3121 1111 3154 snm
1121 3118 1200 3173 quem
1211 3120 1265 3154 esse
1273 3114 1369 3175 parest

289 3180 370 3231 inesse
392 3197 551 3250 conqueror,
572 3179 656 3253 priore
676 3181 728 3232 duo
749 3199 803 3231 non
887 3201 909 3251 7.
922 3181 1369 3251 Nonestpuodds‘ees....uucedm.

288 3255 364 3308 valde
376 3277 417 3308 me
428 3257 581 3318 sollicitent;
595 3256 640 3309 sed
653 3257 732 3309 tertiis
743 3275 804 3309 con·
853 3259 971 3331 Objectio
989 3271 1025 3312 est
1037 3259 1080 3314 eui
1090 3261 1192 3312 obviam
1205 3261 1240 3322 it,
1254 3277 1349 3333 nempe
1362 3277 1368 3310 :

287 3333 369 3386 cutior
381 3351 387 3385 ε
399 3353 483 3404 neque
496 3334 566 3386 enim
579 3353 737 3407 compescere
755 3352 803 3403 ego
853 3337 978 3389 Virtutem
989 3335 1061 3390 lente
1071 3337 1216 3390 adolescere
1226 3358 1233 3402 ς
1245 3357 1309 3410 ergo
1323 3357 1370 3388 ne-

286 3411 360 3464 vsleo
392 3412 555 3464 fluctuantem
585 3411 659 3464 illum
691 3423 801 3477 statum,
853 3435 980 3487 qusquam
992 3417 1196 3489 desperandum,
1211 3413 1233 3466 si
1242 3413 1370 3488 principio

286 3507 363 3560 quem
390 3489 503 3563 proxime
533 3486 698 3560 significavi,
727 3507 803 3560 quem
853 3491 955 3546 infirme
973 3494 1022 3559 sit,
1038 3513 1087 3547 nec
1103 3494 1187 3568 primo
1204 3493 1293 3544 stetim
1303 3511 1372 3544 eou-

286 3566 365 3618 modo
379 3565 625 3640 descripturussum.
852 3572 1123 3642 gressusffeetusviies
1133 3571 1372 3645 vulgaresqueprn-

319 3646 406 3712 4.Nec
414 3647 551 3716 bonafide.
560 3645 655 3698 Sensus
663 3644 803 3720 generalis:
851 3648 974 3701 straverit.

285 3725 323 3776 lte
340 3737 369 3776 nt
384 3725 454 3776 vitiis
471 3726 587 3778 funditus
596 3725 689 3778 ¹deletis
707 3723 803 3778 curatio
884 3729 908 3780 8.
919 3726 981 3779 Non
990 3731 1089 3796 ignom,
1099 3739 1145 3782 etc.
1156 3726 1373 3801 Respondetprc-
1438 3723 1439 3736 i

285 3809 383 3861 sincera
405 3813 434 3861 a'e
459 3811 567 3881 perfecta
586 3810 628 3862 sit.
651 3804 801 3880 specialiter
852 3807 926 3860 xime
939 3805 1096 3878 objectioni:
1109 3809 1233 3860 Noncsse
1244 3806 1372 3870 virtutes,

285 3890 345 3940 vero
363 3887 432 3942 hane
449 3889 502 3941 vim
518 3891 706 3965 ipsuum-spisso
725 3888 801 3941 habet
849 3884 893 3937 sed
911 3884 989 3947 vitis,
1011 3901 1068 3956 qne
1083 3884 1162 3958 louge
1183 3885 1374 3938 consuetudine

285 3967 313 4017 ct
323 3967 455 4036 bonafide
463 3979 492 4020 ut
503 3965 552 4020 sibi
564 3968 617 4041 ipse
628 3965 709 4040 fingat
719 3967 800 4020 fredus
849 3965 980 4025 crescam:
993 3962 1087 4018 disten
1099 3963 1184 4035 ireque
1194 3962 1227 4016 ab
1239 3961 1274 4014 iis
1283 3963 1374 4016 virtu-

285 4043 479 4115 quod'emmodo
489 4046 605 4098 animum
615 4046 713 4098 interet
721 4033 801 4097 msiss
848 4044 917 4098 tibus
930 4057 955 4096 ct
966 4043 1056 4108 bonis,
1071 4042 1166 4116 quibus
1176 4043 1272 4114 quissd
1280 4042 1373 4094 altitu-s

284 4123 419 4195 cupidines
431 4123 510 4178 ictum
522 4145 574 4179 esse
587 4135 599 4190 ,¹
610 4127 680 4197 cuius
692 4125 743 4178 itte
756 4121 802 4177 sii·
843 4123 943 4176 'sensim
953 4120 1094 4187 evehatur,
1109 4131 1167 4193 qna
1176 4119 1284 4193 quidem
1296 4123 1374 4176 initio

287 4201 391 4272 quando
410 4222 498 4275 parum
515 4217 619 4268 curant,
634 4205 667 4256 ita
685 4217 713 4256 ut
734 4200 800 4256 maia
850 4219 933 4274 parve
944 4201 1010 4263 sint,
1022 4201 1145 4275 temporis
1156 4213 1243 4256 tamen
1252 4221 1374 4254 successu

287 4277 338 4338 fido
349 4291 425 4352 agent
435 4292 458 4332 et
468 4279 588 4334 veiiicent
598 4319 606 4346 ,
618 4295 642 4332 et
651 4283 747 4334 abonis
757 4281 801 4334 de·
851 4281 958 4352 majores
970 4277 1041 4331 fient.
