2928 4960
310 439 423 528 snuj
498 441 530 508 J.
555 439 716 511 mrsu
741 441 1194 515 Mtuunucrrouts

309 583 507 648 intentionem
517 585 680 669 suscipere.
690 611 706 643 r
724 583 780 668 (In
794 583 887 667 Zeu.)
904 583 1020 650 Seneca
1037 611 1045 648 ι
1065 584 1241 673 «Sapientia
1255 591 1386 674 pe'rsua·

308 691 411 767 debit,
424 711 518 754 unum
528 689 651 754 Bnnttm
665 711 731 754 esse
742 693 824 774 qnod
836 689 1008 756 Honestum
1019 706 1065 756 est
1076 739 1086 774 ,
1098 694 1158 758 boc
1167 715 1224 758 nec
1233 694 1348 758 remitti
1356 709 1387 759 et

310 791 424 854 intendi
442 812 554 876 posse,
572 811 634 862 non
649 791 747 877 magis
760 813 853 876 quarn
870 794 1029 879 regulam,
1050 815 1109 878 qua
1126 807 1242 858 rectum
1258 795 1387 881 probari

310 898 410 970 solet;
427 919 519 980 quam
539 900 566 960 si
585 897 705 975 flectes,
723 900 866 982 quidquid
885 922 922 964 ex
937 900 989 963 illa
1004 902 1188 979 mutaveris,
1210 901 1320 985 injuria
1342 916 1388 964 est

310 1004 396 1067 recti.
410 1001 496 1068 ldem
508 1025 581 1088 ergo
597 1007 635 1068 de
648 1003 770 1068 Virtute
784 1005 917 1069 dicemus
934 1031 942 1069 ε
957 1019 988 1070 et
1000 1006 1065 1071 baec
1077 1020 1160 1071 reeta
1174 1021 1230 1087 est,
1238 1005 1387 1070 flexuram

308 1131 372 1176 non
386 1111 511 1196 recipit;
524 1111 622 1198 rigida
633 1124 699 1187 est,
709 1111 840 1197 amplius
852 1111 966 1176 intendi
976 1133 1039 1176 non
1050 1127 1183 1196 potest.»
1197 1111 1275 1198 (Ep.
1286 1114 1388 1196 ιω.)

310 1217 354 1282 Et
366 1219 459 1304 paulo
474 1233 543 1284 ante
559 1241 567 1280 t
585 1245 602 1274 α
612 1217 700 1282 Idem
711 1239 777 1282 esse
790 1219 909 1284 dicebat
919 1218 1061 1285 Socrates
1071 1220 1261 1300 Veritatem,
1274 1235 1305 1284 et
1313 1220 1389 1284 Vir·

307 1338 404 1389 tutem
416 1350 424 1388 :
437 1327 591 1409 quomodo
601 1324 654 1388 illa
667 1345 729 1388 non
745 1325 872 1404 crescit,
892 1325 936 1391 sic
948 1347 1006 1392 nec
1018 1326 1124 1390 Virtus
1134 1327 1266 1410 quidem.
1281 1325 1388 1390 Habet

192 1429 196 1440 ¹
308 1454 453 1498 numeros
464 1453 550 1512 suos,
563 1434 653 1518 plena
665 1446 742 1496 esta
756 1431 871 1517 (Ibid)
884 1433 989 1518 ltaque
999 1431 1110 1501 Cicero
1124 1435 1203 1498 bene
1214 1435 1385 1508 concludit3

314 1567 328 1594 α
337 1537 504 1602 anirtute
514 1539 579 1603 sola
588 1553 619 1602 et
632 1536 771 1603 Honeste
783 1561 876 1634 quum
890 1541 928 1604 sit
937 1539 1060 1604 Bonum
1067 1541 1196 1628 posimm
1209 1564 1217 1614 ;
1232 1563 1388 1624 quumque

309 1667 368 1711 nee
379 1645 488 1712 Virtus
498 1691 508 1725 ,
519 1659 553 1709 ut
562 1646 662 1731 placet
674 1643 806 1724 Stoicis,
823 1667 881 1710 nec
894 1643 1066 1712 Honestum
1083 1660 1200 1711 crescat
1215 1669 1224 1722 ;
1246 1668 1342 1729 quum
1356 1647 1388 1709 id

242 1793 248 1798 -
309 1753 414 1838 augeri
426 1772 488 1818 uon
500 1752 613 1838 possit,
627 1753 658 1815 in
671 1773 732 1836 quo
746 1775 807 1816 uno
823 1752 955 1838 positum
968 1768 1014 1818 cst
1026 1753 1157 1817 Beatum
1167 1774 1233 1817 esse
1246 1775 1254 1813 ι
1271 1753 1324 1836 qni
1334 1775 1389 1838 pe-

309 1871 369 1922 test
381 1879 447 1924 esse
460 1858 620 1942 quisquam
633 1859 710 1924 alius
722 1859 782 1922 alio
795 1858 944 1924 Beatior?
957 1887 973 1914 ι
997 1857 1050 1939 (V
1063 1855 1113 1924 De
1127 1857 1219 1938 Pin.)
1231 1857 1389 1942 AEquales

311 1985 385 2050 ergo
403 1987 510 2030 omues
525 1965 566 2028 ab
580 1966 640 2029 bac
653 1978 749 2050 parte.
765 1964 809 2028 At
822 1966 904 2028 enim
916 1963 1077 2029 Naturalia
1092 1966 1140 2030 rel
1156 1963 1291 2030 Externa
1305 1967 1388 2032 bona

311 2075 455 2138 accedent
469 2086 499 2136 et
514 2072 675 2157 augebunt.
691 2071 772 2136 Ante
788 2071 852 2134 bne
872 2071 1082 2136 removimus:
1101 2085 1133 2135 et
1144 2091 1223 2136 nnnc
1244 2072 1390 2136 breviter.

314 2207 329 2234 «
337 2178 427 2242 Alius
436 2178 563 2241 sortasse
574 2177 632 2240 erit
642 2177 805 2257 affabilior,
815 2177 891 2241 alius
902 2178 1081 2262 expeditior,
1092 2177 1206 2241 aliusin
1216 2177 1388 2260 eloquendo

311 2287 500 2371 promptior,
520 2287 573 2348 sed
588 2285 663 2348 illud
675 2287 711 2350 de
727 2305 788 2372 qno
805 2285 904 2371 agitur
919 2283 1055 2369 (Bonum
1067 2283 1189 2368 verum)
1208 2287 1291 2368 qnod
1301 2283 1398 2367 Iica-¹

311 2407 377 2457 tum
390 2393 481 2468 iacit,
495 2391 609 2474 aequale
625 2391 683 2456 erit
696 2392 728 2454 in
739 2391 888 2455 omnibus.
900 2417 915 2448 s
928 2390 1024 2473 (Sen.
1032 2389 1132 2476 Epist.
1143 2393 1273 2475 txxrx.)
1285 2391 1390 2458 Acce-

314 2503 386 2564 dant
411 2499 514 2567 omnia
539 2499 593 2562 illa
620 2496 773 2578 Externa,
806 2500 882 2564 nrltil
906 2513 974 2564 sunt
995 2523 1057 2585 prae
1076 2499 1197 2562 Vrrtute
1229 2521 1239 2559 ι
1264 2497 1332 2562 «Et
1358 2515 1390 2561 ut

314 2608 492 2674 obscuratur
509 2619 539 2670 et
555 2604 719 2668 offunditur
733 2606 801 2670 luce
821 2604 902 2670 Solis
919 2607 1021 2670 lumen
1034 2607 1185 2678 lucernas
1200 2620 1232 2669 et
1240 2619 1274 2668 ut
1287 2607 1392 2669 interit

313 2713 516 2798 magnitudine
537 2711 631 2775 maris
644 2705 840 2796 AEgaei'stilla
856 2713 980 2786 muriaet
1003 2726 1034 2776 et
1048 2725 1081 2774 ut
1097 2713 1129 2774 in
1143 2711 1252 2774 divitiis
1265 2709 1388 2785 Croesi,

313 2821 441 2884 teruncii
455 2820 587 2883 accessio
600 2842 609 2890 ;
622 2831 652 2880 et
668 2820 777 2902 gradus
789 2839 865 2880 unus
883 2819 914 2882 in
932 2839 968 2881 ea
981 2819 1050 2897 via,
1067 2832 1189 2900 quaeest
1203 2819 1273 2882 binc
1288 2819 1319 2882 in
1335 2821 1391 2882 ln-

316 2925 397 2989 diam
411 2948 419 2985 2
435 2925 478 2988 sic
489 2946 582 3006 quum
597 2924 634 2986 sit
645 2923 671 2985 is
684 2921 843 2986 Bonorum
857 2923 935 2994 finis,
949 2946 1042 3007 quem
1054 2921 1149 2990 Stoici
1163 2925 1274 3000 ffiotut,
1289 2925 1394 2986 omnis

315 3033 372 3094 ista
388 3053 494 3094 rerum
509 3029 539 3092 in
559 3049 687 3112 corpore
709 3028 834 3090 sitarum
847 3029 1022 3103 aestimatio,
1035 3029 1195 3113 splendore
1211 3028 1344 3092 Virtutis
1361 3044 1392 3092 et

316 3137 541 3223 magnitudine,
552 3137 748 3210 obscuretur,
761 3134 927 3212 obruatur,
940 3149 1028 3216 atquc
1038 3135 1165 3198 intereat
1173 3156 1299 3200 necesse
1309 3151 1389 3199 est.»

318 3245 417 3327 (Cato
429 3246 508 3328 apud
521 3241 586 3308 Cic.
600 3241 647 3305 lll
663 3239 714 3304 De
728 3239 848 3320 Finit.)
861 3240 903 3304 At
916 3241 998 3304 enim
1014 3241 1149 3326 Tempus
1164 3241 1263 3326 ipsum
1277 3242 1389 3327 igitur,

316 3373 377 3436 quo
388 3351 473 3417 fruar
482 3349 535 3414 illo
546 3347 656 3424 Bono,
671 3369 733 3410 non
743 3347 884 3430 adjiciet?
895 3367 957 3409 non
972 3367 1025 3411 ero
1035 3345 1282 3411 Beatiormultos
1293 3369 1392 3412 annos

318 3461 352 3526 iu
362 3457 553 3544 possessione
562 3453 711 3528 Virtutis,
722 3474 814 3535 quam
825 3453 851 3515 si
858 3453 922 3516 dies
930 3465 980 3516 aut
991 3453 1134 3537 pauculas
1145 3453 1257 3518 boras?
1269 3453 1306 3518 ld
1315 3475 1393 3537 qno-

317 3588 376 3648 que
388 3577 511 3650 negant,
517 3559 634 3626 Seneca
652 3583 659 3620 :
680 3557 864 3624 «Summum
871 3557 996 3622 Bonum
1006 3579 1062 3622 nec
1076 3558 1259 3644 infringitur,
1271 3581 1394 3625 necan-

318 3687 406 3757 getur
427 3694 436 3734 t
454 3672 486 3731 in
497 3689 551 3732 suo
561 3668 655 3730 modo
667 3679 844 3751 permanet,
861 3677 1020 3747 utcumque
1030 3663 1312 3748 sominaregessit,
1325 3666 1394 3730 sive

320 3779 364 3840 illi
377 3790 514 3842 senectus
523 3775 614 3858 longa
624 3771 767 3860 contigit,
781 3771 843 3834 sive
853 3771 929 3834 citra
940 3783 1125 3848 senectutem
1135 3769 1252 3836 finitum
1263 3785 1328 3850 est,
1340 3793 1395 3838 ea-

321 3888 395 3949 dem
406 3903 548 3950 mensura
561 3879 680 3945 Summi
691 3878 773 3945 Boni
787 3892 843 3957 est,
860 3878 997 3962 quamvis
1007 3892 1080 3941 etas
1090 3879 1205 3942 diversa
1220 3880 1270 3942 sit.
1277 3907 1293 3936 »t
1303 3879 1393 3943 Ima-

321 3991 391 4076 gine
400 3988 573 4053 deindeboc
582 3987 725 4052 declarat
740 3982 1028 4068 «Utmmmajorem
1036 4005 1075 4048 an
1082 3985 1233 4049 minorem
1241 3985 1394 4054 circulum

322 4096 456 4173 scribas,
474 4097 513 4158 ad
531 4093 661 4178 spatium
679 4093 743 4175 ejus
758 4092 909 4176 pertIuct,
925 4111 988 4158 non
1002 4093 1041 4154 ad
1058 4091 1190 4154 sormam
1206 4114 1215 4151 s
1230 4090 1304 4158 licet
1313 4094 1395 4156 alter

322 4207 374 4270 diu
386 4203 551 4276 manserit,
563 4201 693 4264 alterum
702 4201 802 4264 statim
814 4199 990 4277 obduxeris,
1002 4213 1033 4263 et
1043 4200 1074 4262 in
1086 4221 1172 4278 eum,
1186 4200 1288 4282 inquo
1296 4201 1397 4285 serip-

324 4327 370 4376 tus
385 4325 450 4389 est,
469 4309 626 4395 pulverem
640 4309 786 4404 solveris,
800 4307 831 4369 in
846 4308 952 4374 eadem
967 4321 1092 4389 uterquc
1106 4305 1206 4374 forma
1219 4306 1290 4372 luit,
1301 4334 1316 4362 ι
1332 4305 1400 4372 lte-
