2910 4954
316 465 378 532 116
755 467 820 542 DE
855 471 945 536 IRA
1145 485 1157 521 s

284 575 295 602 '
309 596 464 688 ripiunt;
481 593 539 674 bic
552 616 642 662 unus
654 595 796 664 allectus
808 614 879 680 est,
897 598 959 689 qui
971 594 1144 664 interdum
1157 595 1297 689 publice
1307 619 1378 663 con-

266 731 282 785 ³
308 711 448 804 cipitata.
465 711 649 803 Nunquam
667 712 847 782 universus
868 711 1016 806 populus
1033 712 1179 781 immina
1192 737 1310 782 amore
1328 713 1378 780 fla·

308 829 438 924 gravit,
451 852 516 896 nec
526 829 562 895 in
572 830 753 923 pecuniam
761 844 821 898 aut
830 830 964 898 lucrum
975 845 1044 898 tots
1053 831 1171 899 civitas
1185 855 1279 925 spem
1289 853 1377 898 suam

307 947 418 1032 misit,
431 946 572 1014 ambitio
584 947 713 1014 viritim
726 947 879 1040 singulos
893 964 1060 1040 occupat,
1079 949 1277 1040 impotentia
1289 951 1299 982 ¹
1314 969 1377 1012 non

307 1079 361 1132 est
384 1064 511 1133 malum
530 1063 708 1158 publicum
727 1089 734 1129 :
757 1087 847 1156 saepe
869 1065 906 1131 in
924 1066 1011 1132 iram
1028 1089 1098 1134 uno
1120 1066 1257 1159 agmine
1270 1069 1282 1098 ²
1297 1065 1376 1132 itum
1429 1055 1433 1070 ⁴

306 1199 370 1250 est.
392 1183 490 1265 Viri,
512 1181 681 1264 loeminae,
698 1203 797 1276 senes
811 1231 820 1262 ,
841 1181 964 1273 pueri,
981 1181 1176 1274 principes,
1192 1181 1377 1275 malgosqnc

306 1319 529 1379 consensere,
551 1311 587 1363 et
606 1309 676 1364 tota
693 1293 876 1363 multitudo
897 1296 1110 1389 paucissimis
1126 1297 1242 1366 verbis
1264 1297 1377 1366 conci·

264 1435 280 1501 4
306 1429 375 1484 tata
388 1464 399 1497 ,
414 1415 526 1508 ipsum
538 1413 780 1480 concitatorem
793 1413 975 1480 antecessit
987 1406 1013 1479 ³.
1029 1411 1085 1480 Ad
1096 1437 1190 1481 arms
1201 1407 1216 1458 ⁴
1228 1415 1380 1506 protinus

304 1530 473 1623 ignesque
497 1525 689 1595 discursum
708 1541 780 1609 est,
809 1542 844 1594 et
869 1523 999 1593 indicta
1020 1525 1176 1594 finitimis
1193 1524 1307 1608 bella,
1326 1540 1381 1593 aut

307 1661 402 1742 gesta
419 1669 497 1715 eum
515 1645 660 1715 civibus.
689 1645 786 1714 Totae
804 1667 882 1712 cnm
903 1645 1011 1738 stirpe
1030 1646 1122 1712 omni
1140 1659 1298 1712 crematae
1318 1643 1377 1711 do-

305 1789 380 1834 mus
398 1793 408 1851 ς
429 1781 464 1834 et
481 1762 581 1832 modo
598 1762 734 1855 eloquio
752 1761 968 1846 favorabilis,
990 1761 1128 1830 babitus
1143 1763 1179 1829 in
1197 1762 1305 1832 multo
1318 1763 1399 1830 bo-.

304 1905 389 1951 nore
402 1875 428 1964 ⁵,
445 1881 531 1950 iram
543 1903 611 1948 suae
623 1879 796 1948 concionis
807 1880 941 1972 excepit
955 1907 964 1964 3
981 1880 1017 1946 in
1030 1881 1271 1973 imperatorem
1282 1905 1379 1950 suum

305 2000 457 2095 legiones
471 1999 541 2093 pila
553 2013 740 2066 torserunt.
757 1995 907 2066 Dissedit
920 1997 1019 2090 plebs
1032 2013 1100 2066 tota
1112 2023 1188 2067 cum
1203 1999 1377 2093 patribus3

304 2114 480 2208 publicum
494 2111 674 2181 consilinm
688 2161 698 2194 ,
715 2127 875 2194 senatus,
891 2134 960 2179 non
973 2113 1174 2205 exspectatis
1186 2110 1380 2192 dilectibus,

305 2255 370 2300 nec
394 2231 568 2299 nominato
586 2231 814 2322 imperatore,
835 2225 965 2295 subitos
980 2227 1040 2294 irae
1058 2251 1127 2295 suae
1149 2225 1254 2296 duces
1276 2227 1380 2322 legit,

304 2371 347 2416 ac
366 2371 430 2442 per
446 2361 536 2414 tecta
554 2345 651 2414 urbis
677 2321 1049 2412 nohittsioonsecasus
1064 2344 1155 2412 viros
1178 2345 1384 2438 supplicium

264 2493 281 2546 5
306 2489 409 2533 manu
421 2461 564 2556 sumpsit
576 2453 603 2528 ⁶.
616 2457 783 2528 Violarit⁷
794 2457 1001 2568 legationes,
1014 2473 1116 2551 rupto
1121 2458 1205 2560 jure·
1215 2460 1383 2552 gentium,

342 2628 553 2715 t.1mpotmtia.
576 2638 676 2714 capno
697 2632 823 2693 atomis
871 2633 1387 2712 assumatque,etssttsetatatgaoa

306 2722 466 2777 dominandi.
480 2721 524 2776 Sic
533 2723 661 2789 impotens
671 2729 721 2782 est,
734 2736 821 2790 super·
868 2711 948 2765 sunt?
968 2713 1079 2766 Evolvas
1102 2715 1180 2768 modo
1199 2715 1286 2769 Valet.
1307 2717 1388 2768 Maxi

304 2802 367 2870 bus,
381 2803 465 2868 leros,
477 2800 518 2855 sui
530 2801 620 2874 impos.
870 2810 942 2842 mum
964 2803 987 2843 et
1000 2789 1151 2857 AElisnum,
1171 2793 1215 2864 qni
1235 2791 1284 2848 tibi
1303 2813 1388 2846 exem-

339 2903 363 2934 2.
390 2881 448 2934 Uno
462 2874 574 2950 agrariae.
589 2877 647 2930 Hoc
665 2887 716 2938 est,
737 2873 822 2946 scopis·
869 2866 969 2940 plorum
981 2869 1039 2921 satis
1049 2869 1251 2944 suppeditabunt.

304 2957 369 3011 sime
385 2957 455 3030 plebs
470 2955 587 3009 universa
604 2949 775 3026 conglobatim
793 2949 821 3002 in
904 2948 926 2998 5.
940 2947 977 2999 Es
992 2949 1071 2999 modo
1090 2951 1192 3022 eloquio
1199 2949 1389 3022 favorabilis,

305 3034 354 3090 iras
370 3037 450 3090 eliusa
462 3047 514 3099 est,
536 3045 560 3086 et
575 3033 689 3086 furorum
706 3027 822 3102 adspecta
869 3021 975 3074 habitus
986 3026 1013 3075 in
1023 3027 1107 3078 multo
1123 3025 1263 3080 bettore-...⁸
1273 3027 1321 3082 Sic
1333 3027 1390 3079 dis-

304 3115 354 3168 tuis
369 3111 532 3168 consociatio.
551 3111 633 3164 Porro
649 3121 708 3161 acta
728 3109 754 3158 cb
769 3125 823 3176 ag-
873 3099 936 3154 tinxi
947 3140 955 3168 ,
968 3121 1043 3156 sensu
1055 3115 1188 3176 poscente,
1202 3117 1258 3178 post
1270 3105 1392 3176 [boom-

304 3199 375 3249 ms'ne
390 3192 516 3269 scripsisse
530 3203 659 3244 auctorem
673 3185 706 3240 ob
722 3187 749 3238 ab
764 3205 823 3238 mox
871 3180 952 3246 bilin
968 3181 1070 3234 sublato'
1087 3181 1166 3234 inciso
1190 3195 1247 3254 post
1271 3183 1392 3235 ltobs'lus.

303 3292 412 3344 sequens
422 3275 487 3326 itum
500 3281 546 3325 ese.
871 3257 965 3312 Sensus
979 3273 1034 3312 est:
1050 3261 1103 3330 Qui
1115 3259 1192 3312 modo
1208 3261 1331 3313 oratione
1349 3277 1393 3312 sua

338 3351 362 3404 3.
386 3349 575 3404 Concitatotcm
602 3345 745 3398 mstecessit.
773 3343 822 3398 Illo
871 3337 964 3414 populo
976 3335 1085 3412 placuit,
1101 3336 1189 3411 populi
1205 3337 1327 3391 levorem
1345 3335 1393 3389 sibi

301 3429 407 3504 longius
419 3449 551 3504 progressa
564 3439 600 3480 est
618 3423 661 3496 qui
676 3419 820 3475 concitavit.
871 3415 1039 3480 conciliavit,
1065 3414 1215 3468 concionem
1245 3415 1321 3468 banc
1345 3411 1393 3466 sibi

304 3507 359 3578 Qui
371 3507 439 3562 euim
453 3505 578 3580 populum
590 3503 655 3576 regit
669 3515 693 3554 et
707 3497 782 3552 trabit
794 3499 821 3552 in
870 3493 960 3546 iratam
988 3493 1065 3546 videt.
1094 3493 1167 3546 Hanc
1195 3493 1394 3548 distinctionem

302 3605 342 3640 res
352 3605 431 3638 novas
441 3582 595 3660 precipitem
606 3619 613 3646 ,
626 3579 677 3654 ipse
687 3576 766 3632 nescit
777 3577 821 3632 nbi
870 3573 947 3624 suasit
959 3585 983 3624 et
994 3571 1018 3625 J·
1031 3571 1067 3626 Μ.
1075 3571 1229 3647 Heusinger.
1243 3572 1293 3626 lib.
1305 3573 1328 3625 1.

304 3663 411 3738 gradum
424 3663 499 3716 sistet
512 3661 599 3714 Facile
611 3673 647 3712 est
662 3679 675 3710 a
692 3657 767 3710 leone
778 3677 821 3712 ca·
903 3649 927 3702 6.
938 3649 1102 3721 Supplicium
1120 3671 1204 3702 neone
1217 3656 1355 3721 sumpsit.
1367 3649 1396 3702 ld

303 3742 409 3814 pistrum
421 3761 554 3794 removere
566 3760 573 3802 ς
587 3737 630 3792 scd
643 3735 726 3790 libero
739 3733 821 3809 capis-
870 3743 921 3794 est,
934 3729 960 3781 vi
971 3728 1053 3802 exegit
1066 3727 1169 3794 (vater.
1181 3727 1251 3782 Max.
1265 3729 1326 3794 IX,
1343 3729 1396 3794 t7lt

182 3869 187 3880 ,
303 3833 371 3874 tram
396 3839 481 3872 narsus
509 3818 668 3880 admovere,
691 3811 820 3866 difficilli-
870 3805 994 3860 aberratio
1011 3805 1109 3858 libram.
1127 3811 1397 3877 marsusnppressit:

303 3917 384 3950 mum,
870 3907 917 3938 nec
943 3883 1081 3938 necessaria
1109 3883 1189 3956 lipsii
1220 3885 1399 3938 emendatio:

337 3977 360 4040 4.
379 3975 429 4029 Ad
441 3995 536 4038 orosa,
559 3987 604 4024 stc.
621 3973 741 4044 Longum
764 3981 817 4032 est,
869 3983 1010 4016 naanusua
1020 3965 1162 4032 praecessit.

303 4053 416 4128 exempla
433 4051 548 4116 addere,
564 4048 657 4121 quibus
676 4047 820 4120 quemenn-
906 4063 926 4110 7.
938 4043 1065 4102 dictavit,
1083 4050 1128 4092 ete.
1141 4039 1261 4092 Fortasse
1283 4039 1320 4094 de
1330 4041 1400 4093 vot-

301 4154 352 4204 qne
365 4131 469 4186 historia
481 4143 506 4186 et
532 4147 597 4182 steca
609 4141 634 4182 ct
645 4144 750 4180 romana
761 4123 818 4178 satis
869 4117 1100 4186 scis,'l'arcntinis‚
1116 4117 1398 4192 Carthaginiensibus,

301 4199 364 4272 stota
381 4199 495 4264 instruet.
512 4151 562 4262 dui
583 4205 653 4259 enim
672 4225 714 4260 rea
735 4204 817 4256 lloma
869 4211 914 4252 etc.
930 4197 1068 4270 cogitavit,
1083 4194 1127 4268 qui
1145 4193 1295 4268 legationes
1312 4196 1400 4251 viola-

303 4301 401 4340 eaartus
411 4327 417 4350 ‚
427 4286 563 4338 seditiones
571 4282 727 4344 tribunicia,
740 4279 817 4333 Grac·
868 4289 970 4340 verunt,
982 4275 1021 4328 vel
1035 4273 1065 4328 de
1075 4273 1135 4346 ipsis
1144 4273 1289 4339 Romanis,
1299 4295 1401 4346 quam-
