2894 4954
455 481 622 550 CAPUT
660 481 705 547 X.
1052 473 1117 540 325

70 637 157 706 opera
174 615 408 708 ingeniorum,
431 613 465 678 in
485 611 631 703 speciem
649 625 683 678 ct
702 608 828 677 cultum
850 605 1016 698 parietum
1030 626 1120 670 com-

71 745 227 820 parantur.

110 845 153 912 X.
172 841 215 911 At
229 844 266 911 in
282 840 422 934 aliquod
440 863 547 934 genus
564 839 642 908 vitas
661 835 801 906 difficile
816 832 988 915 incidisti,
1005 847 1040 900 et
1059 832 1121 902 tibi
1148 859 1158 894 ι

71 958 224 1050 ignoranti
238 958 291 1026 vel
309 956 445 1051 publice
464 955 617 1035 fortuna,
638 953 692 1022 vel
712 954 861 1046 private,
882 951 1041 1042 laqueum
1059 951 1123 1018 im-

73 1073 175 1164 pegit,
192 1096 293 1164 quem
308 1093 373 1140 nec
390 1071 520 1140 solvere
534 1068 665 1162 possis,
686 1089 752 1134 nec
764 1066 981 1158 abrumpere.
1003 1064 1123 1156 Cogite
1227 1097 1232 1105 ·

73 1188 265 1282 compeditos
274 1190 383 1282 primo
396 1211 487 1282 tegre
500 1186 590 1256 ferre
602 1208 727 1266 onere,
743 1199 779 1251 et
794 1179 1035 1275 impedimenta
1046 1203 1125 1248 cru·

72 1324 137 1369 mm
155 1328 162 1368 ε
180 1299 326 1384 deinde,
342 1300 402 1369 ubi
416 1325 486 1370 non
500 1297 671 1392 indignari
685 1295 765 1377 ills,
781 1292 842 1364 sed
854 1295 925 1389 pati
940 1317 1126 1386 proposue-

71 1433 161 1500 runt,
180 1419 361 1488 nenessitas
384 1416 517 1486 fortiter
536 1415 626 1482 ferre
644 1411 760 1493 docet,
781 1407 989 1502 consuetudo
1010 1409 1120 1476 facile.

69 1534 213 1604 Invenies
230 1536 267 1602 in
280 1533 432 1626 quolibet
448 1555 575 1628 genere
588 1531 665 1598 vitae
679 1528 944 1610 oblectamenta,
963 1544 998 1596 et
1013 1528 1126 1595 remis·

71 1649 192 1731 aiones,
222 1664 259 1716 et
275 1647 484 1740 voluptates,
506 1645 534 1712 si
558 1643 710 1712 nolueris
729 1641 848 1710 malam
877 1657 996 1742 putere
1022 1643 1125 1709 vitam

71 1763 193 1854 potius,
216 1785 318 1856 quam
339 1758 538 1830 invidiosam
558 1759 669 1826 facere
681 1769 705 1824 ¹.
730 1755 831 1825 Nullo
851 1756 971 1825 melius
990 1758 1127 1826 nomine
1152 1796 1166 1829 ι

71 1877 109 1947 de
121 1880 220 1950 nobis¹
230 1894 352 1950 natura
365 1878 507 1956 meruit,
523 1899 623 1969 quam
640 1874 753 1968 quod,
771 1897 875 1966 quum
888 1875 990 1942 sciret
1003 1874 1128 1966 quibus

72 1997 221 2066 erumnis
245 2016 481 2074 nasceremur,
508 1991 733 2060 calamitatum
754 1989 1018 2074 mollimentum,
1044 2015 1128 2060 con-

72 2110 300 2196 suetudinem,
325 2110 477 2191 invcuit,
501 2108 568 2176 cito
588 2108 625 2176 iu
648 2107 908 2176 familiaritatem
932 2108 1128 2201 gravissima

72 2223 250 2294 adducens.
266 2227 372 2294 Nemo
391 2220 550 2302 duraret,
571 2223 598 2290 si
614 2247 729 2312 rerum
745 2223 962 2292 adversarum
976 2221 1127 2291 cumdem

72 2341 133 2408 vim
152 2340 332 2411 assiduitas
344 2338 509 2420 haberet,
525 2361 624 2430 quom
643 2339 773 2430 primus
790 2339 892 2406 ictus.
907 2338 1033 2408 Omnes
1052 2361 1128 2406 cum

73 2454 200 2526 fortuna
210 2456 374 2550 copulati²
385 2477 500 2522 sumus
511 2481 522 2540 3
534 2453 676 2522 eliorum
689 2477 792 2522 aurea
802 2470 919 2522 catena
929 2469 1022 2522 estet
1033 2453 1107 2521 laxs
1118 2480 1127 2520 ι

71 2569 207 2640 aliorum
227 2557 326 2639 arcta
339 2585 374 2638 et
388 2567 536 2638 sordida.
559 2567 625 2638 Sed
639 2567 723 2660 quid
741 2569 848 2638 refert
862 2567 1006 2664 leodem
1019 2585 1130 2637 custo-
1154 2597 1170 2650 3

70 2681 120 2754 dia
144 2689 322 2756 universos
342 2683 590 2769 circumdedit,
612 2683 809 2778 alligatique
836 2700 915 2752 sunt
945 2687 1046 2752 etiam
1070 2687 1130 2776 qui

70 2801 313 2895 alligaverunt,
336 2802 401 2870 nisi
422 2817 457 2870 tu
477 2801 562 2869 forte
584 2800 743 2868 leviorem
762 2802 799 2867 in
818 2801 954 2868 sinistra
978 2821 1130 2870 catenam

70 2916 205 3012 putes³.,
224 2919 338 2990 Alium
356 2921 525 3001 honores,
547 2918 650 2986 elium
668 2941 748 3011 opes
765 2919 919 2986 vinciunt
939 2945 948 2985 ι
968 2919 1131 3011 quosdam

100 3089 132 3141 X.
149 3089 220 3142 Ano.
232 3087 400 3142 incommodo
418 3087 477 3141 vite
489 3085 577 3160 generi
626 3097 690 3138 teres
712 3083 754 3138 hic
775 3106 827 3142 esse
847 3085 1026 3144 difficultatem.
1052 3091 1133 3147 Causa

25 3181 26 3186 ¹
72 3165 264 3220 assuescendum
276 3179 325 3229 est,
337 3165 454 3238 inprimis
466 3184 578 3218 consue·
626 3163 915 3240 autemdill'acultatisap.
928 3161 1131 3244 Lipsiumipsum

72 3241 172 3308 tudine,
186 3263 236 3298 nec
254 3243 394 3314 quidquem
411 3242 442 3295 de
458 3254 523 3295 sorte
533 3260 578 3294 sus
627 3243 691 3309 tuis,
713 3243 758 3314 qui
776 3243 889 3302 doctrine
911 3266 974 3313 sua,
995 3269 1050 3320 quse
1068 3262 1132 3303 certe

71 3319 228 3389 querendum
240 3335 284 3376 aa.
397 3353 415 3376 s
627 3339 721 3394 magns
734 3335 802 3387 erat,
813 3323 962 3396 prepeditus
974 3363 983 3390 ,
994 3327 1087 3380 rariora
1104 3346 1133 3380 se

104 3420 124 3454 a.
141 3403 176 3455 Si
188 3404 306 3456 nolucris
315 3402 418 3452 malum
426 3410 521 3468 putare
533 3401 579 3450 uf·
627 3399 738 3452 doctiora
748 3399 941 3474 simplicioribus
950 3405 1067 3475 preferre
1079 3425 1133 3456 ms-

70 3475 578 3550 tampotius,qssaminofdiosamsacere·
628 3478 683 3530 luit.
702 3477 802 3531 Facere
818 3483 903 3532 vitam
923 3480 1054 3554 explicavit
1072 3481 1097 3532 h.
1115 3483 1133 3534 l.

71 3556 231 3630 Scriptorum
248 3555 321 3610 codd.
334 3555 417 3609 lectio.
429 3554 527 3627 Lipsius
537 3554 580 3605 fa·
628 3575 704 3625 ogeru
723 3560 822 3622 uitoen,
840 3579 853 3610 e
872 3577 986 3612 sermone
1005 3560 1134 3628 juriscon-

70 3647 131 3690 tetur
140 3675 147 3702 ,
156 3656 184 3690 se
193 3635 249 3690 lraec
256 3655 311 3688 non
321 3655 407 3709 capere
417 3657 424 3700 3
434 3647 460 3687 st
469 3635 582 3688 Gronov.
630 3633 753 3686 sulcorum
763 3651 770 3685 ι
780 3633 891 3706 ideoque
901 3636 1000 3688 nullum
1013 3637 1134 3690 idoneum

70 3733 169 3766 sensum
187 3715 256 3768 bene
276 3713 412 3788 explicuit:
426 3713 455 3766 si
465 3709 582 3765 malueris
630 3731 730 3764 sensum
745 3712 834 3766 elicere
845 3715 932 3788 potuit

71 3792 162 3846 melam
173 3793 272 3854 vitem,
285 3790 443 3864 qute'nempe
455 3791 510 3844 tslis
526 3790 582 3843 esi-
666 3809 688 3842 a.
704 3789 800 3844 Omnes
816 3811 874 3844 cum
885 3791 998 3863 sortm
1013 3797 1137 3860 copulati.

69 3870 184 3924 stinastnr
194 3870 294 3944 vulgo,
307 3883 392 3944 putare
403 3890 459 3923 nou
468 3888 519 3924 esse
530 3887 583 3920 ms·
634 3869 663 3920 ld
675 3881 711 3921 est
722 3906 730 3932 ,
741 3869 869 3940 conjuncti
878 3888 971 3923 sumus.
982 3870 1021 3923 Cf.
1037 3871 1068 3923 dc
1082 3871 1134 3936 ln,

70 3946 119 3999 lam
131 3987 138 4014 ,
151 3968 234 4020 quem
246 3949 269 4001 ci
280 3948 401 4001 invidiam
412 3948 582 4014 consciscere,
632 3946 675 4000 tib.
694 3947 742 4008 Ill,
755 3965 807 4019 cap.
822 3949 853 4013 8,
871 3947 895 4012 4.
909 3949 954 4020 Ep.
971 3963 1006 3998 vr.
1019 3973 1031 3996 ιι
1040 3949 1137 4017 Quem·

70 4025 99 4078 de
112 4027 231 4098 cs.qncri
243 4037 271 4078 ut
283 4025 389 4099 indigns
400 4039 424 4078 et
436 4025 509 4079 mels.
525 4027 582 4078 flc-
633 4023 769 4076 admodum
790 4025 877 4078 eadem
897 4037 984 4078 catena
1005 4040 1029 4078 ct
1048 4039 1138 4080 casto-

71 4104 148 4158 corrit
158 4105 217 4158 hnc
229 4105 352 4158 sententie
364 4105 410 4176 Ep.
423 4105 466 4156 lli.
478 4103 537 4157 Non
549 4116 585 4155 est
633 4101 700 4154 diam
715 4099 758 4164 (id
770 4115 818 4163 est,
832 4123 901 4156 rcum
911 4141 918 4169 ,
929 4105 972 4176 qui
981 4107 1135 4168 custoditur)

72 4181 173 4250 beatus,
189 4201 245 4236 csse
267 4202 292 4234 se
315 4183 360 4254 qui
381 4201 433 4235 uon
456 4195 533 4256 putat.
556 4181 584 4234 Si
635 4197 658 4234 et
669 4183 775 4236 militem
788 4185 901 4258 copulat;
913 4187 948 4241 sic
959 4187 1021 4248 ista,
1036 4199 1081 4240 ctc.
1092 4209 1104 4232 u

73 4281 165 4314 ossum
177 4284 208 4316 sc
220 4263 296 4315 verba
311 4263 459 4322 attenderis,
473 4281 525 4314 non
540 4281 584 4332 pu·
667 4259 690 4311 3.
702 4261 758 4314 Sed
768 4264 834 4330 quid
846 4262 943 4334 resen?
952 4265 1043 4316 eedem
1053 4277 1139 4318 ‹auw-
