2910 4954
316 442 469 511 LIBER
493 444 576 524 lll,
606 444 718 512 CAPt
745 445 839 510 Vll.
1095 449 1157 512 125

97 565 182 636 dunt.
202 569 302 638 Alius
323 587 421 664 spem
440 583 595 638 nostrum
614 571 757 652 fefellit,
785 571 873 640 alius
897 569 1050 654 distulit,
1071 573 1161 643 nlius

96 683 288 780 intercepit:
306 710 377 754 non
399 709 443 754 ox
460 685 631 755 destinato
647 687 821 781 proposita
844 685 1018 756 fluxerrmt
1041 715 1052 756 τ
1072 688 1160 757 nulli

97 796 218 868 fortuna
230 815 300 868 tam
313 799 429 870 dedita
442 817 494 870 cst
507 805 533 884 ¹,
549 816 589 870 ut
601 801 709 871 multa
722 801 867 870 tentanti
879 801 1010 894 ubique
1022 827 1162 896 respon·

97 911 198 1000 deat²3
209 917 366 1008 sequitur
377 941 479 1010 ergo,
494 933 534 986 ut
545 919 588 1000 is,
605 918 660 986 cui
674 933 793 1000 contra
806 941 908 1009 quam
919 932 1158 1011 proposuerat,

95 1030 197 1124 aliqua
217 1050 417 1118 cesserunt,
437 1035 620 1128 impatiens
636 1033 815 1102 hominum
834 1057 1020 1127 rerumque
1033 1037 1101 1121 sit,
1118 1060 1161 1104 ax
1196 1027 1200 1040 ’

94 1148 261 1220 levissimis
274 1153 384 1222 causis
400 1153 568 1221 irascatur
584 1175 677 1223 nunc
692 1175 868 1245 personae,
887 1175 980 1220 nunc
997 1153 1157 1247 negotio,

93 1287 175 1333 nunc
194 1265 292 1350 loco,
316 1291 409 1336 nuno
431 1267 595 1349 fortunae,
618 1292 712 1336 nunc
728 1267 807 1336 sibi.
830 1269 950 1362 Itaque
968 1284 1007 1337 ut
1023 1271 1161 1362 quietus
1186 1291 1203 1356 4

92 1383 187 1472 possit
203 1407 278 1452 osse
295 1385 451 1466 animus,
472 1407 543 1452 non
561 1399 613 1454 est
630 1383 835 1478 jactandas,
857 1409 923 1454 nec
946 1386 1130 1458 multarum
1146 1437 1157 1470 ‚

90 1497 222 1581 uldini,
246 1524 363 1568 rerum
376 1515 456 1568 actu
473 1499 690 1595 fatigandus,
711 1525 777 1570 nec
794 1525 1017 1594 magnarum,
1037 1527 1161 1596 supra-

90 1635 149 1703 que
164 1616 255 1684 vires
271 1617 513 1710 appetitarum.
537 1616 653 1685 Facile
672 1631 743 1699 est,
769 1616 856 1686 levia
877 1635 996 1711 aptaro
1014 1620 1161 1688 cervici-

89 1728 165 1808 bus,
180 1746 215 1798 et
226 1732 263 1799 in
275 1731 364 1826 hanc
379 1734 487 1800 autin
500 1732 593 1800 illam
605 1747 738 1824 partem
752 1732 938 1800 transferre
952 1736 1026 1802 sine
1041 1735 1158 1829 lapsu:

90 1860 120 1911 at
130 1869 203 1938 qum
218 1847 342 1916 alienis
356 1849 393 1916 in
406 1872 469 1917 uos
480 1848 638 1916 manibus
654 1847 812 1940 imposita
826 1871 918 1941 aegre
930 1852 1156 1934 sustinemus,

90 1962 161 2029 victi
175 1963 211 2030 in
219 1956 407 2056 proximos³
420 1961 640 2048 effundimus,
651 1979 686 2030 et
699 1961 781 2032 dum
795 1979 922 2032 stamus
931 1964 996 2033 sub
1010 1968 1156 2050 sarcina,

90 2075 228 2169 impares
242 2077 341 2146 oneri
357 2069 567 2146 vacillamus.
1271 2173 1274 2180 .

131 2193 203 2261 Vll.
227 2192 325 2262 Idem
346 2190 502 2261 accidere
523 2193 560 2259 in
578 2192 683 2260 rebus
705 2193 863 2261 civilibus
880 2217 920 2262 ac
939 2193 1155 2280 domesticis,
1188 2247 1199 2279 ι

90 2307 177 2376 scias.
195 2308 344 2401 Negotia
363 2306 523 2400 expedita
540 2321 574 2374 et
586 2299 739 2374 habilia‘
755 2324 947 2400 sequuntur
963 2303 1159 2398 ⁵actorem3

89 2419 252 2514 ingentia,
270 2437 305 2489 et
318 2445 423 2514 supra
437 2444 632 2489 mensuram
646 2422 797 2514 agentis,
814 2445 879 2489 nec
891 2420 975 2489 dant
988 2447 1024 2490 sc
1038 2423 1155 2507 facila,
1183 2486 1185 2492 .
1289 2407 1293 2420 ’

89 2551 118 2600 et
135 2536 162 2602 si
175 2525 356 2628 occupata⁶
370 2550 472 2622 sunt,
491 2551 653 2630 premunt
665 2551 768 2628 atque
785 2533 975 2604 adducunt⁷
992 2534 1158 2608 adminis-

88 2729 147 2800 gnlae
165 2745 266 2804 partes,
289 2746 315 2786 at
335 2732 396 2787 hinc
421 2731 493 2786 illinc
512 2732 540 2785 ia
556 2752 597 2785 res
646 2731 882 2788 additsmtioinus
893 2731 987 2796 homo,
1001 2735 1158 2809 propositum

87 2808 158 2862 mults
183 2831 277 2885 sparse
291 2811 387 2865 abeunt
402 2825 428 2864 et
440 2810 598 2865 diffundum·
646 2821 683 2862 est
697 2811 802 2866 Senecae
819 2811 1008 2877 demonstrare,
1023 2814 1156 2880 nosalils,

87 2898 131 2941 tur.
146 2890 226 2958 Quasi
238 2891 335 2946 diceret
346 2909 353 2943 z
364 2893 435 2946 Dum
446 2891 486 2944 his
501 2892 529 2944 in
545 2905 596 2946 ter-
646 2899 671 2939 et
688 2886 793 2956 quidem
806 2888 943 2961 proximis,
961 2910 1041 2955 onus,
1056 2891 1098 2943 eui
1116 2893 1159 2944 le-

88 2965 118 3018 tis
131 2969 207 3022 vitam
229 2971 331 3045 agimus
349 2993 403 3026 non
422 2973 534 3040 ὁμογενῆ,
551 2972 597 3026 sed
646 2967 726 3019 rendo
749 2967 856 3040 imperes
875 2968 975 3036 simus,
1000 2970 1156 3044 impingere,

88 3065 138 3114 qua
145 3063 240 3102 comm
251 3070 266 3101 s
278 3049 474 3120 partibusvariis
486 3070 593 3125 semper,
644 3041 690 3094 sed
706 3063 760 3094 non
772 3042 816 3095 diu
826 3063 873 3097 nos
886 3043 949 3098 illud
960 3045 1157 3114 sustinereffilc.

88 3140 144 3196 sepe
154 3127 296 3180 muntiis.
646 3122 732 3189 Quam
744 3135 817 3176 tueor
833 3123 988 3184 lectionem,
1003 3145 1091 3178 omnes
1106 3126 1158 3180 lsa-

116 3224 138 3256 1·
147 3206 249 3260 Deoia
259 3218 306 3260 est.
318 3207 374 3260 Hoc
384 3219 436 3272 est,
447 3206 594 3272 famulatur,
645 3199 705 3252 beot
713 3199 770 3252 edd.
778 3220 800 3252 e.
813 3221 834 3252 c.
847 3201 955 3255 Eresmi.
965 3215 989 3256 et
998 3203 1072 3256 multi
1081 3203 1157 3256 codd.

87 3283 169 3351 laven
199 3287 312 3340 emicans
339 3305 365 3338 se
394 3299 468 3357 atque
496 3303 594 3338 servam
677 3277 1157 3356 Vll-ARG·ll⁸¹⁸b¹1⁸il²q¹¹⁰⁰ptr⁸m

86 3375 184 3434 pram,
644 3357 748 3422 demus,
763 3377 821 3429 quse
833 3371 919 3410 nostro
934 3358 1040 3432 iugenio
1057 3372 1080 3412 et
1094 3361 1159 3414 viri·

111 3461 132 3491 ι.
143 3442 470 3512 Tenenti-..respondeat
483 3440 593 3505 Clarius,
644 3437 691 3490 bus
703 3449 857 3515 congruunt.

87 3517 223 3574 wltimide
236 3520 356 3593 megiset
364 3518 495 3594 splendide
509 3517 594 3570 miuus
677 3521 700 3586 ζ.
723 3517 848 3572 Habetin.
871 3519 936 3587 Quae
960 3520 1060 3574 tractari
1083 3521 1157 3576 facile
1214 3585 1219 3592 ⁶

87 3594 195 3665 dixisset,
207 3602 335 3652 &amotis
343 3601 401 3666 spei
409 3609 434 3650 et
442 3607 507 3650 voto.
644 3609 767 3670 passuum
782 3617 841 3666 quoe
847 3597 932 3668 facile
946 3599 1015 3650 dont
1025 3617 1068 3665 se,
1083 3599 1157 3654 nobis

116 3674 137 3728 3.
153 3675 312 3730 Proximos.
329 3677 357 3729 ld
375 3689 425 3742 est,
439 3675 465 3729 in
484 3675 592 3750 primum
643 3686 774 3746 reguntur.

87 3771 224 3826 quemque,
236 3755 285 3827 qui
296 3753 363 3808 lssnc
373 3755 532 3830 potissimum
541 3775 594 3808 sss-
678 3756 702 3806 5.
714 3753 842 3807 Actorum.
854 3753 939 3806 Lectio
951 3754 1087 3826 vulgasset
1099 3776 1157 3828 pro-

57 3831 60 3840 '
86 3831 164 3886 elnam
180 3834 352 3909 imposuerat:
365 3853 416 3904 quo
433 3833 487 3908 ipso
500 3833 594 3907 optime
645 3831 685 3884 bs.
706 3831 755 3884 Ed.
772 3853 837 3886 rom.
856 3845 985 3886 oucmrem
996 3851 1002 3885 ι
1013 3832 1093 3898 male,
1110 3835 1159 3888 ad-

87 3911 204 3976 ostendit,
216 3933 267 3966 nos
278 3932 332 3965 uon
344 3910 390 3965 diu
400 3911 447 3964 snb
460 3911 506 3966 illo
517 3931 594 3966 cnm
646 3909 714 3964 ditur
727 3911 796 3964 enim
806 3913 889 3966 stetim
903 3917 1077 3982 ..magmis
1118 3963 1122 3970 .

86 3987 152 4040 nobis
161 3989 406 4063 impositocoostsre
414 4003 456 4045 eut
466 3990 593 4064 progredi,
677 3987 702 4040 li.
714 3989 848 4058 Occupato
857 4011 864 4055 ;
874 3991 891 4044 i.
899 4012 921 4042 c.
931 4005 1045 4066 suscepte
1051 4012 1158 4067 prepro-

86 4067 143 4136 quin
156 4071 271 4122 effusum
281 4068 322 4122 sit.
337 4070 372 4121 At
384 4089 464 4140 quum
477 4068 595 4122 (immin
646 4081 749 4140 petest
769 4082 905 4140 antequam
930 4091 959 4126 ee
982 4073 1158 4148 exploraretis.

87 4146 211 4202 nonullis
226 4145 305 4200 codd.
317 4147 455 4202 invenisset
465 4149 494 4200 in
502 4149 596 4216 proxi·
681 4169 704 4217 7.
721 4149 875 4204 Adducam.
891 4151 992 4226 Nempe
1008 4153 1037 4206 in
1050 4165 1157 4217 umus,

85 4245 137 4292 uso,
151 4226 200 4282 ltoe
214 4247 307 4282 verum
321 4227 428 4295 inbuite
443 4246 499 4280 non
514 4226 592 4293 enim,
646 4229 892 4304 mensuramquippe
900 4231 1159 4303 agentisexeedentis.
