2926 4958
324 475 411 557 exn,
507 469 538 538 J.
565 467 725 538 mesu
752 465 1209 536 Menonncrroms

322 636 425 676 casnm
440 627 491 674 aot
503 613 694 676 incidentiam
709 614 911 693 (περίπτωσιν)
925 611 1096 683 noscimus,
1111 610 1170 674 alia
1183 631 1239 694 per
1253 611 1387 672 similito-

322 723 440 795 dinem,
453 719 512 780 alia
523 720 777 804 analogiam,alia
788 720 1062 803 transpositionem,
1071 717 1131 778 alia
1139 717 1385 800 compositionem
1412 739 1418 754 ¹

322 823 456 908 (Cicero
466 828 732 907 conjunctionem),
749 829 876 909 deniqne
890 825 949 888 alia
961 847 1018 909 per
1032 825 1283 887 contrarietatem.
1300 853 1316 878 a·
1329 824 1385 904 (ln

321 933 455 1012 Zenon.)
470 931 619 1017 Exempla
634 937 741 997 deinde
757 938 808 998 dat
821 934 1028 1018 singulorum,
1044 931 1154 1015 inipso
1169 931 1295 994 ridenda
1312 955 1319 989 ε
1335 953 1385 994 ne·

321 1059 380 1119 qne
398 1039 446 1100 bia
466 1040 589 1102 minutis
603 1040 677 1101 mihi
697 1060 805 1103 censeo
823 1041 1028 1104 insistendum.
1044 1037 1122 1100 lllud
1135 1037 1236 1100 utilius
1251 1057 1381 1112 moneo,

321 1142 469 1206 Notiones
481 1145 512 1206 in
526 1147 677 1227 prestanti
686 1159 793 1207 natura
806 1145 1015 1228 explicatiores
1028 1163 1111 1220 esee,
1124 1155 1154 1204 et
1164 1142 1252 1206 facile
1263 1143 1384 1204 rationis

321 1248 481 1330 judiciique
503 1270 596 1332 opera
614 1253 807 1315 educendas:
833 1253 913 1331 qnod
934 1251 1112 1332 quibusdam
1134 1249 1288 1323 evenisse,
1317 1261 1383 1309 ante

321 1367 418 1416 artem
441 1357 654 1438 scientiamque
676 1371 799 1430 natam,
824 1377 910 1439 pene
933 1357 971 1420 sit
996 1355 1157 1418 latendum
1182 1353 1281 1428 Item,
1299 1377 1383 1416 neom

321 1480 425 1522 earnm
439 1483 584 1545 magnam
594 1483 660 1525 csse
674 1465 711 1525 ad
724 1483 848 1525 omnem
861 1463 954 1526 vitam
966 1475 996 1524 ct
1005 1463 1145 1522 rirtmcm
1156 1505 1165 1534 ,
1178 1461 1318 1522 sicadem
1327 1460 1385 1521 Ju-

321 1568 389 1630 dicli
403 1569 536 1630 bonitate
549 1569 640 1632 rebns
654 1571 852 1653 applicentur.
868 1567 1024 1652 Epictetus
1036 1569 1095 1630 hoc
1108 1581 1212 1630 monet
1225 1579 1313 1648 atqnc
1333 1569 1384 1628 in-

319 1673 418 1756 gerit:
434 1701 449 1728 u
465 1672 569 1752 Cave,
589 1677 704 1758 inquit,
728 1679 866 1739 notiones
883 1677 1006 1760 singolis
1022 1677 1112 1738 rebus
1128 1689 1243 1737 temere
1262 1689 1291 1736 et
1308 1695 1383 1736 vane

319 1784 559 1844 accommodare.
568 1781 641 1847 llaec
651 1797 695 1846 est
705 1803 794 1846 caum
803 1783 981 1846 mortalibus
991 1783 1129 1845 omnium
1138 1782 1307 1856 maloram,
1321 1801 1383 1842 non

318 1907 408 1969 posse
423 1905 598 1954 communes
612 1892 750 1954 notiones
764 1903 869 1975 aptare
883 1889 1093 1974 sinpalan‘bns.
1107 1917 1121 1942 n
1133 1885 1223 1968 (Lib.
1237 1887 1282 1950 lll
1294 1933 1303 1963 ,
1315 1886 1386 1949 Dis-

318 2005 388 2054 sert.
399 2009 506 2056 cxxvt.
518 1997 529 2076 )
544 1995 696 2058 Notabilis
710 1998 856 2058 sententia
869 2042 878 2070 ,
895 2017 934 2058 an
948 1995 1105 2058 oracultnn
1121 2017 1128 2054 ε
1140 2008 1170 2056 et
1182 1993 1246 2056 volt
1254 1993 1312 2058 laec
1322 1994 1384 2054 dic-

317 2111 402 2175 tum,
419 2103 500 2180 qood
513 2102 578 2184 ipse
594 2101 739 2164 diffimdit
757 2100 838 2165 Ecce
852 2101 946 2163 Notio
960 2115 1005 2162 cst
1018 2102 1050 2162 in
1064 2101 1189 2175 animo,
1206 2127 1222 2153 ι
1238 2097 1322 2162 Mala
1339 2099 1384 2158 vi-

316 2217 403 2279 tare,
418 2205 506 2268 Bona
520 2209 604 2289 sequi
617 2235 632 2262 n
650 2231 657 2268 ι
675 2223 706 2270 at
718 2229 810 2289 quum
821 2210 859 2270 ad
871 2209 949 2274 facta
960 2208 1078 2269 venitm
1091 2206 1167 2272 alias
1176 2205 1314 2268 notiones
1326 2205 1383 2266 tibi

316 2309 447 2386 formas,
468 2337 483 2365 a
497 2309 567 2378 lloc
584 2327 614 2375 et
626 2314 701 2376 illua
712 2315 849 2389 malum,
867 2313 1039 2394 boumque
1053 2333 1119 2374 esse
1136 2339 1151 2365 n
1170 2337 1177 2371 :
1194 2331 1304 2392 qaaere
1318 2311 1384 2394 ipsa

316 2435 377 2477 non
402 2433 492 2494 sunt,
511 2433 541 2481 ot
556 2421 599 2482 sic
611 2421 762 2503 principio
774 2421 877 2492 bono,
899 2421 930 2480 ln
947 2419 1181 2503 inemptam
1207 2418 1336 2490 desiria,
1354 2431 1385 2479 et

316 2522 380 2604 ipae
392 2535 422 2584 te
434 2523 523 2586 fallis.
537 2522 716 2588 Communis
727 2539 828 2588 antem
843 2525 895 2586 illa
909 2525 994 2588 notio
1005 2570 1014 2602 ,
1030 2527 1105 2588 «loce
1124 2524 1241 2586 ratione
1255 2525 1294 2584 ael
1307 2545 1381 2585 vera

313 2625 394 2688 bona
405 2629 563 2711 malaque,
579 2643 663 2693 certo
678 2631 782 2694 steine
792 2651 917 2706 errore,
934 2631 1062 2713 aptanda
1078 2642 1161 2700 erate
1177 2649 1238 2691 non
1247 2631 1286 2690 ad
1298 2629 1355 2690 ista
1370 2673 1379 2705 ,

314 2755 378 2814 φα
391 2735 497 2818 vulgos
511 2751 562 2798 aut
575 2737 679 2820 opinio
694 2738 748 2799 tibi
761 2739 882 2800 dictam.

614 2947 950 3012 DlSSERTATlO
981 2947 1061 3010 le

354 3101 520 3160 Doctrr'ttem
541 3103 677 3184 duplicem
706 3126 787 3177 esse,
814 3103 1014 3182 Dogntaticem
1036 3113 1063 3164 et
1091 3102 1337 3163 Paraenclicom:

710 3221 825 3290 utrmque
844 3209 973 3270 laudata.
1066 3301 1069 3309 ,

350 3363 417 3426 Sto
430 3379 464 3426 ut
476 3366 507 3426 in
519 3368 647 3449 gratum
661 3368 801 3447 viamque
816 3387 1019 3450 reponamur,
1037 3387 1056 3428 a
1076 3387 1136 3448 qna
1150 3366 1256 3430 leviter
1273 3378 1382 3426 tamen

310 3469 499 3533 discessimus
522 3493 530 3530 z
548 3471 631 3534 vides
641 3468 827 3554 Sapientiam
846 3471 949 3534 doceri
969 3485 1000 3536 et
1014 3471 1163 3554 igniculos
1178 3471 1382 3551 notioresque

309 3580 348 3639 acl
363 3598 432 3640 eam
447 3579 558 3639 locere
574 3599 582 3634 ε
600 3579 684 3640 seda
703 3597 763 3658 quo
782 3591 813 3638 et
827 3580 979 3658 quomodo
995 3577 1089 3640 etiam
1105 3577 1230 3640 doceri?
1248 3575 1381 3658 Abipsa

309 3679 525 3767 Philosophia,
550 3695 582 3744 nt
600 3683 694 3764 liquet
715 3708 722 3741 :
746 3697 834 3764 atquc
849 3684 880 3744 id
902 3683 949 3744 via
967 3683 1100 3766 duplici,
1120 3683 1328 3756 Decretum,
1349 3694 1383 3742 ct

309 3788 524 3865 stmepomm.
547 3787 638 3850 lllan
656 3786 758 3851 Greci
779 3797 938 3872 Aoypttttu'tt
954 3790 1127 3873 appellant,
1148 3781 1227 3851 batte
1244 3813 1380 3872 separes·-

308 3901 378 3959 nutv
399 3916 480 3956 :nos
500 3897 626 3957 reddere
641 3887 825 3956 decreton'nm
848 3911 878 3958 et
889 3898 1104 3978 praceptm'm
1121 3895 1279 3978 possimus.
1292 3893 1380 3977 Apta

307 4000 435 4076 divisio,
450 4021 522 4062 nam
542 4000 618 4062 siem
633 4000 730 4082 ipsam
745 4013 840 4062 totam
860 4001 1032 4084 bipertitam
1053 3999 1203 4075 semmua,
1227 3997 1381 4062 Contem-

307 4105 452 4189 platieam
468 4120 500 4168 et
523 4105 664 4170 Activom
682 4129 690 4167 ι
710 4107 828 4189 utrique
850 4129 920 4171 ecce
939 4109 1018 4191 perti
1036 4111 1192 4175 moenem
1209 4128 1299 4168 suum
1321 4109 1381 4167 ‹la-

306 4235 373 4275 mns
387 4265 395 4290 ,
411 4228 442 4274 et
453 4219 467 4292 (
478 4211 599 4276 Seneca
612 4214 739 4292 verbis)
756 4239 771 4270 a
785 4213 1082 4298 Contemplationem
1096 4215 1242 4278 institutio
1262 4215 1355 4276 tradit
1369 4259 1379 4287 ,

307 4320 457 4382 actionem
468 4321 642 4384 admonitio.
660 4349 675 4376 n
691 4319 805 4405 (Epist.
816 4325 916 4400 ων.)
929 4321 1094 4399 lnstitntio,
1113 4321 1144 4386 id
1163 4334 1208 4384 eat
1217 4319 1353 4382 Decreta
1370 4311 1385 4388 e
