2886 4958
445 443 597 514 CAPUT
622 443 662 513 V.
1030 451 1096 520 365

46 580 122 646 enim
137 578 258 648 malum
272 578 323 646 illi
342 593 395 647 est
414 571 616 671 turpitudo,
633 595 710 668 quse
728 575 859 642 intrare
876 597 934 660 eo,
951 576 1010 648 ubi
1023 579 1095 671 jam

45 697 136 766 virtus
148 696 395 790 honestumque
414 708 488 779 est,
504 717 575 764 non
591 705 703 786 potest
719 717 727 758 :
748 691 877 784 injuria
889 717 972 788 ergo
989 694 1034 763 ad
1048 721 1097 764 sa·

43 809 174 902 pientern
186 835 260 880 non
276 809 446 904 pervenit.
467 809 554 877 Nam
572 807 601 876 si
620 806 746 898 injuria
768 805 913 898 alicujus
934 809 1015 876 mali
1035 835 1097 904 pa·

43 927 144 996 tientia
160 944 231 1012 est,
247 928 382 1022 sapiens
399 942 513 994 autern
531 924 659 994 nullius
677 923 756 992 mali
771 940 824 994 est
834 926 985 1020 patiens,
1002 929 1097 998 nulla

41 1045 78 1114 ad
92 1048 271 1140 sapientem
291 1045 419 1140 injuria
437 1044 599 1137 pertinet.
620 1043 742 1112 Omnis
761 1043 888 1136 injuria
910 1043 1098 1116 deminutio
1173 1130 1175 1141 Ι

40 1159 103 1252 ejus
115 1176 180 1244 est,
197 1163 233 1229 in
244 1184 348 1254 quem
361 1158 508 1236 incurrit
520 1207 529 1240 ,
543 1179 607 1226 nec
620 1171 731 1250 potest
741 1158 920 1249 qnisquam
937 1159 1097 1252 injuriam

41 1276 180 1370 accipere
199 1279 272 1344 sine
296 1274 411 1367 aliquo
432 1271 637 1342 detrimento
654 1273 708 1342 vel
732 1271 927 1366 dignitatis,
948 1275 1003 1344 vel
1023 1300 1099 1344 cor-

38 1395 139 1485 poris,
158 1394 213 1462 vel
236 1419 352 1463 rerum
377 1407 473 1460 extra
496 1415 558 1458 nos
582 1392 767 1484 positorum
791 1417 801 1457 ε
825 1393 960 1486 sapiens
985 1410 1099 1462 antem
1123 1441 1127 1453 ·

37 1509 113 1578 nihil
127 1509 273 1604 perdere
286 1522 399 1604 potest
413 1533 421 1574 :
437 1508 551 1576 omnia
563 1508 600 1575 in
613 1531 650 1576 se
664 1508 838 1600 reposuit,
853 1509 940 1578 nihil
955 1510 1098 1580 fortune

38 1625 155 1712 credit,
175 1627 266 1697 bona
278 1619 391 1695 sua'in
404 1623 511 1693 solido
524 1623 649 1707 habet,
666 1640 845 1694 contentus
857 1626 982 1696 virtute
996 1679 1005 1711 ‚
1022 1651 1099 1721 quae

36 1743 172 1814 fortuitis
183 1771 253 1814 non
268 1743 413 1837 indiget.
430 1741 581 1833 Ideoque
599 1765 665 1810 neo
680 1743 822 1834 augeri,
839 1763 905 1810 nec
917 1745 1025 1813 minui
1039 1767 1100 1838 po-
1125 1773 1139 1805 α

38 1873 114 1944 test,
135 1885 215 1930 nam
234 1861 271 1929 in
290 1883 457 1928 summum
475 1854 645 1951 perducta
663 1857 865 1924 incrementi
885 1881 953 1926 non
971 1857 1101 1926 habent

34 1971 147 2043 locum.
168 1976 265 2044 Nihil
284 1977 389 2069 eripit
411 1975 568 2054 fortuna,
591 1972 658 2041 nisi
681 1968 774 2064 quod
792 1969 887 2040 dedit
911 1973 1099 2046 :virtutem

33 2107 136 2162 sutem
159 2092 327 2180 nonda13
349 2093 427 2162 ideo
447 2115 512 2160 nec
532 2089 695 2158 detrahit.
714 2088 841 2158 Libera
858 2106 933 2174 est,
955 2091 1100 2160 inviola-

33 2205 124 2293 bilis,
140 2211 303 2293 immota,
323 2212 545 2302 inconcussa,
565 2209 614 2276 sio
629 2214 748 2274 contra
761 2231 859 2276 casus
871 2207 1010 2277 indurat
1022 2213 1048 2295 ¹,
1062 2227 1101 2280 ut

33 2347 88 2392 nee
105 2327 268 2395 inclinari
287 2325 444 2420 quidem,
467 2323 594 2392 nedum
606 2324 696 2392 vinci
714 2325 830 2415 possit.
852 2323 1025 2395 Adversus
1037 2351 1101 2421 ap·
1144 2397 1150 2418 ,ι

32 2457 162 2528 paratus
186 2442 398 2509 terribilium
417 2444 554 2508 rectos²
573 2439 687 2508 oeulos
704 2453 820 2522 tenet,
841 2440 929 2508 nihil
947 2467 988 2508 ex
1005 2442 1101 2511 vultu
1140 2520 1143 2530 ,
1214 2453 1219 2464 ”

30 2571 153 2640 mutat,
179 2559 253 2627 sive
272 2557 323 2624 illi
343 2554 451 2638 dura,
476 2555 547 2624 sive
567 2553 717 2622 secunda
733 2569 957 2625 ostentantur.
981 2559 1100 2650 ltaque

29 2667 108 2739 nihil
135 2671 285 2767 perdet,
309 2667 401 2764 quod
424 2670 539 2763 perire
557 2694 719 2740 sensurus
741 2671 796 2738 sit.
818 2671 927 2738 Unius
952 2674 1100 2741 enimin

28 2788 237 2874 possessione
251 2785 388 2854 virtutis
406 2799 480 2869 est,
499 2807 540 2852 ex
558 2810 628 2877 qua
640 2783 766 2877 depelli
778 2808 953 2878 nunquam
967 2801 1098 2882 potest:

26 2906 153 2972 caeteris
184 2902 346 2999 precario
378 2902 513 2986 utitur,
544 2902 621 2993 quis
648 2917 762 2969 autem
784 2902 920 2995 jactura
947 2920 1101 2972 movetur

25 3017 152 3090 alieni?
174 3020 286 3114 Quod
307 3021 337 3088 si
358 3018 485 3112 injuria
506 3017 593 3086 nihil
612 3017 738 3085 laedere
757 3033 869 3111 potest
886 3043 928 3086 ex
946 3019 1001 3089 his
1024 3045 1101 3114 quae
1128 3047 1143 3100 3

24 3141 159 3230 propria
180 3138 349 3231 sapientis
367 3151 471 3218 sunt,
490 3136 572 3227 quia
587 3135 715 3204 virtute
733 3158 793 3202 sna
812 3134 904 3204 salva
919 3152 1023 3220 sunt,
1044 3139 1100 3206 in-

19 3251 105 3342 juria
123 3255 281 3349 sapienti
295 3277 365 3322 non
384 3266 495 3346 potest
513 3251 601 3319 fieri.
623 3245 821 3344 Megaram³
838 3253 1032 3323 Demetrius
1046 3279 1103 3324 ce·

20 3485 67 3539 rap.
84 3489 124 3534 ss,
140 3483 168 3520 et
181 3465 244 3520 Cic.
257 3466 379 3518 Paradox.
390 3465 415 3516 ΙΙ
425 3483 432 3518 ι
444 3473 485 3518 oss
496 3465 539 3516 αὗ·
588 3474 693 3514 toumer
707 3481 754 3534 pro
771 3481 799 3516 se
817 3473 938 3531 toumer,
956 3467 1046 3518 durcs'r
1055 3487 1102 3539 pro

20 3547 221 3617 ’σ’μηςῆὰμτὴ
232 3547 293 3614 πρὶς
305 3545 462 3611 εὐδαιμονίαν.
587 3560 616 3593 te
629 3543 723 3594 dores'r.

51 3619 540 3680 nSs'cconlracasnsindumtAEcodd.
623 3617 1101 3688 suanostntsrrisos.cthsteyad

17 3699 415 3775 etpriseisedd.restitnitGron.
425 3697 540 3750 Pincisn.
589 3695 679 3749 Horat.
690 3695 827 3751 cmlii.
836 3697 885 3764 ΙΙΙ,
894 3697 944 3748 Od.
952 3711 1003 3760 ιιι,
1012 3715 1050 3748 vs.
1062 3697 1101 3760 18,

18 3793 39 3830 et
52 3781 205 3852 conjecturs
222 3799 229 3833 ε
244 3783 285 3834 Sic
300 3788 388 3832 contro
400 3795 477 3830 casus
493 3777 541 3830 ob-
590 3775 633 3828 ulsi
644 3789 758 3829 nostrum
774 3776 857 3828 locum
872 3795 925 3828 non
937 3775 1102 3850 pretermisit.

14 3861 125 3922 durato,
135 3873 176 3914 ut.
185 3857 322 3931 intelligas
330 3875 378 3918 τοι,
390 3854 538 3908 sanimum.
623 3855 647 3908 3.
661 3855 812 3926 Megaram,
824 3864 867 3906 etc.
876 3852 1022 3906 Demetrius
1034 3850 1102 3904 lslius

15 3964 44 3976 -
60 3939 194 3992 Indurat.
215 3935 252 3990 ΙΙ.
269 3957 291 3988 e.
312 3934 453 3986 induratur.
475 3933 539 3986 Nam
593 3931 1104 4005 Antigoni,uniusssueeessoribusoeu-

14 4033 75 4088 saepe
92 4019 166 4092 apud
189 4014 300 4068 Latinos
317 4011 410 4086 agendi
429 4031 478 4064 vox
494 4027 539 4086 pro
591 4009 1102 4083 dsixosqJAlexandri,lllegaram,nrbem

14 4095 110 4162 psssira
119 4105 284 4168 usurpatur,
298 4104 326 4143 nt
335 4093 414 4143 vertit
428 4111 474 4164 pro
485 4109 543 4144 ver·
591 4089 683 4144 Atticis
697 4087 791 4142 linibus
806 4087 963 4162 proximem,
978 4087 1044 4158 cepit
1058 4089 1102 4140 01.

13 4177 76 4222 titur
83 4211 91 4238 ‚
103 4184 197 4227 mooe!
212 4189 261 4241 pro
277 4177 399 4223 mooelnr.
412 4171 541 4222 Nostrates
595 4169 655 4230 118,
675 4185 705 4233 2,
726 4165 870 4218 Cassandro
891 4165 1027 4240 Antipatris
1047 4161 1103 4218 filio

12 4251 129 4305 similitor
156 4269 270 4306 temner
295 4269 340 4322 pro
365 4268 392 4300 se
421 4267 540 4312 rrmner,
593 4243 1074 4312 debellato.(Diodor.Xli‚45‚45).
