2910 4954
283 463 343 528 138
717 465 784 532 DE
815 463 908 532 IRA

236 597 415 662 ⁶statuum
443 613 543 658 arcus
569 589 810 662 verterentur!
841 593 960 684 Quum
989 593 1154 662 exsecrati
1185 591 1353 658 fuerimus

278 709 398 790 illum,
419 708 573 776 convivia
591 707 768 802 suppliciis
783 708 1033 800 limerihnsqne
1053 709 1237 776 solventem
1251 710 1277 789 ¹,
1298 723 1352 773 ta-

279 847 358 892 men
373 823 571 892 sceleratius
585 823 690 892 telum
703 821 789 892 illud
800 823 974 894 laudatum
989 841 1064 905 est,
1079 849 1181 917 quam
1194 825 1348 892 missum

279 941 501 1010 Videbimus²
527 939 696 1033 quomodo
723 965 759 1010 sc
782 958 880 1034 pater
909 965 1030 1035 gerere
1056 941 1231 1022 debuerit,
1257 955 1356 1008 stans

280 1081 383 1149 super
400 1055 545 1124 cadaver
562 1055 625 1124 lilii
641 1057 716 1137 sui,
738 1055 937 1150 caedemque
957 1057 1072 1140 illam,
1090 1058 1186 1150 cujus
1202 1073 1237 1124 et
1254 1056 1355 1123 testis

280 1171 392 1242 luerat
410 1186 445 1238 et
465 1193 566 1240 causa
582 1195 589 1235 2
607 1168 644 1237 id
664 1168 707 1236 de
729 1194 798 1260 quo
817 1192 910 1242 nune
927 1171 1059 1263 egitur,
1081 1185 1242 1266 apponet,
1262 1170 1352 1236 uam
1444 1147 1445 1160 ἵ

242 1325 255 1375 7
281 1285 446 1380 supprimi
467 1307 577 1377 posse.
605 1285 681 1354 Non
708 1284 881 1356 maledixit
898 1288 998 1380 regi,
1024 1286 1157 1356 nullum
1179 1285 1288 1354 emisit
1306 1308 1355 1352 ue

281 1401 466 1474 calamitosi
477 1399 618 1491 quidem
632 1400 798 1483 verbum,
815 1427 921 1494 quum
933 1427 1030 1496 mque
1043 1429 1103 1474 cor
1114 1428 1211 1472 suum
1224 1452 1233 1484 ,
1247 1425 1353 1494 qmam

283 1519 366 1600 filii,
392 1517 590 1586 transfixum
614 1515 759 1584 videret.
792 1521 907 1588 Potest
940 1518 1008 1588 diei
1029 1522 1150 1588 merito
1173 1519 1356 1588 devorasse

282 1633 387 1704 verba
407 1658 415 1698 ε
437 1657 515 1700 num
533 1634 561 1702 si
579 1631 665 1724 quid
684 1649 845 1725 tanquam
864 1635 971 1704 iratus
990 1633 1152 1717 dixisset,
1173 1635 1259 1704 nihil
1275 1650 1357 1700 tnn-

283 1775 385 1845 quam
402 1765 500 1843 pnter
517 1750 629 1818 lacere
646 1751 822 1842 potuisset.
843 1755 978 1836 Potest,
995 1755 1156 1846 inquam,
1172 1751 1280 1822 videri
1299 1775 1357 1820 sa-

284 1867 433 1960 pientius
452 1889 488 1934 sc
510 1867 546 1936 in
567 1865 626 1934 illo
640 1889 720 1936 ceso
735 1867 899 1960 gessisse,
915 1893 1016 1962 quam
1031 1895 1136 1963 quum
1154 1867 1196 1936 de
1213 1864 1358 1961 putandi

285 1989 721 2084 mcdoprmciperet:quem
730 1991 1356 2088 saaipserstviuumqtmmsnnguiuem

284 2107 429 2187 bibere,
445 2107 542 2199 eujus
560 2130 677 2176 manus
695 2107 826 2200 poculis
840 2111 1001 2202 occupari
1019 2103 1107 2204 pex³
1127 2125 1212 2178 erat.
1229 2107 1357 2178 Acces-

286 2224 334 2292 sit
343 2224 457 2315 itaque
466 2219 510 2290 ad
521 2219 702 2292 numerum
711 2247 849 2308 eurtum,
862 2227 924 2317 qui
932 2229 1066 2320 magnis
1079 2225 1232 2295 cladibus
1240 2240 1357 2292 osten-

290 2335 418 2409 derunt
439 2335 559 2427 quanti
575 2350 769 2404 constarent
787 2361 907 2431 regum
930 2341 1048 2408 amicis
1067 2340 1157 2436 bona
1172 2337 1328 2407 consilia.

338 2454 416 2522 XV.
433 2454 511 2520 Non
530 2449 649 2520 dubito
671 2452 756 2543 quin
772 2450 978 2548 Harpegus‘
995 2480 1132 2550 quoque
1147 2455 1213 2524 tale
1225 2451 1358 2546 aliquid

290 2573 363 2664 regi
392 2593 452 2640 suc
475 2573 727 2661 Persarumque
746 2573 912 2654 suaserit,
941 2599 1009 2667 quo
1034 2575 1202 2656 offensus,
1230 2573 1357 2640 liberos

291 2688 340 2758 illi
357 2685 547 2780 epulandos
559 2687 737 2780 apposnit,
755 2705 790 2756 et
807 2689 954 2758 subinde
971 2693 1127 2784 quaesiit,
1149 2715 1193 2760 an
1206 2691 1359 2784 placeret

290 2910 404 2986 gendum
415 2931 467 2966 ease
477 2933 484 2976 ἱ
490 2915 591 2980 jattrvu
603 2909 655 2964 diei
664 2909 696 2964 de
706 2911 797 2983 jaculo.
847 2913 905 2989 Sap.
918 2915 955 2970 ti.
967 2917 1019 2970 Vit.
1026 2917 1052 2973 la.
1064 2936 1101 2970 ιι.
1111 2915 1201 2970 Renes.
1211 2914 1264 2977 Π,
1274 2913 1317 2984 37,
1326 2911 1359 2964 al.

290 2993 362 3064 Stepe
379 2989 482 3042 interae
497 2990 600 3042 confusa
621 3009 673 3042 esse
690 2989 718 3040 in
737 2989 799 3041 lllss.
880 2995 903 3048 3,
913 2993 1194 3050 Ρηῦῃίῃωῑωὴῑς
1204 2993 1228 3046 ei
1239 3011 1293 3044 non
1301 3009 1359 3043 een-

286 3071 388 3138 juetum
398 3080 423 3119 et
429 3070 527 3131 ictum,
541 3081 653 3133 ecusmt,
666 3087 687 3120 e.
696 3088 718 3121 e.
728 3067 798 3140 apud
847 3073 959 3146 tigisset,
977 3073 999 3125 si
1017 3072 1094 3126 modo
1105 3071 1219 3145 poculis,
1233 3089 1281 3122 nee
1299 3069 1357 3120 item

292 3145 416 3198 Curtium]
426 3145 479 3198 Sed
486 3166 564 3216 quum
572 3146 649 3220 jactus
657 3146 798 3212 radiorum,
848 3151 960 3206 consiliis
973 3151 1064 3209 dandis
1075 3167 1176 3223 operam
1191 3146 1310 3202 dedisset
1311 3183 1359 3200 .....

290 3221 493 3294 retis,ideoque
510 3223 541 3276 de
557 3225 628 3277 omni
642 3227 693 3277 lere
705 3245 732 3278 re
743 3243 800 3296 qne
849 3230 975 3284 Caeterum
1006 3229 1094 3282 eadem
1127 3229 1177 3282 lere
1209 3235 1358 3278 tractaverat

290 3299 441 3366 dimittitur,
461 3303 574 3367 dicatur,
587 3309 685 3366 p'ucmm
697 3301 800 3356 delendi
848 3307 954 3370 Noster,
967 3307 1011 3360 lib.
1025 3309 1067 3371 ll,
1080 3325 1133 3377 esp.
1144 3305 1186 3357 33.

290 3382 700 3456 possevidetur.8agittamoutem
709 3385 801 3438 Noster
881 3381 1357 3442 XV.sss.coutinuatio.suieidiam,

291 3481 349 3513 moa
362 3461 441 3514 telum
451 3459 573 3534 appellat,
589 3459 603 3529 S
615 3459 639 3512 6.
850 3463 1035 3534 quodvoeaut,
1045 3462 1164 3516 ultimum
1176 3460 1324 3514 remedium.

325 3559 347 3594 ι.
360 3542 535 3594 cartusiam..
548 3541 694 3592 sedentem·
707 3538 801 3592 Finem
883 3545 905 3609 4.
917 3541 1073 3612 Harpagus.
1089 3539 1155 3606 Qua
1168 3537 1212 3591 hie
1226 3547 1361 3590 occurrunt

291 3619 371 3693 epulis
385 3619 558 3693 imponentem
569 3620 658 3670 lunera
670 3630 694 3670 et
705 3617 801 3680 etedes,
851 3621 882 3674 de
896 3619 1032 3693 Harpagc,
1044 3636 1112 3670 mera
1125 3615 1272 3686 conjectura
1283 3623 1338 3664 sunt
1351 3648 1360 3674 ,

292 3711 315 3752 et
333 3698 477 3752 convivales
499 3695 596 3752 latitius
617 3717 647 3750 ac
661 3696 801 3770 tripudium
850 3710 879 3751 ut
895 3697 947 3769 ipse
964 3696 1054 3750 Noster
1069 3696 1168 3752 tuetur.
1186 3691 1309 3749 fluctos
1326 3689 1360 3751 l,

291 3777 360 3830 abire
382 3775 511 3848 iubentem
535 3777 561 3830 iu
582 3775 705 3849 lacrymas
718 3788 742 3828 et
753 3787 807 3847 pa-'
854 3777 954 3844 108,sq.
970 3767 1362 3843 us,119,haehabet:Que=

292 3867 379 3907 ternos
391 3853 505 3926 ejulatus.
852 3854 974 3926 Astyages
991 3848 1164 3922 comperisset,
1181 3845 1267 3902 filium
1283 3845 1364 3898 ttae-

325 3953 348 3984 a.
365 3933 524 3984 Videbimus.
543 3931 647 3986 Scilicet
657 3932 736 3994 alias,
751 3930 803 3986 alic
854 3931 950 3996 denes,
963 3929 1026 3984 filie
1036 3947 1105 3992 ause,
1116 3947 1171 3982 uon
1179 3927 1213 3980 alt
1223 3927 1341 3997 Harpaso
1352 3957 1361 3983 ι

292 4021 404 4082 tempore
420 4023 444 4063 et
464 4009 530 4064 loeo.
552 4011 612 4064 Esse
627 4009 653 4062 id
667 4008 805 4063 formulam
854 4009 935 4077 cuiid
948 4009 1107 4080 injunxerat,
1119 4005 1164 4060 sed
1178 4006 1210 4059 ala
1224 4003 1274 4058 alio
1288 4019 1365 4071 expo·

295 4091 389 4144 Nostro
410 4091 583 4154 familiarem,
600 4090 808 4162 ntlreiieieudatu
854 4088 930 4140 titum
938 4099 961 4138 et
968 4097 1145 4138 conservatum
1153 4099 1224 4146 esse,
1234 4081 1365 4134 saeuus

294 4167 450 4222 tractationis
457 4181 553 4242 partem
564 4166 681 4220 domiti.
689 4167 719 4218 F.
725 4167 807 4218 Gran.
855 4165 980 4228 immani,
991 4163 1095 4218 ultiouis
1108 4180 1200 4228 tauta,
1212 4157 1289 4228 αἰγὶ
1300 4171 1363 4206 ew

294 4244 326 4298 ad
337 4245 361 4298 la.
376 4247 391 4299 l.
405 4245 524 4318 exemplis
541 4245 656 4300 adductis
667 4245 699 4297 de
716 4245 805 4298 Cenat.
856 4243 935 4314 jussit.
948 4241 1031 4298 Filias
1042 4252 1124 4294 amma
1136 4233 1364 4315 mim-osteum
