2856 4974
294 399 358 486 los
556 397 626 464 DE
650 397 783 467 OTIO
809 394 1101 466 SAPIENTIS

292 529 399 622 ceptis
423 527 610 594 Stoicorum
629 551 636 591 t
655 549 731 594 nam
756 551 799 594 ue
822 527 886 618 ipsi
906 523 1043 617 quidem
1066 549 1087 591 a
1110 526 1180 592 suis
1203 522 1359 592 descive-

292 659 393 712 runt:
411 658 574 710 ettamen
593 644 862 710 excusatissimus
877 667 1006 724 essem,
1028 643 1158 710 etiamsi
1180 667 1249 710 non
1268 667 1359 735 pras·

291 775 388 852 cepta
406 757 540 827 illorum
562 783 742 851 sequerer,
769 757 830 826 sed
848 758 1001 851 exempla
1014 763 1038 824 ¹.
1061 761 1134 826 lloc
1151 759 1247 851 quod
1263 759 1358 836 dico,

293 878 328 944 iu
344 874 594 946 duasdividam
611 891 736 968 partes.
752 876 920 958 Primum,
939 891 977 942 ut
994 877 1098 968 possit
1113 876 1261 968 aliquis,
1277 877 1361 944 vela

291 991 402 1084 prima
419 1007 536 1072 astate,
559 992 833 1084 contemplationi
850 991 999 1058 veritatis
1019 1007 1122 1059 totum
1147 1015 1183 1058 se
1202 990 1360 1067 tradere,

293 1107 457 1175 tutionem
486 1106 620 1176 vivendi
653 1131 830 1198 quarere,
861 1122 963 1198 atque
996 1131 1182 1188 exercere,
1214 1122 1357 1174 secreto.

294 1221 446 1304 Deinde,
468 1239 505 1291 ut
528 1223 632 1317 possit
652 1223 716 1292 hoc
737 1221 863 1313 aliquis
882 1223 1032 1290 emeritis
1045 1222 1138 1314 jam·
1156 1221 1357 1315 stipendiis,

294 1337 481 1432 profligatae
497 1339 605 1406 aetatis
617 1329 642 1418 ³,
660 1339 739 1430 jure
757 1339 884 1430 optimo
900 1337 1035 1419 iecere,
1052 1353 1087 1404 et
1105 1335 1150 1404 ad
1166 1337 1254 1406 alios
1271 1353 1363 1404 aetus

294 1451 443 1520 animum
462 1451 613 1520 referre:
634 1452 804 1544 virginum
820 1450 1003 1518 Vestalium
1021 1475 1133 1532 more,
1149 1475 1251 1542 qum,
1266 1453 1360 1518 aunis

296 1567 385 1635 inter
407 1567 520 1634 officia
545 1567 682 1648 divisis,
704 1564 840 1634 discunt
865 1565 976 1632 faeere
994 1589 1109 1646 sacra,
1131 1581 1165 1634 et
1184 1591 1291 1658 quum
1307 1565 1357 1631 di-

297 1687 476 1773 dicerunt,
497 1683 654 1758 docent⁴.

346 1807 464 1874 XXX.
496 1808 576 1874 Hoee
602 1805 722 1874 Stoicis
747 1829 883 1896 quoque
905 1805 1040 1897 placere
1063 1805 1241 1874 ostendam
1264 1832 1273 1870 t
1300 1833 1360 1875 nou

297 1929 378 2018 quia
401 1927 509 2020 legem
536 1927 679 1995 dixerim
699 1928 806 2008 mihi,
827 1927 914 1996 nihil
936 1927 1200 1996 contradictum
1219 1932 1362 1999 Zenonis

298 2041 523 2136 Chrysippive
541 2043 749 2110 committere
770 2069 776 2108 :
795 2041 854 2109 sed
878 2045 959 2134 quia
983 2069 1037 2112 res
1061 2047 1134 2136 ipsa
1157 2033 1361 2136 patiturne

300 2157 350 2224 ire
369 2157 404 2222 in
423 2157 557 2224 illorum
579 2158 779 2224 seutentiam
792 2148 803 2190 ⁵
818 2181 825 2219 :
841 2179 943 2248 quam
963 2159 991 2224 si
1012 2159 1089 2248 quis
1104 2181 1243 2251 semper
1267 2165 1364 2228 unius

216 2393 220 2402 ’
301 2379 369 2431 ribus
383 2379 468 2430 functo
486 2377 723 2451 licerearepubliea
741 2397 807 2431 sece-
856 2375 1006 2431 al’ontifice
1019 2379 1197 2433 lllas.leetes
1211 2395 1309 2456 eapte,
1322 2403 1367 2436 ua-

301 2457 359 2508 dere
370 2495 376 2522 ,
389 2469 413 2507 et
425 2456 513 2508 otiose
526 2455 689 2508 committere.
857 2475 927 2506 mero
939 2477 994 2516 sea.
1006 2477 1113 2528 quarum
1126 2471 1188 2510 natu
1197 2461 1310 2512 maxima
1318 2464 1367 2512 asir

340 2553 358 2586 ι.
370 2535 807 2604 Nonproereptaillorumsepuerer‚
856 2553 891 2601 go
909 2537 1034 2586 maxima
1049 2531 1187 2590 dicelutur.
1205 2535 1256 2589 Per
1270 2539 1369 2610 triginta

303 2615 485 2679 sederemplo.
495 2613 560 2662 Nam
572 2609 641 2663 aliud
652 2609 809 2682 precipiunt,
860 2630 940 2662 annos
964 2611 1048 2664 officie
1068 2631 1129 2674 sno,
1155 2613 1369 2668 administratione

303 2691 372 2744 aliud
381 2691 477 2744 iaciunt
490 2691 617 2752 hominest
630 2703 655 2742 at
668 2689 811 2743 Stoicomm
860 2707 988 2741 sacrorum
998 2690 1080 2742 Veste
1090 2701 1114 2741 et
1120 2689 1184 2742 Deae
1190 2690 1289 2754 Βοιι,
1302 2693 1370 2766 fungi

303 2767 381 2820 vitam
387 2767 812 2840 rectissimitatusssneessesquam
861 2766 1027 2826 tenebantun
1042 2765 1179 2835 etquidem
1188 2767 1239 2830 ita,
1252 2769 1372 2822 utdeeem

306 2847 424 2920 dogmata
435 2847 577 2916 accepisses.
861 2863 941 2896 anuos
949 2843 1072 2894 «lucerent
1082 2885 1089 2906 ,
1100 2843 1188 2896 decem
1197 2862 1372 2918 operarentur,

340 2945 363 2976 s.
373 2923 498 2976 Emerite's
504 2925 647 2993 stipendiis.
656 2924 675 2974 l.
684 2943 706 2974 e.
714 2923 814 2974 iunctus
864 2933 888 2972 et
899 2919 1009 2991 reli'q'ues
1021 2921 1106 2973 decem
1117 2921 1229 2993 juniores
1244 2923 1318 2978 lertes
1329 2925 1373 2978 do-

307 3000 424 3055 omnibus
432 2999 815 3073 humanavitaestipendiisgSe-
864 3010 955 3050 terent.
975 2996 1034 3064 Quo
1053 2997 1188 3051 tricennali
1207 3013 1321 3075 ternpore
1332 3024 1373 3077 pe·

307 3099 360 3134 nse.
372 3081 485 3152 Ep.93.)
501 3079 595 3132 scilieet
609 3079 699 3131 ciliciis
708 3118 715 3142 ,
725 3099 815 3130 mune·
864 3089 947 3136 racto,
964 3096 976 3127 e
993 3073 1102 3147 collegio
1111 3076 1228 3128 secedere
1242 3091 1267 3130 et
1282 3080 1374 3132 nubere

307 3159 377 3212 ribus
387 3159 501 3231 publicis.
864 3155 941 3208 licuit.
951 3155 990 3206 De
1001 3155 1040 3206 his
1048 3155 1202 3222 Vestalibus,
1214 3159 1304 3230 magni
1314 3161 1375 3212 asti·

341 3237 364 3288 3.
372 3235 523 3306 Pmfh‘gatoe
535 3239 627 3289 oetatis.
637 3234 665 3288 ld
678 3250 722 3300 est,
730 3234 815 3287 senior
865 3233 937 3285 matis
948 3233 1036 3284 Rome
1045 3271 1052 3298 ,
1061 3231 1132 3306 plura
1143 3233 1240 3286 dabunt
1251 3235 1375 3288 Plutarch·

308 3313 549 3384 homoProstr'gure
559 3317 685 3386 Augusteo
697 3331 751 3364 aevo
760 3331 815 3383 pro·
864 3311 907 3363 vit.
919 3311 1010 3362 Numae
1023 3310 1130 3383 Pompil.
1143 3331 1163 3363 c.
1177 3312 1232 3374 tx,
1246 3335 1270 3385 p
1286 3333 1335 3386 ²9⁰
1341 3334 1375 3384 sq.

309 3393 391 3466 prium
403 3405 439 3445 est
452 3391 556 3444 verbum
575 3390 647 3442 deiis
659 3390 816 3461 robumque
865 3387 985 3462 Leopold.
1011 3402 1033 3441 et
1049 3387 1147 3461 Lipsius
1165 3387 1192 3440 in
1214 3392 1375 3464 syntagmate

310 3470 433 3522 inchoatae
442 3467 543 3539 quidem
555 3483 577 3520 et
588 3468 673 3536 aliquo
683 3467 816 3540 perductae.
867 3468 897 3520 de
905 3467 981 3518 Vesta
991 3479 1015 3518 et
1026 3465 1177 3518 Vestalibus.

311 3547 353 3601 sed
361 3547 473 3600 nondum
483 3547 515 3598 ad
525 3545 602 3598 linem
611 3559 730 3617 promote
746 3557 818 3605 suut:
899 3545 981 3596 XXX.
995 3547 1065 3598 Atto.
1079 3543 1156 3611 Quod
1170 3545 1254 3617 primo
1265 3546 1324 3598 loeo
1337 3567 1376 3618 pe

312 3623 595 3698 leniorisignifieatione
603 3661 610 3684 ‚
619 3644 667 3691 quo
676 3621 706 3672 ab
716 3621 819 3694 etymol·
867 3634 949 3674 suerat
961 3623 1039 3693 capite
1050 3622 1208 3675 antecedenti
1217 3643 1288 3677 nuuc
1294 3646 1376 3698 perse-

312 3715 337 3756 et
349 3703 427 3776 prima
434 3701 504 3754 verbi
513 3699 735 3773 potestaterecedit.
743 3699 818 3752 cont.
867 3701 966 3772 quitur,
975 3700 1083 3765 docens,
1096 3701 1188 3754 Stoicis
1195 3702 1245 3754 hor
1253 3703 1376 3756 decretum

314 3779 410 3831 Duker.
417 3777 448 3829 ad
457 3777 561 3829 Florum
570 3777 612 3830 lib.
622 3779 656 3842 ll,
665 3799 685 3830 c.
695 3781 722 3830 15
731 3799 754 3850 p.
762 3777 776 3840 l
784 3778 819 3842 ιζ.
868 3777 972 3850 plaeere.
978 3777 1066 3830 Zenon
1075 3778 1143 3831 enim
1153 3779 1267 3832 dixerat:
1276 3781 1377 3855 Sapiens

346 3857 513 3924 Hirpinum
527 3858 819 3909 Vestalium.....docent.
869 3857 1101 3930 aecedetadllemp
1109 3857 1184 3910 nisisi
1192 3859 1256 3928 quid
1265 3859 1377 3932 impedir-

313 3934 446 3988 Monaclrse
468 3933 639 3986 Romanorum
663 3937 762 3984 luerunt
782 3932 822 3984 he
869 3935 1375 4012 ritllistingueudaitaquesuuttempera

314 4010 423 4082 virgines
433 4009 559 4068 Vestales.
570 4011 717 4064 erinstituto
730 4011 820 4062 Numa
904 4017 926 4064 5.
939 4014 985 4066 Me
995 4017 1081 4066 irem..
1098 4019 1265 4067 sententiam.
1279 4015 1376 4088 Proprie

315 4087 440 4160 Pompilio
452 4087 528 4138 tribui
540 4087 625 4150 solite,
637 4101 664 4139 ut
673 4105 778 4159 quaeque
788 4086 821 4138 ad
871 4089 1021 4143 Senatorum
1040 4111 1091 4144 esse
1111 4093 1244 4144 sententiae
1261 4091 1375 4145 senatoris

316 4163 465 4236 religionem
486 4165 645 4218 vetustiorem
668 4165 819 4238 s'pectsntia,
871 4165 897 4216 in
912 4167 990 4220 Curia
1002 4169 1189 4221 assentientium
1202 4173 1211 4235 (
1222 4169 1260 4222 ire
1268 4169 1374 4242 pedibas,
