<?xml version="1.0" encoding="UTF-8"?>
<!DOCTYPE html PUBLIC "-//W3C//DTD XHTML 1.0 Transitional//EN"
    "http://www.w3.org/TR/xhtml1/DTD/xhtml1-transitional.dtd">
<html xmlns="http://www.w3.org/1999/xhtml" xml:lang="en" lang="en">
 <head>
  <title>
</title>
<meta http-equiv="Content-Type" content="text/html;charset=utf-8" />
  <meta name='ocr-system' content='tesseract 3.04.00' />
  <meta name='ocr-capabilities' content='ocr_page ocr_carea ocr_par ocr_line ocrx_word'/>
</head>
<body>
  <div class='ocr_page' id='page_1' title='image "./lannsenecparspr01bouigoog_0045.png"; bbox 0 0 2930 4956; ppageno 0'>
   <div class='ocr_carea' id='block_1_1' title="bbox 310 436 1154 528">
    <p class='ocr_par' dir='ltr' id='par_1_1' title="bbox 310 436 1154 528">
     <span class='ocr_line' id='line_1_1' title="bbox 310 436 1154 528; baseline -0.001 -19"><span class='ocrx_word' id='word_1_1' title='bbox 310 441 403 528; x_wconf 84' lang='lat' dir='ltr'>xxxij</span> <span class='ocrx_word' id='word_1_2' title='bbox 562 436 631 506; x_wconf 84' lang='lat' dir='ltr'>DE</span> <span class='ocrx_word' id='word_1_3' title='bbox 655 437 787 507; x_wconf 81' lang='lat' dir='ltr'>VITA</span> <span class='ocrx_word' id='word_1_4' title='bbox 811 437 881 506; x_wconf 88' lang='lat' dir='ltr'>ET</span> <span class='ocrx_word' id='word_1_5' title='bbox 905 437 1154 509; x_wconf 87' lang='lat' dir='ltr'>SCRIPTIS</span> 
     </span>
    </p>
   </div>
   <div class='ocr_carea' id='block_1_2' title="bbox 232 575 1401 4378">
    <p class='ocr_par' dir='ltr' id='par_1_2' title="bbox 232 575 1389 2680">
     <span class='ocr_line' id='line_1_2' title="bbox 309 575 1377 666; baseline -0.001 -21"><span class='ocrx_word' id='word_1_6' title='bbox 309 580 397 645; x_wconf 92' lang='lat' dir='ltr'>Nero</span> <span class='ocrx_word' id='word_1_7' title='bbox 412 579 497 643; x_wconf 92' lang='lat' dir='ltr'>nullo</span> <span class='ocrx_word' id='word_1_8' title='bbox 522 580 554 644; x_wconf 92' lang='lat' dir='ltr'>in</span> <span class='ocrx_word' id='word_1_9' title='bbox 567 579 729 644; x_wconf 77' lang='lat' dir='ltr'><strong>Paulinam</strong></span> <span class='ocrx_word' id='word_1_10' title='bbox 754 581 881 666; x_wconf 90' lang='lat' dir='ltr'>proprio</span> <span class='ocrx_word' id='word_1_11' title='bbox 896 579 986 659; x_wconf 88' lang='lat' dir='ltr'>odio,</span> <span class='ocrx_word' id='word_1_12' title='bbox 1001 601 1038 644; x_wconf 89' lang='lat' dir='ltr'>ac</span> <span class='ocrx_word' id='word_1_13' title='bbox 1057 601 1096 645; x_wconf 91' lang='lat' dir='ltr'>ue</span> <span class='ocrx_word' id='word_1_14' title='bbox 1113 575 1254 665; x_wconf 74' lang='lat' dir='ltr'>glisceret</span> <span class='ocrx_word' id='word_1_15' title='bbox 1271 583 1377 646; x_wconf 83' lang='lat' dir='ltr'>invidia</span> 
     </span>
     <span class='ocr_line' id='line_1_3' title="bbox 309 685 1376 772; baseline 0 -22"><span class='ocrx_word' id='word_1_16' title='bbox 309 686 512 765; x_wconf 77' lang='lat' dir='ltr'>crudelitatis,</span> <span class='ocrx_word' id='word_1_17' title='bbox 528 687 659 750; x_wconf 86' lang='lat' dir='ltr'>inbibeti</span> <span class='ocrx_word' id='word_1_18' title='bbox 684 700 816 750; x_wconf 87' lang='lat' dir='ltr'>mortem</span> <span class='ocrx_word' id='word_1_19' title='bbox 831 687 971 772; x_wconf 86' lang='lat' dir='ltr'>imperat.</span> <span class='ocrx_word' id='word_1_20' title='bbox 994 685 1194 751; x_wconf 85' lang='lat' dir='ltr'>Hortantibus</span> <span class='ocrx_word' id='word_1_21' title='bbox 1212 689 1376 764; x_wconf 74' lang='lat' dir='ltr'>militibus,</span> 
     </span>
     <span class='ocr_line' id='line_1_4' title="bbox 309 781 1379 879; baseline 0 -23"><span class='ocrx_word' id='word_1_22' title='bbox 309 781 390 856; x_wconf 81' lang='lat' dir='ltr'>servi</span> <span class='ocrx_word' id='word_1_23' title='bbox 406 793 566 876; x_wconf 80' lang='lat' dir='ltr'>libertique</span> <span class='ocrx_word' id='word_1_24' title='bbox 588 793 724 878; x_wconf 88' lang='lat' dir='ltr'>obligant</span> <span class='ocrx_word' id='word_1_25' title='bbox 743 792 889 872; x_wconf 81' lang='lat' dir='ltr'>brachia,</span> <span class='ocrx_word' id='word_1_26' title='bbox 912 808 1054 878; x_wconf 86' lang='lat' dir='ltr'>premunt</span> <span class='ocrx_word' id='word_1_27' title='bbox 1073 795 1268 879; x_wconf 73' lang='lat' dir='ltr'>amgutnem,</span> <span class='ocrx_word' id='word_1_28' title='bbox 1285 795 1379 858; x_wconf 90' lang='lat' dir='ltr'>ineer-</span> 
     </span>
     <span class='ocr_line' id='line_1_5' title="bbox 308 899 1378 986; baseline -0.001 -23"><span class='ocrx_word' id='word_1_29' title='bbox 308 915 374 963; x_wconf 83' lang='lat' dir='ltr'>ttmt</span> <span class='ocrx_word' id='word_1_30' title='bbox 386 920 425 964; x_wconf 87' lang='lat' dir='ltr'>an</span> <span class='ocrx_word' id='word_1_31' title='bbox 439 902 562 985; x_wconf 68' lang='lat' dir='ltr'>ignem</span> <span class='ocrx_word' id='word_1_32' title='bbox 573 899 658 964; x_wconf 84' lang='lat' dir='ltr'>Nam</span> <span class='ocrx_word' id='word_1_33' title='bbox 667 914 700 963; x_wconf 90' lang='lat' dir='ltr'>nt</span> <span class='ocrx_word' id='word_1_34' title='bbox 714 915 760 964; x_wconf 88' lang='lat' dir='ltr'>est</span> <span class='ocrx_word' id='word_1_35' title='bbox 773 900 880 986; x_wconf 78' lang='lat' dir='ltr'>vulgus</span> <span class='ocrx_word' id='word_1_36' title='bbox 893 903 933 964; x_wconf 89' lang='lat' dir='ltr'>ad</span> <span class='ocrx_word' id='word_1_37' title='bbox 946 901 1098 964; x_wconf 75' lang='lat' dir='ltr'>deteriora</span> <span class='ocrx_word' id='word_1_38' title='bbox 1111 915 1286 986; x_wconf 86' lang='lat' dir='ltr'>promptum</span> <span class='ocrx_word' id='word_1_39' title='bbox 1297 947 1307 978; x_wconf 96' lang='lat'>,</span> <span class='ocrx_word' id='word_1_40' title='bbox 1318 919 1378 964; x_wconf 88' lang='lat' dir='ltr'>non</span> 
     </span>
     <span class='ocr_line' id='line_1_6' title="bbox 308 1005 1377 1091; baseline 0.001 -22"><span class='ocrx_word' id='word_1_41' title='bbox 308 1007 431 1071; x_wconf 82' lang='lat' dir='ltr'>deluere</span> <span class='ocrx_word' id='word_1_42' title='bbox 447 1007 499 1089; x_wconf 89' lang='lat' dir='ltr'>qni</span> <span class='ocrx_word' id='word_1_43' title='bbox 509 1009 687 1085; x_wconf 78' lang='lat' dir='ltr'>crederent,</span> <span class='ocrx_word' id='word_1_44' title='bbox 701 1008 798 1070; x_wconf 87' lang='lat' dir='ltr'>donec</span> <span class='ocrx_word' id='word_1_45' title='bbox 807 1006 1034 1091; x_wconf 70' lang='lat' dir='ltr'>implacabilem</span> <span class='ocrx_word' id='word_1_46' title='bbox 1048 1005 1207 1071; x_wconf 85' lang='lat' dir='ltr'>Neronem</span> <span class='ocrx_word' id='word_1_47' title='bbox 1225 1007 1377 1082; x_wconf 79' lang='lat' dir='ltr'>timuerit,</span> 
     </span>
     <span class='ocr_line' id='line_1_7' title="bbox 309 1111 1380 1196; baseline -0.002 -18"><span class='ocrx_word' id='word_1_48' title='bbox 309 1113 423 1178; x_wconf 73' lang='lat' dir='ltr'>lunam</span> <span class='ocrx_word' id='word_1_49' title='bbox 437 1111 557 1176; x_wconf 69' lang='lat' dir='ltr'>sociata&gt;</span> <span class='ocrx_word' id='word_1_50' title='bbox 571 1134 642 1177; x_wconf 88' lang='lat' dir='ltr'>cum</span> <span class='ocrx_word' id='word_1_51' title='bbox 654 1112 765 1176; x_wconf 88' lang='lat' dir='ltr'>marito</span> <span class='ocrx_word' id='word_1_52' title='bbox 781 1112 889 1176; x_wconf 89' lang='lat' dir='ltr'>mortis</span> <span class='ocrx_word' id='word_1_53' title='bbox 903 1112 1044 1196; x_wconf 76' lang='lat' dir='ltr'>petivisse</span> <span class='ocrx_word' id='word_1_54' title='bbox 1058 1138 1066 1184; x_wconf 73' lang='grc' dir='ltr'>ς</span> <span class='ocrx_word' id='word_1_55' title='bbox 1084 1114 1192 1176; x_wconf 87' lang='lat' dir='ltr'>deinde</span> <span class='ocrx_word' id='word_1_56' title='bbox 1203 1113 1305 1176; x_wconf 88' lang='lat' dir='ltr'>oblata</span> <span class='ocrx_word' id='word_1_57' title='bbox 1318 1114 1380 1176; x_wconf 87' lang='lat' dir='ltr'>mi-</span> 
     </span>
     <span class='ocr_line' id='line_1_8' title="bbox 307 1217 1380 1305; baseline 0.001 -24"><span class='ocrx_word' id='word_1_58' title='bbox 307 1221 385 1282; x_wconf 91' lang='lat' dir='ltr'>tiore</span> <span class='ocrx_word' id='word_1_59' title='bbox 398 1241 468 1303; x_wconf 88' lang='lat' dir='ltr'>spe,</span> <span class='ocrx_word' id='word_1_60' title='bbox 483 1219 697 1282; x_wconf 88' lang='lat' dir='ltr'>blandimentis</span> <span class='ocrx_word' id='word_1_61' title='bbox 714 1217 782 1282; x_wconf 79' lang='lat' dir='ltr'>vitae</span> <span class='ocrx_word' id='word_1_62' title='bbox 796 1217 925 1282; x_wconf 78' lang='lat' dir='ltr'>evictam</span> <span class='ocrx_word' id='word_1_63' title='bbox 942 1243 950 1278; x_wconf 84' lang='lat' dir='ltr'>t</span> <span class='ocrx_word' id='word_1_64' title='bbox 967 1219 1015 1282; x_wconf 88' lang='lat' dir='ltr'>eni</span> <span class='ocrx_word' id='word_1_65' title='bbox 1029 1219 1142 1282; x_wconf 87' lang='lat' dir='ltr'>addidit</span> <span class='ocrx_word' id='word_1_66' title='bbox 1153 1240 1265 1305; x_wconf 88' lang='lat' dir='ltr'>paucos</span> <span class='ocrx_word' id='word_1_67' title='bbox 1275 1233 1380 1304; x_wconf 88' lang='lat' dir='ltr'>postea</span> 
     </span>
     <span class='ocr_line' id='line_1_9' title="bbox 309 1323 1380 1409; baseline -0.002 -21"><span class='ocrx_word' id='word_1_68' title='bbox 309 1347 404 1389; x_wconf 88' lang='lat' dir='ltr'>annos</span> <span class='ocrx_word' id='word_1_69' title='bbox 426 1323 570 1409; x_wconf 72' lang='lat' dir='ltr'>laudabili</span> <span class='ocrx_word' id='word_1_70' title='bbox 595 1325 627 1386; x_wconf 92' lang='lat' dir='ltr'>in</span> <span class='ocrx_word' id='word_1_71' title='bbox 647 1325 791 1387; x_wconf 87' lang='lat' dir='ltr'>maritum</span> <span class='ocrx_word' id='word_1_72' title='bbox 807 1323 979 1401; x_wconf 89' lang='lat' dir='ltr'>memoria,</span> <span class='ocrx_word' id='word_1_73' title='bbox 998 1338 1030 1388; x_wconf 87' lang='lat' dir='ltr'>et</span> <span class='ocrx_word' id='word_1_74' title='bbox 1046 1346 1100 1387; x_wconf 90' lang='lat' dir='ltr'>ore</span> <span class='ocrx_word' id='word_1_75' title='bbox 1122 1345 1159 1389; x_wconf 90' lang='lat' dir='ltr'>ae</span> <span class='ocrx_word' id='word_1_76' title='bbox 1181 1325 1328 1389; x_wconf 86' lang='lat' dir='ltr'>membris</span> <span class='ocrx_word' id='word_1_77' title='bbox 1348 1326 1380 1386; x_wconf 92' lang='lat' dir='ltr'>in</span> 
     </span>
     <span class='ocr_line' id='line_1_10' title="bbox 309 1430 1381 1516; baseline -0.004 -20"><span class='ocrx_word' id='word_1_78' title='bbox 309 1454 380 1496; x_wconf 86' lang='lat' dir='ltr'>eum</span> <span class='ocrx_word' id='word_1_79' title='bbox 404 1433 556 1516; x_wconf 87' lang='lat' dir='ltr'>pallorem</span> <span class='ocrx_word' id='word_1_80' title='bbox 579 1430 772 1506; x_wconf 81' lang='lat' dir='ltr'>albentibus,</span> <span class='ocrx_word' id='word_1_81' title='bbox 797 1443 830 1492; x_wconf 88' lang='lat' dir='ltr'>nt</span> <span class='ocrx_word' id='word_1_82' title='bbox 851 1431 980 1494; x_wconf 88' lang='lat' dir='ltr'>ostentui</span> <span class='ocrx_word' id='word_1_83' title='bbox 1008 1445 1105 1510; x_wconf 86' lang='lat' dir='ltr'>esset,</span> <span class='ocrx_word' id='word_1_84' title='bbox 1127 1432 1256 1494; x_wconf 86' lang='lat' dir='ltr'>multum</span> <span class='ocrx_word' id='word_1_85' title='bbox 1282 1431 1381 1494; x_wconf 82' lang='lat' dir='ltr'>vitalis</span> 
     </span>
     <span class='ocr_line' id='line_1_11' title="bbox 309 1535 1381 1624; baseline 0 -25"><span class='ocrx_word' id='word_1_86' title='bbox 309 1541 430 1624; x_wconf 72' lang='lat' dir='ltr'>spiritus</span> <span class='ocrx_word' id='word_1_87' title='bbox 451 1551 598 1623; x_wconf 82' lang='lat' dir='ltr'>egetnnn.</span> <span class='ocrx_word' id='word_1_88' title='bbox 618 1535 735 1600; x_wconf 82' lang='lat' dir='ltr'>Seneca</span> <span class='ocrx_word' id='word_1_89' title='bbox 748 1537 870 1600; x_wconf 82' lang='lat' dir='ltr'>interim</span> <span class='ocrx_word' id='word_1_90' title='bbox 883 1537 1009 1604; x_wconf 84' lang='lat' dir='ltr'>durante</span> <span class='ocrx_word' id='word_1_91' title='bbox 1021 1551 1142 1614; x_wconf 75' lang='lat' dir='ltr'>sactu,</span> <span class='ocrx_word' id='word_1_92' title='bbox 1158 1551 1189 1602; x_wconf 86' lang='lat' dir='ltr'>et</span> <span class='ocrx_word' id='word_1_93' title='bbox 1205 1537 1381 1600; x_wconf 69' lang='lat' dir='ltr'>tententiae</span> 
     </span>
     <span class='ocr_line' id='line_1_12' title="bbox 308 1642 1382 1717; baseline -0.002 -9"><span class='ocrx_word' id='word_1_94' title='bbox 308 1645 435 1717; x_wconf 80' lang='lat' dir='ltr'>mortis,</span> <span class='ocrx_word' id='word_1_95' title='bbox 461 1643 591 1708; x_wconf 87' lang='lat' dir='ltr'>Statium</span> <span class='ocrx_word' id='word_1_96' title='bbox 613 1642 762 1706; x_wconf 71' lang='lat' dir='ltr'>Annam</span> <span class='ocrx_word' id='word_1_97' title='bbox 784 1643 836 1705; x_wconf 92' lang='lat' dir='ltr'>diu</span> <span class='ocrx_word' id='word_1_98' title='bbox 850 1643 908 1705; x_wconf 88' lang='lat' dir='ltr'>sibi</span> <span class='ocrx_word' id='word_1_99' title='bbox 926 1643 1066 1706; x_wconf 73' lang='lat' dir='ltr'>amicitia</span> <span class='ocrx_word' id='word_1_100' title='bbox 1082 1643 1142 1707; x_wconf 83' lang='lat' dir='ltr'>fide</span> <span class='ocrx_word' id='word_1_101' title='bbox 1161 1657 1192 1707; x_wconf 87' lang='lat' dir='ltr'>et</span> <span class='ocrx_word' id='word_1_102' title='bbox 1207 1657 1273 1707; x_wconf 87' lang='lat' dir='ltr'>arte</span> <span class='ocrx_word' id='word_1_103' title='bbox 1286 1644 1382 1707; x_wconf 85' lang='lat' dir='ltr'>medi·</span> 
     </span>
     <span class='ocr_line' id='line_1_13' title="bbox 308 1749 1383 1836; baseline -0.003 -21"><span class='ocrx_word' id='word_1_104' title='bbox 308 1752 384 1815; x_wconf 84' lang='lat' dir='ltr'>cinae</span> <span class='ocrx_word' id='word_1_105' title='bbox 394 1751 578 1836; x_wconf 89' lang='lat' dir='ltr'>probatum,</span> <span class='ocrx_word' id='word_1_106' title='bbox 592 1764 661 1812; x_wconf 91' lang='lat' dir='ltr'>orat</span> <span class='ocrx_word' id='word_1_107' title='bbox 677 1750 835 1834; x_wconf 82' lang='lat' dir='ltr'>provisum</span> <span class='ocrx_word' id='word_1_108' title='bbox 850 1749 970 1832; x_wconf 89' lang='lat' dir='ltr'>pridem</span> <span class='ocrx_word' id='word_1_109' title='bbox 988 1771 1138 1814; x_wconf 82' lang='lat' dir='ltr'>venenum</span> <span class='ocrx_word' id='word_1_110' title='bbox 1151 1795 1160 1826; x_wconf 96' lang='lat'>,</span> <span class='ocrx_word' id='word_1_111' title='bbox 1175 1771 1236 1832; x_wconf 87' lang='lat' dir='ltr'>quo</span> <span class='ocrx_word' id='word_1_112' title='bbox 1249 1750 1383 1814; x_wconf 88' lang='lat' dir='ltr'>damnati</span> 
     </span>
     <span class='ocr_line' id='line_1_14' title="bbox 309 1855 1385 1942; baseline -0.001 -22"><span class='ocrx_word' id='word_1_113' title='bbox 309 1859 432 1942; x_wconf 90' lang='lat' dir='ltr'>publico</span> <span class='ocrx_word' id='word_1_114' title='bbox 449 1855 680 1920; x_wconf 76' lang='lat' dir='ltr'>Atheniensium</span> <span class='ocrx_word' id='word_1_115' title='bbox 697 1855 808 1938; x_wconf 81' lang='lat' dir='ltr'>judicio</span> <span class='ocrx_word' id='word_1_116' title='bbox 828 1855 1106 1939; x_wconf 71' lang='lat' dir='ltr'>exstinguerentur,</span> <span class='ocrx_word' id='word_1_117' title='bbox 1129 1870 1286 1939; x_wconf 89' lang='lat' dir='ltr'>promeret</span> <span class='ocrx_word' id='word_1_118' title='bbox 1308 1879 1316 1916; x_wconf 86' lang='lat' dir='ltr'>t</span> <span class='ocrx_word' id='word_1_119' title='bbox 1339 1857 1385 1919; x_wconf 92' lang='lat' dir='ltr'>al·</span> 
     </span>
     <span class='ocr_line' id='line_1_15' title="bbox 232 1959 1386 2046; baseline -0.003 -19"><span class='ocrx_word' id='word_1_120' title='bbox 232 1998 237 2012; x_wconf 77' lang='lat'>=</span> <span class='ocrx_word' id='word_1_121' title='bbox 309 1965 462 2046; x_wconf 86' lang='lat' dir='ltr'>latumque</span> <span class='ocrx_word' id='word_1_122' title='bbox 492 1963 591 2025; x_wconf 88' lang='lat' dir='ltr'>bausit</span> <span class='ocrx_word' id='word_1_123' title='bbox 614 1962 747 2036; x_wconf 72' lang='lat' dir='ltr'>fnestra,</span> <span class='ocrx_word' id='word_1_124' title='bbox 770 1959 885 2044; x_wconf 76' lang='lat' dir='ltr'>frigidis</span> <span class='ocrx_word' id='word_1_125' title='bbox 905 1963 968 2043; x_wconf 88' lang='lat' dir='ltr'>jam</span> <span class='ocrx_word' id='word_1_126' title='bbox 996 1961 1122 2024; x_wconf 86' lang='lat' dir='ltr'>artubus</span> <span class='ocrx_word' id='word_1_127' title='bbox 1141 1976 1171 2024; x_wconf 91' lang='lat' dir='ltr'>et</span> <span class='ocrx_word' id='word_1_128' title='bbox 1190 1961 1293 2024; x_wconf 90' lang='lat' dir='ltr'>clauso</span> <span class='ocrx_word' id='word_1_129' title='bbox 1316 1982 1386 2023; x_wconf 91' lang='lat' dir='ltr'>cor-</span> 
     </span>
     <span class='ocr_line' id='line_1_16' title="bbox 308 2067 1385 2155; baseline -0.005 -22"><span class='ocrx_word' id='word_1_130' title='bbox 308 2092 385 2155; x_wconf 90' lang='lat' dir='ltr'>pore</span> <span class='ocrx_word' id='word_1_131' title='bbox 406 2073 567 2133; x_wconf 86' lang='lat' dir='ltr'>adversum</span> <span class='ocrx_word' id='word_1_132' title='bbox 594 2067 657 2130; x_wconf 87' lang='lat' dir='ltr'>vim</span> <span class='ocrx_word' id='word_1_133' title='bbox 678 2069 808 2142; x_wconf 79' lang='lat' dir='ltr'>veneni3</span> <span class='ocrx_word' id='word_1_134' title='bbox 833 2080 988 2151; x_wconf 86' lang='lat' dir='ltr'>postremo</span> <span class='ocrx_word' id='word_1_135' title='bbox 1012 2082 1151 2152; x_wconf 81' lang='lat' dir='ltr'>stagnum</span> <span class='ocrx_word' id='word_1_136' title='bbox 1171 2069 1274 2132; x_wconf 75' lang='lat' dir='ltr'>ealidae</span> <span class='ocrx_word' id='word_1_137' title='bbox 1298 2088 1385 2150; x_wconf 81' lang='lat' dir='ltr'>aquae</span> 
     </span>
     <span class='ocr_line' id='line_1_17' title="bbox 309 2170 1387 2258; baseline -0.002 -20"><span class='ocrx_word' id='word_1_138' title='bbox 309 2176 444 2251; x_wconf 88' lang='lat' dir='ltr'>introiit,</span> <span class='ocrx_word' id='word_1_139' title='bbox 464 2194 645 2258; x_wconf 85' lang='lat' dir='ltr'>respergens</span> <span class='ocrx_word' id='word_1_140' title='bbox 663 2173 819 2256; x_wconf 83' lang='lat' dir='ltr'>proximos</span> <span class='ocrx_word' id='word_1_141' title='bbox 841 2193 1021 2250; x_wconf 86' lang='lat' dir='ltr'>servorum,</span> <span class='ocrx_word' id='word_1_142' title='bbox 1037 2174 1136 2236; x_wconf 91' lang='lat' dir='ltr'>addita</span> <span class='ocrx_word' id='word_1_143' title='bbox 1154 2194 1252 2248; x_wconf 76' lang='lat' dir='ltr'>voce,</span> <span class='ocrx_word' id='word_1_144' title='bbox 1270 2170 1387 2236; x_wconf 79' lang='lat' dir='ltr'>Libere</span> 
     </span>
     <span class='ocr_line' id='line_1_18' title="bbox 310 2275 1389 2361; baseline -0.004 -17"><span class='ocrx_word' id='word_1_145' title='bbox 310 2303 342 2344; x_wconf 91' lang='lat' dir='ltr'>se</span> <span class='ocrx_word' id='word_1_146' title='bbox 360 2279 512 2361; x_wconf 88' lang='lat' dir='ltr'>liquorem</span> <span class='ocrx_word' id='word_1_147' title='bbox 531 2277 618 2341; x_wconf 89' lang='lat' dir='ltr'>illum</span> <span class='ocrx_word' id='word_1_148' title='bbox 633 2277 709 2340; x_wconf 84' lang='lat' dir='ltr'>Jovi</span> <span class='ocrx_word' id='word_1_149' title='bbox 728 2277 895 2341; x_wconf 86' lang='lat' dir='ltr'>liberatori.</span> <span class='ocrx_word' id='word_1_150' title='bbox 912 2275 992 2339; x_wconf 85' lang='lat' dir='ltr'>Exin</span> <span class='ocrx_word' id='word_1_151' title='bbox 1014 2277 1123 2341; x_wconf 87' lang='lat' dir='ltr'>balneo</span> <span class='ocrx_word' id='word_1_152' title='bbox 1143 2278 1264 2354; x_wconf 89' lang='lat' dir='ltr'>illatus,</span> <span class='ocrx_word' id='word_1_153' title='bbox 1284 2291 1314 2340; x_wconf 90' lang='lat' dir='ltr'>et</span> <span class='ocrx_word' id='word_1_154' title='bbox 1332 2301 1389 2340; x_wconf 82' lang='lat' dir='ltr'>vs-</span> 
     </span>
     <span class='ocr_line' id='line_1_19' title="bbox 311 2383 1386 2470; baseline -0.002 -22"><span class='ocrx_word' id='word_1_155' title='bbox 311 2408 388 2470; x_wconf 89' lang='lat' dir='ltr'>pore</span> <span class='ocrx_word' id='word_1_156' title='bbox 401 2387 466 2468; x_wconf 87' lang='lat' dir='ltr'>ejns</span> <span class='ocrx_word' id='word_1_157' title='bbox 490 2385 698 2458; x_wconf 84' lang='lat' dir='ltr'>exanimatus,</span> <span class='ocrx_word' id='word_1_158' title='bbox 723 2383 787 2446; x_wconf 89' lang='lat' dir='ltr'>sine</span> <span class='ocrx_word' id='word_1_159' title='bbox 807 2383 869 2446; x_wconf 91' lang='lat' dir='ltr'>ullo</span> <span class='ocrx_word' id='word_1_160' title='bbox 889 2383 1003 2445; x_wconf 77' lang='lat' dir='ltr'>funeris</span> <span class='ocrx_word' id='word_1_161' title='bbox 1023 2383 1139 2446; x_wconf 84' lang='lat' dir='ltr'>solenni</span> <span class='ocrx_word' id='word_1_162' title='bbox 1156 2401 1317 2446; x_wconf 87' lang='lat' dir='ltr'>crematur.</span> <span class='ocrx_word' id='word_1_163' title='bbox 1336 2383 1386 2446; x_wconf 86' lang='lat' dir='ltr'>lta</span> 
     </span>
     <span class='ocr_line' id='line_1_20' title="bbox 312 2489 1383 2574; baseline -0.003 -19"><span class='ocrx_word' id='word_1_164' title='bbox 312 2490 457 2555; x_wconf 85' lang='lat' dir='ltr'>codicillis</span> <span class='ocrx_word' id='word_1_165' title='bbox 467 2491 702 2574; x_wconf 73' lang='lat' dir='ltr'>praescripserat,</span> <span class='ocrx_word' id='word_1_166' title='bbox 715 2510 808 2569; x_wconf 89' lang='lat' dir='ltr'>quum</span> <span class='ocrx_word' id='word_1_167' title='bbox 821 2489 913 2552; x_wconf 87' lang='lat' dir='ltr'>etiam</span> <span class='ocrx_word' id='word_1_168' title='bbox 922 2503 989 2551; x_wconf 88' lang='lat' dir='ltr'>tum</span> <span class='ocrx_word' id='word_1_169' title='bbox 996 2490 1143 2573; x_wconf 67' lang='lat' dir='ltr'>predives</span> <span class='ocrx_word' id='word_1_170' title='bbox 1153 2502 1184 2551; x_wconf 88' lang='lat' dir='ltr'>et</span> <span class='ocrx_word' id='word_1_171' title='bbox 1195 2501 1383 2574; x_wconf 87' lang='lat' dir='ltr'>praepotens,</span> 
     </span>
     <span class='ocr_line' id='line_1_21' title="bbox 312 2595 690 2680; baseline -0.008 -20"><span class='ocrx_word' id='word_1_172' title='bbox 312 2595 462 2680; x_wconf 83' lang='lat' dir='ltr'>supremis</span> <span class='ocrx_word' id='word_1_173' title='bbox 476 2595 657 2659; x_wconf 87' lang='lat' dir='ltr'>consuleret.</span> <span class='ocrx_word' id='word_1_174' title='bbox 674 2622 690 2649; x_wconf 74' lang='grc' dir='ltr'>ι»</span> 
     </span>
    </p>

    <p class='ocr_par' dir='ltr' id='par_1_3' title="bbox 308 2701 1401 4378">
     <span class='ocr_line' id='line_1_22' title="bbox 352 2701 1389 2785; baseline -0.001 -19"><span class='ocrx_word' id='word_1_175' title='bbox 352 2701 429 2766; x_wconf 77' lang='lat' dir='ltr'>Haec</span> <span class='ocrx_word' id='word_1_176' title='bbox 447 2701 571 2764; x_wconf 86' lang='lat' dir='ltr'>Tacitus</span> <span class='ocrx_word' id='word_1_177' title='bbox 592 2726 600 2762; x_wconf 80' lang='lat' dir='ltr'>t</span> <span class='ocrx_word' id='word_1_178' title='bbox 619 2722 717 2783; x_wconf 89' lang='lat' dir='ltr'>neque</span> <span class='ocrx_word' id='word_1_179' title='bbox 727 2701 843 2785; x_wconf 89' lang='lat' dir='ltr'>pigebit</span> <span class='ocrx_word' id='word_1_180' title='bbox 857 2703 994 2764; x_wconf 90' lang='lat' dir='ltr'>insistere</span> <span class='ocrx_word' id='word_1_181' title='bbox 1012 2703 1139 2780; x_wconf 86' lang='lat' dir='ltr'>leviter,</span> <span class='ocrx_word' id='word_1_182' title='bbox 1152 2716 1183 2765; x_wconf 88' lang='lat' dir='ltr'>et</span> <span class='ocrx_word' id='word_1_183' title='bbox 1197 2703 1389 2780; x_wconf 80' lang='lat' dir='ltr'>examinare,</span> 
     </span>
     <span class='ocr_line' id='line_1_23' title="bbox 312 2807 1393 2891; baseline 0 -19"><span class='ocrx_word' id='word_1_184' title='bbox 312 2823 364 2873; x_wconf 89' lang='lat' dir='ltr'>aut</span> <span class='ocrx_word' id='word_1_185' title='bbox 388 2809 550 2871; x_wconf 83' lang='lat' dir='ltr'>illustrare.</span> <span class='ocrx_word' id='word_1_186' title='bbox 574 2807 648 2884; x_wconf 84' lang='lat' dir='ltr'>Ait,</span> <span class='ocrx_word' id='word_1_187' title='bbox 671 2808 863 2868; x_wconf 71' lang='lat' dir='ltr'>hatisst&#39;nrom</span> <span class='ocrx_word' id='word_1_188' title='bbox 882 2809 1008 2891; x_wconf 76' lang='lat' dir='ltr'>principi</span> <span class='ocrx_word' id='word_1_189' title='bbox 1025 2809 1101 2869; x_wconf 81' lang='lat' dir='ltr'>butte</span> <span class='ocrx_word' id='word_1_190' title='bbox 1118 2811 1233 2870; x_wconf 73' lang='lat' dir='ltr'>cadem.</span> <span class='ocrx_word' id='word_1_191' title='bbox 1256 2809 1393 2872; x_wconf 87' lang='lat' dir='ltr'>Jamdiu</span> 
     </span>
     <span class='ocr_line' id='line_1_24' title="bbox 314 2911 1394 2998; baseline 0 -20"><span class='ocrx_word' id='word_1_192' title='bbox 314 2915 397 2979; x_wconf 87' lang='lat' dir='ltr'>enim</span> <span class='ocrx_word' id='word_1_193' title='bbox 412 2913 594 2998; x_wconf 82' lang='lat' dir='ltr'>gravabatur</span> <span class='ocrx_word' id='word_1_194' title='bbox 610 2912 684 2976; x_wconf 90' lang='lat' dir='ltr'>boni</span> <span class='ocrx_word' id='word_1_195' title='bbox 703 2911 837 2994; x_wconf 88' lang='lat' dir='ltr'>rectique</span> <span class='ocrx_word' id='word_1_196' title='bbox 855 2912 935 2975; x_wconf 88' lang='lat' dir='ltr'>bunc</span> <span class='ocrx_word' id='word_1_197' title='bbox 959 2915 1138 2989; x_wconf 87' lang='lat' dir='ltr'>doctorem,</span> <span class='ocrx_word' id='word_1_198' title='bbox 1160 2929 1191 2977; x_wconf 92' lang='lat' dir='ltr'>et</span> <span class='ocrx_word' id='word_1_199' title='bbox 1208 2916 1394 2978; x_wconf 79' lang='lat' dir='ltr'>reverentiae</span> 
     </span>
     <span class='ocr_line' id='line_1_25' title="bbox 311 3019 1394 3102; baseline 0.001 -18"><span class='ocrx_word' id='word_1_200' title='bbox 311 3023 387 3086; x_wconf 91' lang='lat' dir='ltr'>illud</span> <span class='ocrx_word' id='word_1_201' title='bbox 406 3023 531 3084; x_wconf 81' lang='lat' dir='ltr'>lraenum</span> <span class='ocrx_word' id='word_1_202' title='bbox 551 3023 656 3102; x_wconf 93' lang='lat' dir='ltr'>(qnod</span> <span class='ocrx_word' id='word_1_203' title='bbox 673 3019 724 3082; x_wconf 81' lang='lat' dir='ltr'>vel</span> <span class='ocrx_word' id='word_1_204' title='bbox 744 3019 837 3082; x_wconf 85' lang='lat' dir='ltr'>invito</span> <span class='ocrx_word' id='word_1_205' title='bbox 858 3019 1048 3099; x_wconf 70' lang='lat' dir='ltr'>inherebat)</span> <span class='ocrx_word' id='word_1_206' title='bbox 1061 3023 1157 3085; x_wconf 88' lang='lat' dir='ltr'>semel</span> <span class='ocrx_word' id='word_1_207' title='bbox 1175 3037 1314 3086; x_wconf 84' lang='lat' dir='ltr'>excutere</span> <span class='ocrx_word' id='word_1_208' title='bbox 1332 3045 1394 3086; x_wconf 83' lang='lat' dir='ltr'>vo-</span> 
     </span>
     <span class='ocr_line' id='line_1_26' title="bbox 313 3124 1395 3212; baseline -0.001 -20"><span class='ocrx_word' id='word_1_209' title='bbox 313 3131 392 3207; x_wconf 93' lang='lat' dir='ltr'>luit,</span> <span class='ocrx_word' id='word_1_210' title='bbox 421 3151 458 3190; x_wconf 92' lang='lat' dir='ltr'>eo</span> <span class='ocrx_word' id='word_1_211' title='bbox 487 3127 614 3190; x_wconf 86' lang='lat' dir='ltr'>sublato.</span> <span class='ocrx_word' id='word_1_212' title='bbox 631 3125 750 3187; x_wconf 81' lang='lat' dir='ltr'>Tamen</span> <span class='ocrx_word' id='word_1_213' title='bbox 774 3124 862 3187; x_wconf 90' lang='lat' dir='ltr'>aliter</span> <span class='ocrx_word' id='word_1_214' title='bbox 883 3127 1053 3208; x_wconf 82' lang='lat' dir='ltr'>juraverat,</span> <span class='ocrx_word' id='word_1_215' title='bbox 1083 3140 1116 3189; x_wconf 86' lang='lat' dir='ltr'>ut</span> <span class='ocrx_word' id='word_1_216' title='bbox 1135 3125 1296 3190; x_wconf 85' lang='lat' dir='ltr'>Suetonius</span> <span class='ocrx_word' id='word_1_217' title='bbox 1312 3151 1395 3212; x_wconf 87' lang='lat' dir='ltr'>pro-</span> 
     </span>
     <span class='ocr_line' id='line_1_27' title="bbox 310 3231 1392 3317; baseline -0.004 -18"><span class='ocrx_word' id='word_1_218' title='bbox 310 3237 409 3300; x_wconf 88' lang='lat' dir='ltr'>didit:</span> <span class='ocrx_word' id='word_1_219' title='bbox 428 3263 443 3288; x_wconf 77' lang='grc' dir='ltr'>«ι</span> <span class='ocrx_word' id='word_1_220' title='bbox 461 3231 625 3308; x_wconf 87' lang='lat' dir='ltr'>Senecam,</span> <span class='ocrx_word' id='word_1_221' title='bbox 649 3231 765 3312; x_wconf 86' lang='lat' dir='ltr'>inquit,</span> <span class='ocrx_word' id='word_1_222' title='bbox 789 3244 1007 3314; x_wconf 72' lang='lat' dir='ltr'>preceptorem</span> <span class='ocrx_word' id='word_1_223' title='bbox 1028 3235 1067 3296; x_wconf 87' lang='lat' dir='ltr'>ad</span> <span class='ocrx_word' id='word_1_224' title='bbox 1086 3253 1195 3296; x_wconf 89' lang='lat' dir='ltr'>necem</span> <span class='ocrx_word' id='word_1_225' title='bbox 1215 3235 1392 3317; x_wconf 86' lang='lat' dir='ltr'>compulit,</span> 
     </span>
     <span class='ocr_line' id='line_1_28' title="bbox 310 3337 1397 3424; baseline -0.016 -19"><span class='ocrx_word' id='word_1_226' title='bbox 310 3340 447 3424; x_wconf 83' lang='lat' dir='ltr'>quamvis</span> <span class='ocrx_word' id='word_1_227' title='bbox 461 3398 464 3404; x_wconf 83' lang='lat'>.</span> <span class='ocrx_word' id='word_1_228' title='bbox 477 3359 555 3422; x_wconf 81' lang='lat' dir='ltr'>saepe</span> <span class='ocrx_word' id='word_1_229' title='bbox 587 3339 792 3400; x_wconf 85' lang='lat' dir='ltr'>commeatum</span> <span class='ocrx_word' id='word_1_230' title='bbox 812 3337 947 3420; x_wconf 86' lang='lat' dir='ltr'>petenti,</span> <span class='ocrx_word' id='word_1_231' title='bbox 973 3337 1120 3420; x_wconf 83' lang='lat' dir='ltr'>bonisque</span> <span class='ocrx_word' id='word_1_232' title='bbox 1144 3340 1281 3417; x_wconf 87' lang='lat' dir='ltr'>cedenti,</span> <span class='ocrx_word' id='word_1_233' title='bbox 1314 3363 1397 3424; x_wconf 67' lang='lat' dir='ltr'>per.</span> 
     </span>
     <span class='ocr_line' id='line_1_29' title="bbox 311 3443 1394 3530; baseline -0.004 -18"><span class='ocrx_word' id='word_1_234' title='bbox 311 3462 412 3512; x_wconf 88' lang='lat' dir='ltr'>sancte</span> <span class='ocrx_word' id='word_1_235' title='bbox 436 3447 587 3530; x_wconf 86' lang='lat' dir='ltr'>jurasset,</span> <span class='ocrx_word' id='word_1_236' title='bbox 608 3455 779 3527; x_wconf 85' lang='lat' dir='ltr'>suspectum</span> <span class='ocrx_word' id='word_1_237' title='bbox 796 3463 828 3505; x_wconf 94' lang='lat' dir='ltr'>se</span> <span class='ocrx_word' id='word_1_238' title='bbox 849 3443 982 3520; x_wconf 84' lang='lat' dir='ltr'>frustra,</span> <span class='ocrx_word' id='word_1_239' title='bbox 1008 3445 1234 3527; x_wconf 85' lang='lat' dir='ltr'>periturumque</span> <span class='ocrx_word' id='word_1_240' title='bbox 1257 3447 1394 3530; x_wconf 88' lang='lat' dir='ltr'>potius,</span> 
     </span>
     <span class='ocr_line' id='line_1_30' title="bbox 310 3548 1394 3637; baseline -0.003 -19"><span class='ocrx_word' id='word_1_241' title='bbox 310 3577 401 3637; x_wconf 86' lang='lat' dir='ltr'>quam</span> <span class='ocrx_word' id='word_1_242' title='bbox 421 3552 596 3616; x_wconf 87' lang='lat' dir='ltr'>nociturum</span> <span class='ocrx_word' id='word_1_243' title='bbox 612 3550 652 3612; x_wconf 87' lang='lat' dir='ltr'>ei.</span> <span class='ocrx_word' id='word_1_244' title='bbox 666 3577 687 3620; x_wconf 69' lang='lat' dir='ltr'>e,</span> <span class='ocrx_word' id='word_1_245' title='bbox 696 3548 839 3622; x_wconf 79' lang='lat' dir='ltr'>duravit,</span> <span class='ocrx_word' id='word_1_246' title='bbox 857 3549 888 3612; x_wconf 93' lang='lat' dir='ltr'>id</span> <span class='ocrx_word' id='word_1_247' title='bbox 903 3561 948 3612; x_wconf 89' lang='lat' dir='ltr'>est</span> <span class='ocrx_word' id='word_1_248' title='bbox 958 3548 1045 3613; x_wconf 83' lang='lat' dir='ltr'>Deos</span> <span class='ocrx_word' id='word_1_249' title='bbox 1059 3573 1178 3632; x_wconf 88' lang='lat' dir='ltr'>qnoque</span> <span class='ocrx_word' id='word_1_250' title='bbox 1192 3552 1294 3614; x_wconf 86' lang='lat' dir='ltr'>illusit.</span> <span class='ocrx_word' id='word_1_251' title='bbox 1307 3553 1394 3632; x_wconf 76' lang='lat' dir='ltr'>Ait,</span> 
     </span>
     <span class='ocr_line' id='line_1_31' title="bbox 311 3655 1397 3745; baseline -0.001 -23"><span class='ocrx_word' id='word_1_252' title='bbox 311 3661 433 3745; x_wconf 81' lang='lat' dir='ltr'>Quando</span> <span class='ocrx_word' id='word_1_253' title='bbox 446 3679 586 3720; x_wconf 71' lang='lat' dir='ltr'>venenum</span> <span class='ocrx_word' id='word_1_254' title='bbox 600 3679 656 3718; x_wconf 85' lang='lat' dir='ltr'>non</span> <span class='ocrx_word' id='word_1_255' title='bbox 674 3665 859 3737; x_wconf 78' lang='lat' dir='ltr'>processerat</span> <span class='ocrx_word' id='word_1_256' title='bbox 870 3655 1054 3718; x_wconf 81' lang='lat' dir='ltr'>Tentaverat</span> <span class='ocrx_word' id='word_1_257' title='bbox 1070 3658 1172 3727; x_wconf 80' lang='lat' dir='ltr'>enim,</span> <span class='ocrx_word' id='word_1_258' title='bbox 1195 3658 1282 3720; x_wconf 84' lang='lat' dir='ltr'>etita</span> <span class='ocrx_word' id='word_1_259' title='bbox 1301 3657 1397 3721; x_wconf 86' lang='lat' dir='ltr'>idem</span> 
     </span>
     <span class='ocr_line' id='line_1_32' title="bbox 310 3760 1400 3846; baseline 0 -18"><span class='ocrx_word' id='word_1_260' title='bbox 310 3765 433 3828; x_wconf 88' lang='lat' dir='ltr'>Tacitus</span> <span class='ocrx_word' id='word_1_261' title='bbox 454 3783 545 3846; x_wconf 89' lang='lat' dir='ltr'>supra</span> <span class='ocrx_word' id='word_1_262' title='bbox 572 3760 856 3842; x_wconf 86' lang='lat' dir='ltr'>(eodemlibro):</span> <span class='ocrx_word' id='word_1_263' title='bbox 879 3787 895 3816; x_wconf 82' lang='lat' dir='ltr'>u</span> <span class='ocrx_word' id='word_1_264' title='bbox 913 3760 1080 3824; x_wconf 88' lang='lat' dir='ltr'>Tradidere</span> <span class='ocrx_word' id='word_1_265' title='bbox 1109 3763 1260 3845; x_wconf 63' lang='lat' dir='ltr'>qnidam</span> <span class='ocrx_word' id='word_1_266' title='bbox 1287 3786 1400 3829; x_wconf 81' lang='lat' dir='ltr'>rene-</span> 
     </span>
     <span class='ocr_line' id='line_1_33' title="bbox 309 3867 1399 3954; baseline 0.001 -20"><span class='ocrx_word' id='word_1_267' title='bbox 309 3891 383 3934; x_wconf 88' lang='lat' dir='ltr'>num</span> <span class='ocrx_word' id='word_1_268' title='bbox 409 3867 531 3932; x_wconf 68' lang='lat' dir='ltr'>&amp;necat</span> <span class='ocrx_word' id='word_1_269' title='bbox 556 3889 614 3950; x_wconf 90' lang='lat' dir='ltr'>per</span> <span class='ocrx_word' id='word_1_270' title='bbox 637 3867 781 3932; x_wconf 87' lang='lat' dir='ltr'>libertum</span> <span class='ocrx_word' id='word_1_271' title='bbox 801 3867 894 3951; x_wconf 89' lang='lat' dir='ltr'>ipsius</span> <span class='ocrx_word' id='word_1_272' title='bbox 916 3867 1093 3932; x_wconf 85' lang='lat' dir='ltr'>Cleonicmu</span> <span class='ocrx_word' id='word_1_273' title='bbox 1113 3885 1274 3953; x_wconf 87' lang='lat' dir='ltr'>paratum,</span> <span class='ocrx_word' id='word_1_274' title='bbox 1300 3873 1399 3954; x_wconf 85' lang='lat' dir='ltr'>jussu</span> 
     </span>
     <span class='ocr_line' id='line_1_34' title="bbox 310 3971 1399 4062; baseline 0.001 -22"><span class='ocrx_word' id='word_1_275' title='bbox 310 3976 464 4048; x_wconf 69' lang='lat' dir='ltr'>Neronist</span> <span class='ocrx_word' id='word_1_276' title='bbox 489 3973 672 4056; x_wconf 84' lang='lat' dir='ltr'>vitatumque</span> <span class='ocrx_word' id='word_1_277' title='bbox 696 3995 715 4035; x_wconf 89' lang='lat' dir='ltr'>a</span> <span class='ocrx_word' id='word_1_278' title='bbox 736 3971 874 4048; x_wconf 86' lang='lat' dir='ltr'>Seneca,</span> <span class='ocrx_word' id='word_1_279' title='bbox 891 3975 1062 4058; x_wconf 90' lang='lat' dir='ltr'>proditione</span> <span class='ocrx_word' id='word_1_280' title='bbox 1088 3975 1210 4053; x_wconf 87' lang='lat' dir='ltr'>liberti,</span> <span class='ocrx_word' id='word_1_281' title='bbox 1236 3999 1288 4039; x_wconf 88' lang='lat' dir='ltr'>seu</span> <span class='ocrx_word' id='word_1_282' title='bbox 1313 4001 1399 4062; x_wconf 87' lang='lat' dir='ltr'>pro-</span> 
     </span>
     <span class='ocr_line' id='line_1_35' title="bbox 308 4079 1397 4167; baseline 0.001 -20"><span class='ocrx_word' id='word_1_283' title='bbox 308 4084 375 4167; x_wconf 84' lang='lat' dir='ltr'>pria</span> <span class='ocrx_word' id='word_1_284' title='bbox 392 4081 571 4156; x_wconf 85' lang='lat' dir='ltr'>iorntidine,</span> <span class='ocrx_word' id='word_1_285' title='bbox 599 4083 671 4142; x_wconf 88' lang='lat' dir='ltr'>dum</span> <span class='ocrx_word' id='word_1_286' title='bbox 685 4079 817 4162; x_wconf 87' lang='lat' dir='ltr'>simplici</span> <span class='ocrx_word' id='word_1_287' title='bbox 836 4080 932 4158; x_wconf 66' lang='lat' dir='ltr'>metu,</span> <span class='ocrx_word' id='word_1_288' title='bbox 951 4095 982 4143; x_wconf 94' lang='lat' dir='ltr'>et</span> <span class='ocrx_word' id='word_1_289' title='bbox 1002 4082 1168 4165; x_wconf 80' lang='lat' dir='ltr'>agrestibus</span> <span class='ocrx_word' id='word_1_290' title='bbox 1184 4084 1305 4166; x_wconf 86' lang='lat' dir='ltr'>pomis,</span> <span class='ocrx_word' id='word_1_291' title='bbox 1329 4106 1397 4164; x_wconf 85' lang='lat' dir='ltr'>ac,</span> 
     </span>
     <span class='ocr_line' id='line_1_36' title="bbox 310 4183 1400 4276; baseline 0.004 -25"><span class='ocrx_word' id='word_1_292' title='bbox 310 4191 335 4251; x_wconf 89' lang='lat' dir='ltr'>si</span> <span class='ocrx_word' id='word_1_293' title='bbox 359 4188 423 4250; x_wconf 87' lang='lat' dir='ltr'>sitis</span> <span class='ocrx_word' id='word_1_294' title='bbox 447 4189 644 4258; x_wconf 84' lang='lat' dir='ltr'>admoneret,</span> <span class='ocrx_word' id='word_1_295' title='bbox 668 4183 839 4271; x_wconf 86' lang='lat' dir='ltr'>profluente</span> <span class='ocrx_word' id='word_1_296' title='bbox 867 4207 944 4268; x_wconf 90' lang='lat' dir='ltr'>aqua</span> <span class='ocrx_word' id='word_1_297' title='bbox 973 4187 1066 4250; x_wconf 86' lang='lat' dir='ltr'>vitam</span> <span class='ocrx_word' id='word_1_298' title='bbox 1091 4189 1247 4252; x_wconf 76' lang='lat' dir='ltr'>tolerat.»</span> <span class='ocrx_word' id='word_1_299' title='bbox 1273 4187 1400 4276; x_wconf 86' lang='lat' dir='ltr'>Pergit.</span> 
     </span>
     <span class='ocr_line' id='line_1_37' title="bbox 309 4291 1401 4378; baseline 0.002 -20"><span class='ocrx_word' id='word_1_300' title='bbox 309 4297 357 4358; x_wconf 85' lang='lat' dir='ltr'>An</span> <span class='ocrx_word' id='word_1_301' title='bbox 382 4294 520 4374; x_wconf 75' lang='lat' dir='ltr'>prudens.</span> <span class='ocrx_word' id='word_1_302' title='bbox 545 4291 641 4374; x_wconf 81' lang='lat' dir='ltr'>Quasi</span> <span class='ocrx_word' id='word_1_303' title='bbox 667 4315 778 4378; x_wconf 82' lang='lat' dir='ltr'>gnarus</span> <span class='ocrx_word' id='word_1_304' title='bbox 808 4294 1052 4378; x_wconf 87' lang='lat' dir='ltr'>conjurationis,</span> <span class='ocrx_word' id='word_1_305' title='bbox 1081 4309 1111 4358; x_wconf 89' lang='lat' dir='ltr'>et</span> <span class='ocrx_word' id='word_1_306' title='bbox 1131 4296 1192 4360; x_wconf 86' lang='lat' dir='ltr'>diei</span> <span class='ocrx_word' id='word_1_307' title='bbox 1223 4296 1401 4362; x_wconf 83' lang='lat' dir='ltr'>destinatae.</span> 
     </span>
    </p>
   </div>
   <div class='ocr_carea' id='block_1_3' title="bbox 0 0 1474 4956">
    <p class='ocr_par' dir='ltr' id='par_1_4' title="bbox 0 0 1474 4956">
     <span class='ocr_line' id='line_1_38' title="bbox 0 0 1474 4956; baseline 0 0"><span class='ocrx_word' id='word_1_308' title='bbox 0 0 1474 4956; x_wconf 95' lang='lat' dir='ltr'> </span> 
     </span>
    </p>
   </div>
  </div>
 </body>
</html>
