2910 4954
356 413 417 498 146
794 417 861 485 DE
887 417 978 487 lita

348 543 438 610 inter
455 542 598 611 verbera
618 558 653 609 et
671 541 821 612 flammas
841 543 974 625 divisit,
996 545 1096 613 homo
1120 545 1180 637 qui
1207 543 1251 612 de
1276 559 1344 613 toto
1361 570 1404 613 se·

347 672 429 724 natu
455 656 656 726 trucidando
685 659 879 751 cogitabat,
916 661 978 752 qui
1006 659 1179 752 optabat¹,
1211 676 1249 728 ut
1274 661 1405 754 populns

346 795 503 840 romanus
521 797 622 841 unam
638 775 805 844 cervicem
819 775 962 844 haberet
976 825 986 858 ,
1003 787 1042 844 ut
1055 775 1185 845 scelera
1197 801 1260 844 sua
1274 792 1322 845 tot
1336 777 1405 844 locis

344 911 385 956 ac
410 889 617 980 temporibus
644 889 803 973 diducta,
829 891 866 958 in
890 915 996 958 unum
1015 892 1120 959 ictum
1147 908 1182 960 et
1202 917 1308 960 unum
1327 891 1404 958 dieu

305 1035 320 1068 ι
344 1001 499 1100 cogeret!
519 1005 615 1098 Quid
634 1021 701 1073 tam
722 1005 912 1074 inauditum
934 1030 1036 1098 quam
1058 1021 1261 1076 nocturnum
1285 1007 1404 1100 suppli·

343 1119 432 1187 oium
448 1120 463 1186 t
480 1142 585 1211 quum
604 1119 782 1188 latrocinia
807 1121 965 1189 tenebris*
976 1121 1139 1190 abscondi
1165 1122 1320 1208 soleant3
1339 1124 1403 1190 ani-

343 1233 618 1315 madversioues‚
647 1259 715 1326 quo
744 1235 897 1303 notiores
920 1253 1023 1319 sunt,
1050 1239 1128 1330 plus
1153 1237 1197 1304 ad
1224 1239 1403 1330 exemplum

343 1348 683 1441 emendationemque
699 1351 895 1443 proficiunt.
918 1353 960 1419 Et
979 1351 1134 1421 hocloco
1154 1353 1404 1445 respondebitur

342 1467 424 1535 mihi
443 1467 572 1559 :Quod
591 1484 767 1562 tantopere
783 1469 1001 1553 admiraris²‚
1024 1474 1079 1540 isti
1099 1472 1222 1541 belluas
1243 1473 1402 1565 quotidia-

341 1607 421 1652 num
435 1601 507 1668 est3
523 1584 566 1652 ad
580 1585 645 1654 hoc
658 1585 763 1667 vivit,
778 1584 823 1652 ad
838 1586 903 1654 hoo
916 1585 1054 1678 vigilat,
1075 1585 1121 1655 ad
1134 1579 1223 1654 hoc³
1240 1586 1399 1656 lucubrat.

340 1701 447 1768 Nemo
472 1713 565 1766 certe
592 1699 785 1766 invenietur
806 1699 916 1784 alius,
942 1703 1001 1791 qui
1026 1703 1247 1794 imperaverit
1273 1703 1346 1782 his,
1373 1701 1402 1765 in

341 1839 425 1906 quos
447 1812 673 1883 animadverti
691 1813 854 1907 jubebat,
878 1839 915 1884 os
933 1818 1061 1884 inserta
1083 1819 1226 1911 spongia
1253 1815 1401 1894 includi,

226 1974 228 1984 ·
299 1943 384 2000 sne
408 1932 498 2001 vocis
525 1929 719 1999 eminendae
744 1931 912 2000 habereut
938 1931 1142 2001 facultatem.
1173 1935 1238 2002 Cui
1262 1955 1403 2026 unquam

340 2049 503 2116 morituro
526 2071 596 2115 non
619 2062 671 2114 est
694 2045 873 2130 relictum,
901 2072 969 2139 qua
995 2051 1174 2142 gemeret?
1192 2051 1346 2133 Timuit,
1367 2071 1403 2114 ne

337 2189 439 2257 quam
469 2163 666 2230 liberiorem
690 2185 807 2231 vocem
834 2177 1004 2232 extremus
1033 2164 1130 2234 dolor
1164 2168 1341 2246 mitteret,
1366 2188 1405 2230 ne

337 2280 439 2376 quid,
455 2280 547 2375 quod
564 2278 692 2362 nollet,
709 2277 855 2347 audiret.
872 2281 1006 2350 Sciebat
1018 2298 1131 2350 autem
1145 2282 1402 2353 innumerabilia

338 2423 411 2468 esse
439 2423 514 2490 quae
539 2397 689 2490 objicere
712 2395 763 2462 illi
790 2419 910 2478 nemo,
939 2396 1004 2464 nisi
1031 2398 1224 2490 periturus,
1251 2397 1402 2466 auderet.

196 2505 201 2515 ⁸
262 2609 264 2612 Ι
338 2516 454 2608 Quum
474 2517 629 2610 spongia
647 2537 717 2583 non
731 2511 988 2592 invenirentur,
1005 2511 1115 2579 scindi
1132 2513 1333 2582 vestimenta
1346 2512 1406 2580 mi-

336 2653 510 2711 serorum,
539 2645 573 2698 et
596 2630 632 2696 in
662 2653 698 2697 os
728 2625 843 2696 farciri
868 2647 999 2718 pannos
1024 2626 1213 2718 imperavit.
1237 2626 1327 2718 Qnae
1348 2628 1407 2692 ista

334 2749 462 2816 saevitia
484 2749 563 2816 est?
581 2747 683 2815 liceat
705 2745 860 2814 ultimum
884 2742 1042 2838 spiritum
1066 2737 1226 2810 trahere⁴
1247 2769 1255 2808 ε
1278 2743 1324 2810 da
1342 2742 1409 2810 exi-

335 2880 419 2932 turae
436 2864 573 2932 locum:
596 2863 697 2932 liceat
717 2861 809 2930 illam
829 2886 898 2929 non
918 2883 983 2954 per
999 2850 1148 2934 vulnus⁵
1168 2859 1341 2928 emittere.

296 2995 305 3028 ¹
383 2983 465 3050 XX.
488 2979 648 3073 Adjicere
666 2979 721 3050 his
738 2979 877 3072 longum
896 2995 964 3061 est,
990 2967 1109 3072 quod⁵
1132 2992 1246 3072 patres
1268 3000 1407 3068 quoque

334 3098 519 3165 occisorum
538 3095 656 3164 eadem
671 3109 791 3176 noete,
814 3094 961 3163 dimissis
973 3119 1037 3189 per
1055 3095 1170 3164 domos
1192 3094 1407 3162 centurioni-

332 3214 420 3294 bus,
437 3215 585 3282 confecit
601 3263 611 3295 ‚
631 3211 668 3280 id
688 3227 761 3293 est,
783 3211 884 3279 homo
907 3213 1099 3282 misericors
1116 3213 1211 3281 luctu
1231 3209 1403 3280 liberavit.

322 3332 410 3395 non
437 3329 527 3394 enim
551 3329 646 3395 Caiil
668 3327 849 3407 saevitiam,
876 3323 938 3392 sed
962 3325 1023 3394 irae
1046 3326 1170 3394 malum
1192 3328 1408 3420 propositum

258 3499 261 3506 '
368 3513 387 3544 ι.
416 3493 473 3564 Qui
500 3495 616 3563 optabat.
642 3494 715 3547 Idem
734 3503 841 3545 narrant
888 3502 948 3552 tur,
961 3509 1018 3563 qum
1037 3493 1139 3567 spiritns
1153 3493 1196 3546 via
1212 3495 1348 3568 praecipu·
1369 3507 1409 3548 est.

331 3571 437 3624 Sueten.
450 3571 504 3623 Gal.
516 3571 563 3634 30,
573 3570 626 3623 Dio
637 3569 787 3637 Casmil,
802 3570 840 3622 13.
922 3569 979 3622 XX.
988 3573 1058 3623 Atto.
1067 3571 1128 3624 Alia
1139 3573 1253 3646 exempla
1266 3574 1408 3628 iracundis

364 3671 387 3701 n.
421 3646 504 3718 Quod
531 3659 663 3715 tantopere
689 3649 841 3700 summus.
889 3645 1142 3722 erudelistinprimis
1154 3648 1304 3723 Cambysae.

331 3725 408 3794 Quod
426 3738 553 3798 stuporem
568 3725 615 3778 tibi
629 3737 727 3779 tantum
740 3724 839 3780 incutit.
921 3725 946 3777 6.
958 3725 1061 3797 Quodn
1071 3726 1158 3800 Lipsio
1166 3740 1209 3780 est.
1219 3733 1311 3782 Antea
1322 3749 1329 3782 :
1339 3741 1406 3799 quot.

362 3804 386 3856 3.
399 3805 539 3857 lucubrat.
552 3804 698 3857 Meditatur.
890 3822 964 3872 quos.

363 3884 386 3948 4.
394 3883 525 3936 Liceat...
535 3882 642 3936 trohen.
649 3881 728 3951 Quod
736 3881 840 3952 quidem
927 3901 948 3949 7.
961 3880 1022 3933 Non
1033 3885 1100 3934 enim
1115 3879 1181 3932 Cati
1193 3881 1232 3932 lta
1244 3896 1339 3937 sutem
1354 3883 1407 3935 iio-

329 3959 386 4013 lisri
398 3960 519 4031 nequibat
536 3960 627 4031 pannis
646 3959 674 4010 in
689 3979 717 4012 os
733 3959 841 4012 insertis.
889 3971 940 4010 stro
958 3959 1113 4031 propositum
1130 3971 1167 4010 est
1178 3959 1225 4010 irre
1241 3961 1350 4015 malurn
1364 3961 1408 4012 de-

333 4041 447 4092 deere
457 4050 493 4092 est
502 4038 583 4110 Lipsii
599 4038 743 4110 conjecturs
751 4079 758 4103 ‚
772 4037 840 4091 hand
888 4037 996 4089 seribere
1003 4075 1011 4103 ‚
1018 4050 1049 4089 ut
1057 4036 1117 4089 inde
1125 4037 1239 4101 elucent,
1249 4055 1405 4115 quantopere

329 4115 467 4190 probanda.
583 4158 592 4176 .
888 4115 957 4167 utilis
967 4115 1000 4168 sit
1014 4116 1058 4168 ire
1069 4115 1231 4170 continentia
1251 4133 1280 4172 et
1299 4121 1361 4192 ipsis
1374 4140 1405 4172 re

362 4197 385 4246 5.
401 4193 461 4246 Νοιι
473 4191 642 4262 persultans.
663 4193 712 4246 Per
737 4214 764 4245 os
783 4192 838 4266 igi·
888 4193 970 4267 gibus.
984 4194 1023 4248 Cf.
1038 4193 1099 4247 ibid.
1110 4213 1163 4268 esp.
1181 4195 1219 4247 rb.
