2896 4954
400 479 559 549 LIBER
582 483 619 566 l,
646 485 754 552 CAP.
781 481 864 549 XV.
1098 499 1164 567 ²²9

98 621 203 686 taret,
224 612 306 700 quin
327 612 545 678 censuerim
565 610 742 678 damnatus
761 625 872 688 esset,
897 631 998 698 quem
1026 607 1054 674 is
1067 595 1166 698 pater

98 720 260 793 &muare
268 727 447 818 potuisset,
466 715 721 818 quiodissenon
731 735 876 819 poterat.
891 728 963 792 Hoc
973 725 1046 814 ipso
1057 745 1166 790 exem·
1190 743 1205 774 ²

98 837 156 926 plo
176 838 284 924 dabo,
302 865 402 933 quem
423 865 598 934 compares
612 843 701 912 buno
715 844 804 936 patri
818 843 943 910 bonum
955 839 1161 930 Principem.

98 953 307 1046 Cogniturus
329 960 337 991 ¹
358 954 400 1022 de
421 955 492 1023 lilio
518 951 566 1024 TI
587 955 709 1039 Arius,
731 956 909 1026 advocavit
929 955 965 1022 in
987 953 1166 1022 consilium
1228 995 1230 1000 .

100 1067 269 1136 Caesarem
280 1067 482 1161 Augustum.
497 1072 598 1138 Venit
609 1077 620 1104 ²
633 1075 670 1138 in
683 1075 832 1166 privatos
846 1085 1004 1164 penates,
1020 1066 1163 1149 assedit,

99 1207 182 1274 pars
199 1185 302 1254 alieni
320 1186 450 1254 consilii
468 1187 544 1254 luit.
567 1189 641 1255 Non
660 1187 745 1257 dixit
760 1217 769 1274 ς
788 1217 802 1254 u
818 1192 925 1257 lmmo
939 1187 973 1253 in
988 1209 1094 1253 meam
1107 1184 1169 1252 do-

98 1325 194 1368 mum
202 1283 346 1370 veniatis
364 1329 372 1368 ι
392 1301 485 1394 quod
502 1305 530 1372 si
547 1304 669 1372 factum
688 1322 795 1386 esset,
811 1304 953 1374 Caesaris
967 1303 1080 1370 lutura
1094 1316 1167 1368 erat

96 1417 261 1507 cognitio,
277 1439 346 1483 non
356 1418 475 1508 patris.
488 1415 614 1484 Audita
623 1441 735 1501 causa,
752 1419 967 1508 excussisque
979 1407 1163 1495 'omnibus,
1191 1423 1208 1474 ³

96 1547 131 1597 et
150 1531 301 1623 hisquae
318 1532 514 1600 adolescens
531 1557 594 1624 pro
606 1557 642 1600 se
658 1532 808 1614 dixerat,
839 1549 874 1602 et
894 1533 948 1600 his
969 1532 1094 1622 quibus
1111 1553 1167 1598 ar-

97 1645 271 1738 guebatur
282 1643 310 1729 ⁴,
324 1649 423 1740 petiit
432 1641 458 1729 ⁵,
469 1649 716 1716 utaententiam
727 1671 820 1716 suam
831 1648 976 1738 quisque
986 1643 1163 1725 scriberet,

95 1785 142 1828 ne
170 1784 210 1828 ea
233 1762 382 1829 omnium
410 1761 534 1841 lieret,
564 1786 640 1854 quae
668 1761 811 1830 Casaris
839 1761 958 1828 luisset
978 1755 1004 1826 ⁶.
1033 1757 1166 1827 Deinde

95 1875 527 1967 priusquamaperirentur
547 1874 729 1957 codicilli⁷,
743 1875 889 1968 juravit,
907 1897 942 1940 se
962 1874 1006 1941 T.
1022 1872 1096 1939 Arii
1110 1873 1168 1938 ho-

36 1985 42 2002 '
97 1987 204 2055 minis
222 1987 401 2080 locupletis
418 1986 651 2058 hereditatem
665 2011 733 2056 non
750 1987 923 2056 aditurum
942 1982 968 2050 ³.
986 1986 1085 2053 Dicet
1101 1984 1166 2052 ali-

96 2102 180 2194 quis
198 2127 205 2167 :
228 2101 350 2195 pusillo
368 2105 481 2171 animo
497 2104 635 2187 timuit,
646 2127 690 2172 ne
701 2101 876 2192 videretur
888 2099 999 2168 locum
1014 2101 1085 2192 spei
1099 2123 1168 2168 suae

94 2215 237 2306 aperire
253 2214 340 2284 velle
351 2214 412 2284 filii
422 2215 650 2284 damnatione.
669 2219 741 2308 Ego
752 2231 868 2284 contra
882 2215 1003 2282 sentio.
1013 2212 1168 2304 Quilibet
1194 2229 1210 2293 4

95 2346 254 2398 nostrum
268 2330 440 2400 debuisset
449 2332 610 2401 adversus
624 2333 800 2425 opiniones
811 2331 975 2424 malignas
987 2331 1067 2398 satis
1081 2329 1169 2399 fidu-

95 2447 159 2512 ciae
178 2443 308 2512 babere
329 2447 366 2512 in
385 2447 474 2513 bona
492 2447 696 2514 conscientia
713 2471 720 2512 :
738 2447 919 2538 Principes
928 2444 1033 2512 multa
1045 2443 1171 2511 debent

93 2563 202 2628 etiam
212 2561 308 2628 famae
318 2560 412 2630 dare.
427 2543 579 2646 Juravit,
602 2587 718 2630 senon
733 2562 905 2630 aditurum
921 2558 1166 2628 hereditatem.

93 2761 179 2814 causis
192 2761 289 2834 :primo
306 2763 409 2833 quidem
429 2764 463 2816 ob
480 2763 545 2816 hane
563 2764 625 2816 bit-¹
692 2765 715 2816 3.
726 2752 1042 2831 Excussisqueomur'dus.
1053 2764 1109 2816 Hoc
1118 2777 1170 2828 est,

93 2839 167 2891 mani
181 2839 279 2911 ingenii
297 2841 506 2892 consuetudinem
520 2841 548 2894 tit
565 2843 608 2893 sl·-
659 2841 690 2892 iis
707 2838 780 2893 rebus
799 2853 912 2893 accurate
930 2840 1093 2892 consideratis
1114 2857 1170 2912 qute

92 2917 179 2969 llietos
191 2935 395 2989 aemmnososque
408 2918 523 2970 homines
537 2919 611 2971 inno-
660 2919 691 2971 sd
706 2937 806 2972 causam
820 2916 985 2991 pertinebant

94 3007 183 3048 centes
195 2995 352 3066 judicemus3
370 3007 424 3048 tuin
436 2998 504 3066 quod
520 2997 610 3049 divites
694 2998 717 3063 4.
728 2995 902 3064 Arguebatur.
914 2993 1125 3048 Convincebatur.

93 3085 199 3124 tantum
220 3084 245 3124 et
270 3072 396 3144 elegantes
417 3073 466 3125 viri
493 3073 611 3127 Massiliae
694 3075 717 3124 5.
730 3072 818 3125 Petir't.
830 3073 886 3144 lpse
900 3071 992 3124 Caesar.
1003 3071 1065 3138 Alii,
1075 3079 1147 3139 petit.

94 3151 281 3223 relegarentur.
291 3151 356 3218 Quis
364 3152 432 3204 enim
443 3173 491 3224 pau
509 3173 536 3206 er
546 3152 611 3205 hanc
693 3150 718 3201 6.
730 3149 772 3202 Ne
779 3169 811 3202 ea
822 3151 1036 3219 omniumfieret,
1049 3171 1108 3220 quse
1119 3153 1170 3204 Cn-

94 3229 121 3280 in
139 3229 235 3280 urbem
247 3229 391 3301 migrasset,
404 3230 448 3282 ulti
461 3232 521 3284 vitra
535 3232 611 3284 etiam
662 3234 732 3284 turis
739 3231 848 3302 suisset.
866 3231 1074 3283 Nesdulatiunis
1093 3243 1171 3283 certa·

93 3325 196 3378 magno
208 3305 377 3358 constabant?
389 3309 495 3378 etquis,
508 3309 556 3363 uisi
566 3310 612 3362 (li-
662 3309 730 3360 mine
742 3309 768 3361 id
783 3329 871 3362 omnes
882 3308 926 3360 alii
942 3321 1085 3370 censerent,
1101 3310 1168 3379 quod

93 3403 138 3436 ves
151 3424 158 3444 ,
173 3398 232 3458 post
245 3384 326 3436 multa
342 3385 443 3438 sceleste
459 3389 612 3462 turpiterque
662 3387 713 3458 ipse
727 3385 811 3438 Caesar
821 3386 962 3439 censuisset.

91 3464 226 3528 admissa,
239 3463 266 3515 id
277 3463 473 3536 impetravisset,
487 3479 516 3518 nt
527 3468 555 3519 in
566 3487 611 3520 vo·
694 3483 716 3526 7.
730 3463 901 3532 Aperirentur
912 3465 1030 3516 codicilli.
1044 3463 1101 3516 llos
1118 3476 1169 3525 est,

91 3540 238 3614 lnptuarias
259 3542 367 3606 domos,
389 3544 493 3596 nomine
513 3545 608 3606 exsilii,
660 3563 749 3596 urnam
768 3545 796 3596 in
814 3565 891 3616 quarn
908 3543 1037 3596 codicillos
1050 3543 1171 3614 conjece-

90 3619 262 3676 mitteretur?
660 3633 723 3673 rant
737 3621 855 3674 Codieilli
865 3633 948 3674 autern
955 3633 1015 3672 sunt
1024 3621 1169 3694 pugillares,

128 3719 150 3752 ι.
166 3699 334 3766 θοριίὴιηιε.
345 3701 503 3754 Sententiam
516 3703 610 3756 latum
660 3699 790 3770 inquibus
808 3699 958 3751 sententiam
976 3698 1082 3769 quisque
1099 3719 1170 3751 suam

91 3789 146 3829 erat
160 3795 167 3828 :
181 3796 242 3828 nam
259 3789 359 3849 propter
379 3779 484 3851 patriam
506 3793 610 3851 potesta·
660 3778 847 3852 conscripserat„
857 3781 1033 3851 Ergonpert're
1041 3781 1172 3833 codicillos

90 3870 144 3908 tem
170 3867 226 3907 erat
260 3857 353 3908 rivatus
371 3856 484 3909 liliorum
502 3859 612 3929 inderet
661 3857 728 3909 idem
747 3858 798 3909 sere
815 3857 932 3928 estquod
948 3857 1021 3909 nobis
1032 3860 1175 3924 &boteilles-

90 3951 195 3984 eensor.
210 3935 230 3983 t
282 3932 337 3985 ibus
348 3935 507 4009 congregatis
519 3950 543 3988 et
557 3936 611 3990 (1ο-
660 3936 700 3985 ler
713 3933 850 4006 suffrages.

89 4031 179 4062 sarem
193 4010 333 4062 advocarit.
678 4007 717 4062 '8.
729 4009 880 4063 lamone...
896 4013 1039 4078 aditurum.
1052 4013 1171 4066 Prtecsvit

127 4109 151 4140 n.
177 4089 263 4140 Venit.
284 4088 330 4141 llle
349 4109 439 4162 nempe
458 4130 464 4155 ‚
485 4092 612 4163 Augustus
662 4090 807 4160 itaque,ne
819 4091 874 4162 quis
886 4079 1012 4157 crederet,
1025 4091 1106 4165 ipsum
1118 4089 1173 4143 hae—

91 4168 167 4220 hand
178 4167 247 4218 infra
260 4167 412 4236 majestatem
425 4184 508 4228 suam,
518 4167 612 4220 ratussi
662 4167 772 4219 rediistis
784 4181 827 4242 spe
837 4169 986 4222 sententiam
997 4189 1067 4222 suam
1078 4171 1170 4223 tulisse.

92 4244 120 4295 in
134 4243 238 4313 privata
248 4242 325 4294 darno
336 4242 465 4312 judicaret.
662 4244 763 4297 Morem
772 4245 847 4316 hujus
855 4248 938 4300 saeculi
949 4289 955 4304 ,
969 4263 996 4300 ut
1005 4249 1069 4310 orbi,
1078 4261 1119 4302 ant
1128 4249 1173 4319 qui
