2930 4956
300 437 379 520 xviij
552 433 620 501 DE
645 436 772 506 vlTs
796 435 864 504 ET
889 437 1128 507 SCRIPTIS

299 597 409 638 narum
424 598 432 636 ε
448 589 536 658 etque
553 579 630 640 adeo
645 579 778 662 primam
790 578 869 642 bsnc
880 578 912 640 in
923 599 960 640 es
974 579 1042 642 locs
1055 579 1207 643 coloniam
1219 577 1363 640 miserunt

239 685 244 694 “
299 682 473 746 Romani.»
490 683 591 759 Nota,
613 687 651 748 tle
673 688 800 748 Selectis.
820 685 863 748 lu
885 687 968 750 enlm
986 686 1043 748 tuit
1063 708 1184 768 :eoque
1201 685 1364 748 obtinuisse

297 803 402 874 postes
410 793 543 866 credam,
555 805 588 854 ut
597 795 707 854 colaria
714 792 1002 876 mendicentur.
1014 791 1127 856 Plinius
1136 806 1239 878 aperte
1251 817 1258 852 ε
1269 789 1364 855 «Cor-

297 897 399 970 duba,
417 898 536 960 colonis
557 899 683 983 patricie
706 900 928 984 cognominata.
944 929 959 954 ι·
975 897 1064 980 (Lib.
1084 898 1151 978 III,
1169 922 1196 962 c.
1212 901 1260 977 ι.)
1274 897 1316 960 Et
1330 899 1362 959 in

294 1004 422 1088 Augusti
435 1006 586 1082 nummis,
605 1021 768 1068 seurssu.
783 1023 929 1068 cnssms.
941 1022 1085 1068 sucossi.
1095 1019 1184 1090 capnt
1196 1007 1259 1087 ejus
1273 1028 1281 1063 :
1297 1018 1361 1066 tum

293 1124 380 1194 psrte
393 1111 507 1186 altera,
526 1127 671 1173 conoms.
693 1127 851 1173 sermore.
865 1109 1021 1176 Cuititrrlo
1035 1133 1158 1176 causam
1176 1111 1290 1173 dedisse
1312 1130 1361 1171 sr-

294 1217 408 1292 bitror,
429 1219 511 1298 qnod
532 1217 688 1299 splendida
707 1231 737 1278 et
749 1219 852 1294 dives,
870 1233 972 1302 patres
991 1239 1028 1283 sc
1042 1231 1197 1281 senatores
1211 1219 1302 1278 etism
1314 1217 1361 1278 rei

293 1322 442 1387 Romana
457 1327 553 1388 deret.
563 1324 646 1388 Nam
658 1327 722 1408 jem
738 1326 866 1410 Augusti
883 1348 968 1404 sevo,
985 1349 1021 1390 ex
1035 1325 1318 1412 provinciispassim
1328 1323 1362 1384 in

292 1439 429 1486 sensomr
443 1425 629 1509 legebantur.
649 1424 712 1488 Sed
725 1427 769 1488 sit
781 1440 812 1488 et
826 1425 953 1502 Strabo,
968 1430 1092 1510 prrirmm
1103 1428 1239 1486 ωΙοηίωη
1251 1447 1282 1484 eo
1292 1426 1362 1484 mb-

290 1554 354 1592 sum
367 1555 377 1590 :
388 1534 470 1612 quod
483 1545 568 1594 caute
582 1532 659 1615 lege.
674 1530 757 1593 Nam
768 1529 902 1608 Carteia,
915 1533 947 1594 in
959 1534 1067 1595 eudem
1076 1531 1188 1595 Baetics
1198 1577 1208 1608 ,
1218 1532 1281 1614 jam
1289 1542 1360 1592 ente

290 1637 411 1699 colonis
424 1638 568 1714 deducta,
582 1658 601 1698 a
613 1633 652 1699 L.
665 1633 815 1700 Canuleio
828 1649 958 1721 pretore
972 1661 980 1696 ε
994 1640 1048 1700 scd
1059 1637 1128 1720 quis
1139 1659 1175 1700 ex
1185 1658 1291 1721 peremi
1304 1636 1362 1697 ho-

289 1743 401 1818 nestis,
419 1743 627 1804 Liherrioomm
648 1742 800 1826 appellata
822 1743 887 1805 fuit.
903 1742 1002 1828 Leges
1021 1745 1052 1805 in
1067 1743 1155 1806 Livio
1167 1790 1176 1822 ,
1189 1745 1273 1806 initio
1286 1743 1361 1805 libri

289 1846 406 1910 XLIII.
420 1847 515 1912 'Iucri
528 1863 631 1912 tamen
641 1847 824 1912 Strabonem
835 1853 944 1934 possis,
956 1851 1084 1914 fortasse
1093 1865 1124 1914 et
1133 1851 1243 1913 debeas
1257 1873 1264 1910 :
1277 1853 1361 1932 quod

288 1975 351 2017 non
367 1954 452 2017 missi
466 1955 568 2018 coloni
581 1955 627 2016 illi
642 1952 744 2016 Iloms
757 1970 809 2018 sut
823 1978 859 2019 ex
874 1955 982 2034 ltalia,
998 1959 1052 2019 sed
1067 1956 1111 2018 ibi
1124 1957 1186 2018 usti
1205 1978 1242 2018 ex
1253 1955 1362 2018 militi·

289 2062 345 2124 bus
351 2060 501 2124 Romanis
515 2075 547 2122 et
561 2061 691 2124 leminis
704 2059 867 2145 Hispanis,
877 2063 1070 2146 permittente
1082 2061 1211 2141 Senatu,
1223 2062 1361 2148 bybridae

289 2170 338 2233 isti
351 2169 490 2232 libertate
502 2169 605 2231 donati
615 2170 692 2245 sint,
703 2169 774 2232 etin
784 2169 904 2232 colonis
915 2169 1063 2233 collocati.
1071 2169 1114 2232 At
1121 2168 1231 2232 Strabo
1239 2171 1360 2230 mosam

286 2280 410 2358 pnirrum
423 2278 532 2340 diserte
546 2274 673 2358 scripsit.
687 2272 767 2337 Satis
777 2278 814 2338 de
828 2272 973 2339 corduba
988 2290 1098 2358 :etque
1107 2275 1172 2340 brec
1182 2275 1361 2359 patriafutt.

329 2381 392 2466 Qui
417 2385 580 2468 parentes?
604 2381 633 2446 E
652 2397 740 2468 gente
764 2383 880 2444 Annua
900 2383 991 2448 luisse
1014 2383 1109 2465 liquet
1129 2408 1136 2444 ι
1153 2383 1225 2460 cui,
1248 2383 1362 2444 ominis

288 2511 398 2568 censs,
417 2490 456 2552 ab
477 2491 564 2552 annis
584 2490 702 2552 ridetur
726 2509 839 2568 nomen
854 2489 969 2552 lectum
985 2513 992 2550 ε
1009 2491 1228 2572 respondetque
1241 2509 1362 2572 cogno-

287 2619 360 2660 men
373 2599 503 2670 Seneca,
517 2597 590 2658 item
602 2597 717 2658 ominis
737 2596 818 2658 boni.
837 2592 884 2658 Its
900 2595 982 2658 enim
999 2583 1056 2680 ego
1070 2595 1180 2678 opinor
1192 2595 1293 2678 primo
1307 2595 1363 2656 in-

287 2704 382 2768 ditum
399 2727 407 2762 2
424 2701 478 2764 etsi
499 2701 653 2778 Isidorus,
674 2729 689 2755 ιι
707 2723 777 2762 eum
790 2703 842 2782 qui
862 2701 978 2786 primus
1000 2701 1042 2763 its
1058 2701 1153 2766 dictus
1169 2700 1224 2776 sit,
1247 2721 1362 2764 cenum

287 2809 379 2872 luisse
395 2822 499 2870 netum
512 2835 551 2883 u,
567 2806 738 2870 arbitretur.
751 2805 833 2868 Sene
849 2809 980 2882 Seneca,
998 2807 1047 2868 vel
1058 2819 1092 2868 ut
1104 2820 1239 2882 veteres,
1254 2807 1362 2868 Stoica

288 2921 349 2996 (est
359 2913 441 2976 enim
455 2915 573 2990 sSene,
587 2915 713 2991 Senias)
725 2919 853 2995 γερόντων
864 2913 1028 2997 significo,
1040 2927 1074 2976 ut
1080 2917 1203 2975 Senecio.
1209 2912 1362 2974 Videatur

288 3021 425 3097 Nonius,
439 3021 469 3082 in
485 3021 599 3082 Senica.
612 3019 720 3096 Addo,
736 3022 817 3101 quod
831 3021 862 3080 in
881 3020 940 3081 alie
957 3021 1049 3082 etism
1062 3034 1150 3104 gente
1161 3019 1281 3102 reperio
1297 3017 1362 3082 boc

289 3147 476 3210 cognomen,
492 3125 571 3186 utin
586 3126 697 3199 Acriis,
714 3125 814 3218 lapide
831 3125 932 3208 priseo
949 3149 957 3186 ι
975 3154 990 3180 α
1005 3123 1051 3188 Μ.
1065 3125 1169 3190 Accio.
1183 3123 1362 3188 senecen..

290 3235 408 3298 Manlio
420 3233 528 3298 Planta
541 3232 572 3294 Il
586 3234 639 3296 vir.
651 3231 763 3314 Quinq.
775 3261 790 3286 »ι
800 3230 885 3296 Sitne
893 3247 995 3296 sutem
1007 3234 1107 3317 stirpis
1122 3231 1264 3316 Hispana·
1282 3251 1361 3315 gens

288 3341 422 3417 Annm,
437 3359 477 3402 sn
492 3340 523 3400 in
537 3339 690 3402 coloniam
706 3359 747 3400 ex·
759 3337 848 3400 Italis
861 3341 973 3416 misse,
988 3339 1069 3402 bsud
1081 3338 1240 3402 adfirmem
1257 3361 1264 3394 ε
1280 3337 1362 3400 illud

289 3461 422 3522 tantum,
444 3459 615 3528 equestrem
635 3445 726 3506 etism
745 3445 846 3509 luisse.
869 3444 916 3508 lte
931 3443 1047 3509 Seneca
1063 3445 1128 3528 ipse
1148 3446 1186 3507 de
1207 3465 1258 3516 se,
1276 3445 1363 3526 apud

288 3551 429 3616 Tacitum
446 3576 453 3611 z
474 3579 489 3604 ιι
509 3547 615 3633 Egone
631 3551 763 3631 equestri
777 3563 807 3612 et
820 3551 997 3633 provinciali
1014 3551 1084 3614 loco
1098 3563 1197 3622 ortus,
1214 3549 1364 3633 proceri·-

290 3660 346 3723 bus
364 3658 490 3720 civitatis
503 3657 706 3718 ednurneror?
723 3659 802 3719 inter
815 3656 956 3731 nobiles,
973 3671 1003 3721 et
1015 3657 1106 3741 longa
1119 3659 1229 3720 decora
1244 3655 1356 3740 praeie-

288 3780 389 3828 rentes
398 3809 407 3840 ,
416 3764 608 3826 novitssmes
615 3763 719 3854 enituit
730 3765 742 3824 i
757 3791 772 3817 »
785 3761 868 3842 (Lib.
881 3761 986 3841 XIV.)
995 3761 1087 3824 Peter
1100 3762 1212 3845 igimr,
1227 3761 1361 3826 sortasse

290 3885 320 3934 et
333 3889 421 3948 avos,
439 3871 518 3932 inter
533 3870 668 3950 equites:
685 3891 782 3950 neque
792 3870 884 3932 ultra.
899 3869 982 3932 Nam
1001 3871 1038 3932 de
1056 3867 1191 3930 Nocitute
1210 3887 1262 3928 sus
1281 3887 1360 3930 mox

288 3977 454 4060 subjungit,
464 3996 526 4038 non
532 3975 678 4050 lecturus,
689 3974 714 4035 si
725 3975 777 4055 qui
787 3977 937 4057 majorum
949 3977 988 4036 etl
997 3973 1129 4036 honores
1138 3971 1361 4056 pervenissent.

288 4081 379 4146 Pater
387 4096 488 4144 autem
501 4103 560 4142 sse
573 4081 750 4163 scriptisque
759 4081 819 4142 suis
831 4082 922 4144 etiarn
931 4095 1030 4156 notus,
1041 4081 1072 4142 L.
1086 4081 1215 4144 Annuus
1224 4083 1337 4142 Seneca
1348 4127 1358 4156 ,

288 4211 380 4270 quem
395 4189 602 4250 Declamotorrs
618 4187 778 4270 sgnumIne
792 4189 844 4267 (in
864 4187 924 4252 hoc
944 4206 1055 4272 genere
1077 4187 1234 4268 excelluit)
1252 4207 1271 4248 a
1291 4186 1361 4249 fitio

287 4293 361 4356 lero¹
370 4293 560 4376 distinguunt.
581 4291 707 4356 Exstant
722 4313 784 4356 non
804 4295 915 4376 ipsius,
934 4296 987 4358 secl
1002 4293 1108 4360 slienae
1126 4293 1166 4356 ab
1179 4313 1217 4356 eo
1230 4293 1361 4376 digestae
