2856 4974
260 485 328 574 ⁴06
527 485 594 554 DE
617 487 753 555 OTIO
777 483 1056 554 SAPIENTIS
1252 565 1256 570 ¹

259 613 518 708 contemplatur,
527 614 612 706 quid
624 617 697 684 Deo
708 615 931 709 praestat'i’ne
945 629 1035 682 unta
1045 613 1120 705 ejus
1132 636 1240 706 opers
1249 614 1334 680 sine

258 745 341 798 teste
361 729 440 797 sint.
470 730 622 800 Solemus
641 728 774 812 dicere,
800 755 964 798 summum
989 729 1114 797 bonum
1144 753 1242 812 esse,
1272 754 1333 798 se·
1421 815 1422 822 ἵ

257 843 405 913 cundum
418 861 572 914 naturam
583 847 696 914 vivere
711 873 718 912 ι
731 861 851 914 nature
859 870 922 914 nos
932 845 976 914 sd
986 862 1170 941 utrumque
1182 847 1329 938 genuit,
1421 827 1422 858 ³

256 975 291 1026 ct
305 945 579 1055 contemplationi
596 985 730 1044 rerum,
749 977 784 1030 et
800 963 938 1030 actioni.
1328 967 1332 972 “

304 1075 458 1142 XXXII.
473 1077 572 1142 Nunc
588 1073 791 1167 probemus,
807 1075 899 1168 quod
917 1077 1010 1170 prius
1025 1076 1171 1142 diximus
1183 1079 1211 1141 ².
1227 1075 1332 1166 Quid
1421 1101 1422 1106 ¹

255 1193 385 1284 porro?
400 1190 465 1258 hoc
480 1215 550 1260 non
564 1192 630 1258 erit
645 1191 841 1283 probatum,
860 1193 887 1259 si
901 1215 937 1259 se
951 1191 1185 1283 unusquisque
1201 1213 1331 1260 consu-

256 1305 380 1390 luerit,
415 1322 574 1399 quantnm
604 1306 822 1400 cupiditatem
845 1307 969 1376 habeat
990 1308 1104 1400 ignote
1126 1307 1325 1386 noscendi,

256 1447 357 1516 quem
374 1423 418 1490 ad
437 1447 553 1492 omnes
577 1423 707 1490 fabulas
724 1415 735 1458 ³
757 1425 947 1492 excitetur?
965 1425 1133 1517 Navigant
1157 1423 1324 1516 quidam,

256 1556 291 1608 et
308 1540 441 1608 labores
458 1539 744 1633 peregrinationis
763 1541 967 1634 longissime
984 1565 1051 1608 una
1065 1539 1226 1608 mercede
1247 1565 1328 1632 per-

255 1657 453 1752 petiuntur,
482 1656 708 1750 cognoscendi
731 1655 862 1748 aliquid
891 1655 1041 1724 abditum
1071 1673 1324 1749 remotumque.

255 1775 335 1840 Haec
349 1796 404 1840 res
416 1771 461 1840 ad
475 1771 666 1864 spectacula
680 1773 822 1865 populos
834 1774 1025 1855 contrahit,
1043 1773 1116 1841 haec
1128 1774 1225 1865 cogit
1237 1797 1329 1866 prae-

255 1889 347 1957 clusa
369 1889 505 1966 rimari,
527 1889 710 1958 secretiora
732 1888 932 1979 exquirere,
953 1889 1171 1980 antiquitates
1190 1883 1204 1930 ⁴
1229 1889 1326 1956 ceol-

255 2025 354 2084 verc,
378 2025 489 2071 mores
508 2001 727 2070 barbararum
744 2002 864 2070 audire
884 2004 1047 2095 gentium.
1066 2005 1250 2073 Curiosum
1269 2029 1329 2070 no-

256 2119 308 2188 bis
322 2133 443 2186 natura
457 2119 632 2212 ingenium
646 2117 741 2185 dedit
755 2145 763 2184 ι
779 2133 813 2185 et
826 2119 908 2185 artis
922 2118 987 2185 sibi
1000 2143 1041 2186 ac
1055 2118 1329 2210 pulchritudinis

256 2257 324 2302 suae
342 2225 522 2314 conscia⁵,
553 2247 759 2325 spectatores
784 2256 844 2301 nos
864 2234 965 2300 tantis
985 2257 1099 2301 rerum
1120 2235 1329 2326 spectaculis

257 2341 411 2443 genuit⁶,
424 2345 601 2440 perditura
612 2347 755 2416 fructum
770 2348 840 2426 sui,
852 2348 880 2414 si
896 2365 960 2415 um
976 2371 1115 2440 magna,
1129 2363 1196 2415 tam
1212 2349 1325 2428 clara,

181 2470 185 2484 '
257 2482 323 2532 tsm
342 2463 514 2532 subtiliter
529 2461 651 2544 ducta,
673 2477 740 2529 tam
754 2461 881 2542 nitida,
898 2477 933 2528 et
946 2486 1014 2529 non
1030 2485 1097 2528 uno
1112 2486 1243 2554 genere
1258 2463 1330 2532 for-

257 2604 366 2662 mosa,
390 2577 564 2648 solitudini
584 2577 788 2646 ostenderet.
815 2580 859 2646 Ut
881 2578 966 2645 scias
989 2577 1081 2644 illam
1100 2583 1250 2670 spectari
1270 2605 1331 2649 vo-

258 2853 284 2902 d.
295 2869 335 2920 sp·
344 2849 415 2904 Ptut.
429 2849 529 2924 (lisprit
539 2849 571 2902 ds
581 2849 605 2901 ls
614 2847 704 2922 plsilos.
716 2852 766 2920 spt-
816 2847 893 2919 nique
905 2851 1105 2924 quererscoepit,
1115 2849 1236 2921 adquam
1246 2871 1326 2924 emp.

258 2928 392 2994 mutarive),
404 2929 448 2980 lib.
460 2929 500 2996 ll,
513 2948 568 3002 pag.
580 2929 636 2993 458.
815 2925 914 2996 sapiens
921 2945 1063 2980 accessuras
1069 2928 1110 2979 sit.

296 3021 316 3055 s.
331 3006 408 3076 Quid
415 3007 595 3075 Deoproestat.
603 3006 766 3060 ll.e.l'usius:
850 3023 871 3056 a.
882 3003 971 3055 Prius.
981 3003 1034 3058 Nos
1045 3025 1059 3056 a
1072 3017 1160 3058 natura
1170 3013 1329 3081 contempla·

258 3083 333 3154 quale
351 3081 466 3136 officium
483 3086 540 3138 Deo
556 3084 675 3159 prestet?
690 3085 724 3137 Ut
735 3084 767 3137 sit
815 3083 1094 3140 lioniessedestinstos.
1259 3151 1262 3156 ,

259 3161 326 3214 testis
332 3173 355 3214 et
364 3175 486 3234 spectator
496 3182 600 3236 opernm
612 3161 768 3216 divinarum.
849 3161 872 3212 3.
884 3161 1022 3228 fabulas,
1035 3165 1192 3216 nutationes
1203 3163 1236 3216 de
1253 3163 1330 3218 rebus

260 3239 483 3294 NosterdeBenei'.
496 3241 645 3314 lib.Vl,cap.
657 3242 701 3309 23,
709 3244 733 3294 5.
817 3239 900 3302 novis,
912 3239 965 3291 sive
973 3239 1023 3292 sint
1032 3260 1114 3307 vera,
1126 3241 1180 3294 sive
1191 3239 1265 3295 fitia.

291 3317 399 3370 XXXII.
418 3323 490 3372 Ano.
506 3320 541 3373 Ut
557 3319 660 3391 probet,
682 3319 767 3372 homi·
850 3317 873 3381 i.
884 3317 1080 3388 Aotipuitotes,
1092 3339 1130 3370 res
1143 3320 1269 3390 antiques.

260 3413 320 3446 nem
342 3396 549 3470 contemplationi
572 3415 656 3448 rerum
679 3409 767 3448 natum
850 3397 873 3446 5.
885 3395 961 3448 Aret
972 3397 1174 3449 s1m....mnsa·a.
1188 3399 1249 3450 Nou
1260 3400 1328 3452 abest

259 3491 327 3536 esse,
341 3475 413 3526 alles-t
425 3475 588 3547 cupiditatem
604 3494 768 3528 communem
818 3491 831 3522 e
851 3471 958 3535 Genesi,
980 3473 1051 3542 cujus
1069 3473 1144 3525 initio
1158 3491 1164 3524 :
1178 3497 1192 3520 s
1211 3474 1246 3525 Et
1264 3475 1330 3528 vidit

259 3549 392 3604 hominum
412 3551 498 3622 ignote
515 3551 650 3616 noscendi,
662 3552 768 3605 audien·
818 3549 887 3602 Deus
896 3548 985 3602 lumen
996 3551 1065 3622 quod
1076 3567 1138 3604 esset
1149 3551 1278 3603 bonum·

259 3625 319 3679 dire
331 3641 426 3700 reperta
436 3669 443 3696 ,
454 3642 479 3681 et
491 3641 545 3682 tum
557 3629 709 3682 neturslium
726 3649 769 3681 re·
851 3628 874 3680 6.
884 3627 1080 3698 Spectatum..,.
1092 3633 1189 3696 genuit.
1203 3629 1266 3681 flac
1279 3629 1323 3681 Se·

258 3721 316 3754 rum
333 3723 432 3770 causas,
448 3719 502 3758 tum
524 3725 609 3759 esrum
628 3727 684 3778 quse
702 3719 769 3760 exus
818 3725 886 3760 acce
902 3707 1171 3770 sententis-amatorem
1184 3707 1327 3760 siredones

261 3779 386 3834 mnndum
402 3796 475 3848 sunt,
491 3781 638 3856 indagandi.
653 3785 714 3836 lade
730 3805 767 3837 se·
818 3803 864 3834 nos
877 3783 1047 3834 ellormsvisse
1060 3795 1087 3834 ut
1105 3797 1172 3834 tanta
1188 3783 1328 3856 spectatula

261 3856 360 3924 quitur,
377 3859 507 3912 hominem
523 3875 547 3913 et
560 3861 594 3914 ad
604 3863 731 3936 egendum
745 3876 769 3914 et
818 3859 1046 3931 contemplaremur
1057 3871 1130 3930 atque
1142 3859 1179 3910 ita
1190 3860 1327 3930 quemda-

261 3930 293 3981 sd
306 3935 545 4006 contemplationem
563 3959 615 3991 esse
630 3953 732 3992 natum:
745 3953 769 3992 st
818 3958 847 3992 er
856 3958 930 4011 opere
937 3957 982 3990 suo
992 3939 1100 3991 haurn
1109 3941 1159 4012 ipse
1175 3939 1328 4012 perciperet,

260 4011 553 4085 quumtrisvitngeners
560 4016 624 4081 sint,
639 4017 767 4080 activum,
817 4017 881 4069 mire
894 4017 1012 4088 congruit
1030 4019 1079 4079 (ut
1091 4030 1141 4069 tans
1152 4016 1233 4068 mults
1249 4018 1327 4069 nosni

260 4088 482 4160 contemplativam
494 4105 518 4144 et
529 4094 698 4168 voluptarium
709 4136 715 4160 ,
730 4097 768 4148 al·
817 4093 972 4168 philosophi)
982 4114 1041 4146 com
1052 4094 1082 4147 iis
1092 4113 1149 4166 quse
1155 4093 1248 4169 religio
1253 4093 1328 4148 claris·

258 4173 340 4214 terum
362 4162 415 4215 sine
439 4165 516 4220 altero
530 4189 581 4221 esse
595 4171 699 4242 nequit:
715 4171 768 4245 ipss
817 4172 885 4223 tiens
894 4191 940 4224 nos
949 4173 1326 4245 dotet,nimirumsuseglorie

259 4236 322 4288 sdeo
331 4239 541 4311 voluptarissects
556 4247 644 4300 insctu
656 4262 700 4301 est.
708 4251 767 4302 De·
817 4269 889 4302 rausa
904 4267 999 4302 numen
1011 4251 1099 4302 omnis
1110 4251 1241 4306 creavisse.
