2930 4956
328 472 392 556 lsvj
516 472 548 537 J.
574 469 737 538 LIPSII
760 467 1214 542 MANUDUCTIONIS

324 611 467 698 Spartani
481 608 561 674 illius
581 625 799 695 preceptorem
815 610 908 690 facit,
930 625 961 674 es
980 615 1019 674 ed
1035 611 1164 696 gloriam
1178 613 1259 678 bunc
1272 614 1397 678 inlbm-

323 741 433 784 masse.
448 717 506 799 (ln
519 719 617 802 Agide
634 731 664 780 et
677 715 816 794 Cleom.)

362 825 412 890 De
431 823 565 890 zenon
586 823 712 889 Sidonio
728 843 819 908 snpra
839 823 901 885 dixi
920 843 1040 906 sueque
1061 825 1145 886 enim
1162 823 1290 888 firmiter
1308 825 1394 902 scio,

320 932 387 1015 quis
402 932 434 994 in
448 932 552 998 schola
569 929 742 1018 Chrysippo
756 931 942 996 successerit.

361 1037 413 1103 De
432 1039 627 1113 Zenonuso,
654 1059 690 1099 ex
712 1033 837 1099 laertio
856 1034 1005 1120 Diogenis
1023 1036 1204 1122 discipulum
1223 1037 1324 1100 fnisse.
1339 1037 1394 1120 (ln

319 1146 474 1226 Zenone.)

360 1250 419 1314 Est
432 1251 636 1313 Anoncostus
650 1263 680 1312 et
689 1249 949 1315 Ascceetonorus
966 1275 974 1312 ι
990 1251 1043 1313 ille
1056 1248 1219 1326 Straboni,
1233 1247 1284 1312 hic
1299 1245 1394 1312 Sene-

320 1379 362 1422 eae
375 1357 535 1438 aliquoties
546 1355 651 1419 dictus.

360 1463 422 1526 Sed
438 1461 583 1542 postremi
602 1459 634 1522 bi
650 1481 757 1544 parum
773 1460 910 1523 nobiles:
932 1461 992 1524 duo
1006 1474 1074 1524 sunt
1086 1474 1170 1524 extra
1186 1461 1325 1522 ordinem
1343 1461 1395 1522 di-

319 1571 416 1634 cendi.
423 1567 513 1631 Prior
521 1567 749 1642 Ancntnsstus,
763 1567 826 1630 sive
836 1565 997 1644 Ancnsn,
1012 1580 1045 1630 ut
1058 1567 1238 1651 plurimum¹
1254 1566 1395 1649 scriptus.

320 1675 411 1739 Hunc
427 1673 582 1758 Diogenes
593 1675 665 1736 satis
676 1674 785 1737 crebro
798 1675 953 1750 nominat,
969 1673 1133 1755 etquidem
1149 1673 1229 1736 inter
1241 1673 1396 1757 primores

319 1780 460 1856 Stoicos,
477 1779 586 1862 quibus
597 1781 643 1861 jus
654 1780 805 1842 censendi.
816 1777 915 1844 Tarso
930 1777 1045 1843 Cilicis
1061 1791 1163 1842 ortum
1174 1777 1287 1841 Strabo
1301 1779 1395 1862 signi-

319 1888 389 1950 ficat
400 1910 407 1946 ι
420 1888 445 1950 si
456 1900 558 1949 tamen
572 1888 611 1948 de
624 1887 691 1948 isto.
707 1915 723 1940 ιι
729 1882 772 1950 Et
782 1885 906 1961 incolae,
920 1885 1034 1968 inquit,
1046 1899 1164 1948 tantm
1175 1907 1253 1949 curce
1262 1885 1396 1950 ardoris-

319 2013 377 2077 que
393 2015 465 2078 erga
484 1994 635 2078 sapientise
656 2007 686 2056 et
706 1995 795 2055 varin
813 1993 955 2056 dourinae
972 1993 1068 2056 sttadia
1085 1993 1274 2066 habueruut,
1294 2006 1327 2052 ut
1343 1992 1395 2054 vel

317 2101 453 2165 Athenas
464 2101 513 2163 vel
523 2101 740 2163 Alexandriam
754 2101 982 2184 superaverint,
999 2113 1032 2162 et
1046 2099 1142 2164 sicubi
1152 2098 1268 2185 inclytm
1282 2111 1313 2160 et
1327 2099 1396 2160 fre-

318 2223 443 2290 quentes
470 2209 561 2270 etiam
586 2221 654 2270 snnt
677 2205 805 2271 Scholce
828 2206 901 2268 Viri
921 2207 1055 2270 illustres
1075 2227 1113 2268 ex
1138 2227 1174 2269 ea
1194 2207 1391 2290 prodieremt,

320 2314 498 2397 Antipater,
515 2326 546 2375 et
558 2312 784 2389 Archidemus,
810 2324 841 2374 et
862 2311 976 2376 Nestor
992 2359 1001 2390 ,
1017 2311 1120 2377 Stoici.
1139 2335 1154 2368 s
1176 2311 1267 2393 (Lib
1281 2311 1395 2389 XlV.)

319 2421 473 2506 Epictetus
488 2422 594 2505 ssepius
607 2423 762 2494 nominat,
779 2423 832 2483 sed
850 2435 1019 2506 semperne
1035 2422 1115 2483 inter
1132 2421 1276 2497 vertices,
1295 2419 1397 2500 etqui

318 2529 407 2614 vulgo
421 2530 464 2591 sic
478 2541 660 2590 censeretur.
675 2525 765 2605 (Lib
791 2527 843 2604 ll,
871 2527 1000 2591 Dissert.
1025 2543 1081 2603 tv,
1110 2541 1140 2590 et
1164 2543 1252 2604 xvtt,
1275 2539 1307 2588 et
1326 2543 1395 2587 xlx.

317 2635 386 2698 Lib.
397 2633 462 2707 111;
477 2634 605 2698 Dissert.
619 2633 784 2713 11.)Etiam
799 2647 902 2697 noster
915 2631 1032 2697 Seneca
1048 2658 1056 2694 ι
1072 2661 1088 2688 ιι
1111 2633 1299 2696 Exclamanti
1316 2632 1398 2694 alios

320 2763 473 2828 opponam
491 2763 561 2803 cum
580 2739 689 2823 quihus
710 2739 831 2823 litiges,
861 2739 1058 2803 Posidonium
1079 2754 1110 2802 et
1128 2739 1358 2802 Archidemum.
1378 2767 1396 2792 n

319 2845 397 2931 (Ep.
413 2849 517 2924 cxxc.)
531 2844 643 2910 Cicero
653 2847 692 2907 de
706 2847 815 2908 eodem
834 2871 842 2908 ι
862 2874 876 2900 ιι
886 2844 958 2907 Duo
976 2845 1023 2907 vel
1038 2845 1189 2930 principes
1202 2843 1398 2907 Dialectico—

318 2975 409 3028 runt,
429 2953 588 3037 Antipater
597 2966 628 3014 et
638 2951 848 3016 Archidemus
859 2981 874 3004 „
888 2951 957 3034 (lv
970 2951 1086 3030 Acad.)
1099 2949 1149 3014 De
1166 2951 1241 3026 isto,
1261 2971 1299 3012 an
1311 2951 1395 3027 alio,

320 3059 515 3122 Plutarchus?
526 3061 612 3142 cujus
623 3059 735 3134 verba,
755 3058 807 3119 ubi
823 3061 955 3122 ostendit
967 3055 1079 3120 multos
1094 3057 1296 3120 voluntarium
1310 3059 1398 3120 exsi—

319 3165 395 3228 lium
407 3165 533 3248 elegisse
545 3189 553 3227 ι
568 3163 785 3227 «Atheniensis
795 3163 1035 3240 ,Archidemus,
1053 3165 1083 3224 in
1094 3161 1275 3226 Parthorum
1287 3163 1398 3246 regio—

319 3291 392 3335 nem
415 3292 447 3334 se
470 3270 661 3348 tranferens,
688 3271 726 3332 in·
742 3273 807 3354 ipsa
830 3269 988 3356 Babylone
1011 3267 1146 3332 Stoicam
1170 3269 1398 3332 successionem

320 3377 450 3460 reliquit.
463 3405 478 3432 ι»
495 3374 562 3459 (De
574 3375 686 3447 Exsilt
696 3375 857 3451 Notabile,
872 3377 964 3438 etiam
976 3374 1105 3438 Parthos
1115 3375 1185 3438 huic
1198 3389 1284 3441 seon
1297 3375 1401 3438 inser-

320 3499 390 3546 tos:
407 3498 437 3546 ct
450 3503 594 3567 maguum
610 3483 668 3545 riri
684 3481 845 3558 ardorem,
856 3483 908 3564 qui
924 3483 997 3558 ivit,
1013 3477 1133 3559 docuit',
1150 3482 1228 3544 lecit.
1245 3479 1398 3544 Dubitari

321 3613 361 3652 an
374 3592 455 3654 idem
468 3602 548 3652 esset
562 3613 569 3649 ι
584 3591 648 3651 ἰιιιο
662 3609 723 3650 nou
739 3585 879 3665 videtur,
898 3609 967 3652 cum
981 3587 1035 3650 illo
1050 3585 1209 3650 Strabonis
1225 3601 1325 3663 certe,
1342 3590 1400 3670 qui

319 3697 496 3773 Tarsensis,
512 3717 574 3758 non
583 3673 776 3758 Atheniensis
787 3695 850 3758 suit.
866 3695 914 3756 Ab
927 3695 1037 3758 diversi
1049 3695 1270 3770 Archidemus,
1286 3708 1318 3755 es
1335 3695 1400 3756 Ar-

319 3803 498 3867 chedemus?

360 3907 448 3971 Alter
468 3929 559 3991 quem
581 3909 664 3971 volui
686 3921 856 3992 suggestum
874 3953 882 3984 ,
913 3919 957 3970 est
979 3905 1111 3968 Socios.
1136 3905 1240 3970 Debui
1267 3904 1399 3969 Senecae

318 4037 422 4098 causa,
437 4017 485 4078 cui
497 4018 603 4078 doctor
616 4013 668 4078 illc
682 4003 835 4076 luistm
848 4015 889 4074 ita
901 4014 932 4074 in
946 4014 1073 4096 epistola
1086 4015 1215 4095 mandam
1226 4059 1235 4090 ,
1248 4012 1302 4075 ubi
1313 4035 1400 4098 prse-

316 4124 421 4186 teritos
435 4143 530 4186 annos
539 4122 663 4186 recolit:
679 4149 693 4177 ιι
708 4119 804 4182 Modo
817 4123 896 4204 apud
912 4117 1070 4183 Sotionem
1082 4119 1301 4207 philosophum
1314 4143 1400 4206 puer

350 4383 358 4413 ¹
372 4379 466 4435 Grecis
481 4379 598 4450 quidem
612 4398 672 4432 narn
685 4377 778 4430 Latinis
791 4379 842 4431 [ere
855 4377 1051 4430 Anctttusrsus.
