2930 4956
310 463 414 550 rsus,
498 463 530 530 r.
556 461 719 532 srrsrr
743 459 1203 532 manunucrmnrs

308 627 380 670 earn
395 605 566 669 communis
578 603 660 666 faura
674 603 750 666 tulit
762 600 825 668 Sed
837 625 895 669 nec
906 601 995 668 Plato
1009 603 1074 690 ipse
1088 627 1107 667 a
1120 606 1233 669 nornis
1245 607 1380 686 alienus,

307 715 372 776 imo
395 711 562 795 plurimum
583 724 702 788 noster,
718 710 743 772 si
759 709 827 792 quis
849 709 990 772 factionis
1008 731 1117 794 expers
1139 711 1312 776 arbitratur.
1334 713 1383 777 Ad

269 811 276 824 ’
308 819 467 882 Romanos
480 817 591 891 venio,
604 817 647 878 ihi
658 831 821 900 procerum
835 815 887 876 illa
900 835 1011 879 manns
1019 817 1201 880 Tuberones
1212 863 1222 896 ,
1233 815 1381 896 Catones,

306 907 465 989 Varrones
479 937 642 988 occurrunt
666 947 674 983 r
693 923 735 984 ibi
754 922 909 986 'lbraseas
922 921 1044 1001 Paetus,
1060 921 1220 988 llelvidius
1237 923 1380 1005 Priscus,

306 1033 468 1098 Rubellius
481 1032 625 1110 Plautus,
648 1029 685 1094 C
704 1028 841 1106 Plinius,
865 1043 970 1094 noster
984 1029 1109 1096 Tacitus
1130 1056 1138 1092 s
1162 1046 1192 1096 et
1209 1053 1271 1096 nno
1287 1035 1382 1098 verbo

306 1144 427 1220 dicam,
443 1141 544 1226 prima
557 1139 622 1204 fere
635 1140 827 1223 ingeniorum
840 1153 871 1202 et
884 1138 1150 1224 digeriutmlpse
1158 1139 1205 1204 Μ.
1214 1140 1386 1206 Antoninus

306 1249 501 1334 Imperator,
515 1269 575 1330 quo
589 1246 666 1308 nihil
675 1247 786 1313 melius
801 1261 853 1311 aut
868 1246 1066 1326 laudabilius,
1078 1249 1110 1310 in
1119 1247 1179 1312 boc
1188 1249 1259 1312 albo
1269 1269 1383 1312 nomen

293 1341 411 1440 ¹signat.
428 1353 471 1418 Et
489 1374 581 1436 quam
594 1373 708 1437 pauens
726 1353 819 1416 etiam
836 1353 982 1428 nomino,
995 1367 1094 1438 praeut
1109 1377 1161 1418 res
1174 1369 1207 1420 et
1222 1357 1383 1419 multitudo

303 1462 383 1524 fnit?
398 1459 526 1534 Nimixr
546 1460 624 1522 adeo
639 1473 673 1522 ut
685 1457 795 1522 Sextus
810 1459 987 1544 Empiricos
1002 1461 1088 1524 clare
1103 1457 1236 1540 asserat,
1256 1483 1334 1536 sno,
1353 1463 1385 1524 id

305 1576 350 1625 est
363 1562 417 1624 illo
430 1562 497 1645 ipso
508 1558 556 1624 M.
563 1559 712 1624 Antonini
722 1581 788 1622 aevo
800 1604 809 1636 ,
822 1589 836 1614 κ
844 1561 949 1645 plnres
959 1561 1051 1626 fnisse
1060 1563 1113 1642 qui
1122 1560 1258 1626 Stoicam
1268 1576 1384 1625 sectam

305 1682 513 1744 sectarentur,
528 1689 619 1748 quam
633 1669 685 1748 qui
699 1667 793 1730 aliam
805 1687 1037 1748 quamcumque.
1051 1695 1067 1724 s
1083 1667 1193 1750 Neque
1205 1651 1386 1730 interiorem

305 1797 363 1862 ego
377 1796 501 1840 causam
511 1775 658 1852 arbitrer,
681 1795 773 1856 quarn
785 1774 865 1840 hanc
878 1775 1020 1858 copiam,
1037 1797 1092 1839 cnr
1109 1775 1207 1840 nostri
1217 1773 1386 1839 Christiani

305 1887 370 1968 jain
383 1883 620 1959 invalescentes,
636 1882 736 1944 minus
750 1881 830 1964 requi
843 1881 874 1944 in
883 1883 957 1946 istos
968 1882 1060 1946 fuisse
1073 1883 1231 1945 rideantur
1239 1895 1292 1945 aut
1298 1881 1387 1944 incli-

302 1992 389 2054 nati:
412 1990 525 2073 quare?
544 1989 615 2072 quia
628 2002 660 2052 et
670 1988 860 2052 multitudine
873 1988 1022 2072 urgebant
1040 2011 1049 2048 s
1073 2009 1168 2072 qnare
1180 1988 1294 2054 etiarn?
1311 1989 1387 2070 qnia

305 2099 484 2162 anctoritate
496 2111 527 2158 et
538 2095 599 2158 rita
609 2094 789 2178 premebant
800 2141 810 2172 ,
821 2115 888 2176 quse
899 2097 981 2178 apud
990 2094 1066 2158 alias
1076 2107 1174 2158 sectas
1184 2093 1281 2156 soluta
1293 2109 1347 2156 aut
1355 2109 1388 2157 et

305 2204 448 2288 improba
463 2197 737 2286 conspiciebantur.
753 2199 949 2284 Quamquam
970 2201 1013 2264 ita
1031 2201 1125 2264 alieni
1142 2201 1256 2279 nostri,
1272 2221 1336 2264 non
1353 2217 1389 2264 ut

306 2325 421 2376 sectam
432 2310 564 2372 maxime
576 2353 586 2388 ,
602 2307 655 2370 sed
666 2321 849 2385 sectatores,
863 2327 1028 2390 eonnrtque
1042 2307 1245 2392 pervicaciam
1255 2329 1389 2392 sperne-

305 2430 392 2496 rent,
404 2417 507 2478 tardos
518 2428 570 2477 aut
579 2414 775 2496 refractarios
784 2412 885 2476 lucem
899 2412 1059 2478 admittere
1068 2413 1282 2497 diuinitusjam
1292 2415 1388 2477 ohla-

305 2539 380 2590 tam.
395 2521 543 2604 Alioquin
557 2521 622 2604 ipsa
637 2519 689 2582 illa
702 2533 777 2582 etas
788 2518 894 2582 habuit
907 2519 986 2584 inter
997 2520 1129 2584 culmina
1141 2521 1317 2605 religionis,
1333 2523 1389 2604 qui

305 2629 472 2694 asensihus
481 2627 584 2690 mtrltis
593 2623 703 2690 Stoicis
712 2647 774 2701 non
783 2627 952 2690 abirenrnt.
961 2627 1134 2690 Arnohirun
1144 2630 1260 2712 possint
1269 2629 1387 2706 dicere,

303 2753 337 2802 et
347 2738 444 2822 magis
453 2735 678 2799 Tertullianum
689 2779 698 2806 ,
711 2735 832 2817 ingenio
844 2733 936 2799 etism
947 2732 1085 2798 Stoicum
1095 2749 1124 2799 et
1137 2757 1289 2800 severum.
1300 2734 1400 2818 Quid

306 2865 452 2930 magnum
466 2843 554 2906 illum
566 2839 743 2904 Pantnnum
756 2888 765 2918 ,
781 2839 973 2906 Alexandriae
985 2862 1145 2906 sacrorum
1158 2844 1316 2905 donarem
1329 2889 1339 2917 ,
1356 2857 1391 2906 et

306 2950 502 3014 antistitem?
528 2977 543 3004 u
564 2946 771 3034 Hieronymus
790 2948 828 3009 de
850 2947 905 3010 illo
928 2961 1034 3032 aperte
1057 2970 1066 3007 r
1094 2945 1253 3013 Pantanus
1273 2947 1391 3014 Stoicae

309 3071 395 3122 sectae
404 3054 623 3142 philosophus,
639 3053 682 3117 ob
694 3055 878 3138 praecipuam
892 3053 1068 3116 eruditionis
1079 3053 1209 3137 glorium
1219 3056 1331 3118 missus
1342 3070 1392 3118 est

306 3167 338 3227 in
353 3163 483 3240 lndiam,
496 3175 531 3227 ut
541 3157 697 3224 Christum
710 3162 790 3243 apud
799 3159 1018 3237 Brachmanas,
1036 3161 1158 3224 etillins
1169 3160 1267 3244 gentis
1280 3161 1391 3244 philo-

309 3269 422 3355 sophns
431 3268 618 3353 predicaret.
627 3293 642 3320 a
652 3263 778 3349 Optime
790 3265 830 3328 ab
841 3266 964 3349 optimis
975 3266 1036 3330 illis
1044 3266 1159 3330 factum
1169 3267 1392 3351 :philosophus

309 3381 348 3442 ad
357 3373 556 3464 philosophos
569 3373 694 3444 missus,
708 3369 828 3435 Stoicus
839 3374 878 3434 ad
888 3371 1114 3451 Brachmanae,
1125 3395 1183 3437 nec
1191 3373 1393 3457 opinionibus

308 3485 431 3570 quidem
439 3483 532 3544 nimis
540 3477 912 3544 dissidentes.Etfructrnn
919 3500 991 3544 vero
1001 3481 1156 3564 ingentem
1166 3482 1394 3555 fecitlaudem-

309 3615 368 3676 que
383 3591 506 3656 retulit:
522 3602 552 3652 et
562 3609 633 3650 mox
644 3586 860 3650 Alexandriam
872 3587 992 3650 rediens
1001 3588 1033 3648 in
1044 3588 1180 3666 eaobiit,
1190 3587 1394 3671 quumScho-

309 3699 346 3764 lte
357 3699 421 3762 illic
430 3697 529 3760 nobili
543 3695 646 3779 plures
660 3713 756 3758 annos
769 3693 946 3777 prefuisset
960 3692 997 3756 ln
1009 3715 1067 3774 qua
1080 3697 1242 3760 succedere
1255 3695 1315 3758 sibi
1328 3717 1394 3759 ro-

309 3807 366 3870 luit
376 3805 570 3870 Clementem
579 3801 819 3867 Alexandrinum
829 3826 837 3863 r
848 3801 951 3877 illum,
965 3803 1048 3884 cujus
1059 3803 1393 3888 totiugaufdocninam

311 3911 451 3976 Ecclesia
472 3911 643 3974 etiamnunc
659 3908 826 3974 admiratur
842 3920 873 3970 et
889 3907 1020 3986 fruitur,
1040 3908 1072 3969 in
1089 3909 1176 3972 libris
1192 3909 1244 3990 qni
1259 3923 1392 3972 exstant.

311 4019 440 4103 Quiipse
451 4039 544 4100 quarn
553 4038 630 4100 sepe
641 4013 761 4078 Stoicus
775 4029 820 4078 est
831 4059 841 4091 ,
854 4028 884 4077 et
896 4017 1040 4100 dogmata
1050 4036 1157 4078 eorum
1170 4015 1264 4079 saeris
1274 4019 1393 4080 nostris

312 4127 418 4210 aptat?
431 4125 534 4186 audies
549 4123 688 4198 inlocis,
708 4121 735 4186 si
745 4121 847 4205 pergis
861 4143 912 4185 rue
929 4123 1044 4184 audire.
1059 4121 1175 4185 Merito
1192 4135 1296 4206 aptatr
1313 4143 1393 4186 nam

312 4229 498 4316 Hieronymi
510 4228 613 4306 illius,
630 4227 790 4292 unctionis
804 4249 844 4292 an
862 4228 1007 4292 nonoris
1019 4229 1095 4306 riri,
1109 4229 1256 4295 munda
1270 4245 1336 4309 est,
1349 4233 1392 4292 de

311 4319 425 4401 tabella
441 4349 473 4402 et
483 4336 595 4419 scripto
606 4335 759 4399 recitanda
775 4359 783 4396 ι
799 4363 813 4392 «ι
825 4333 921 4398 Stoici
935 4349 1039 4402 nostro
1050 4335 1182 4420 dogmati
1192 4335 1391 4420 inplerisque
