2894 4954
81 547 1147 598 Μ

194 732 261 852 n.
303 687 603 850 luunt
643 717 1015 845 sennen

87 1003 205 1148 nn
257 901 1143 1171 rntnonnnrtrn
1266 963 1271 974 ·

515 1298 704 1384 ANIMI

425 1525 593 1592 LIBER
626 1525 785 1592 UNUS.

461 1782 473 1787 -
491 1765 749 1795 ..φά

73 1933 146 1996 Cre.
169 1931 200 1998 I.
216 1897 560 2012 lnournutturmihiin
570 1949 624 1994 me
639 1931 646 1962 ¹
660 1925 815 2017 quaedam
826 1926 908 1995 vitia
920 1927 1141 2020 apparebant,
1176 1949 1185 1983 ι

73 2045 197 2144 Seneca
210 2049 236 2127 ²,
250 2047 286 2112 in
299 2059 418 2138 aperto
436 2043 567 2137 posita,
586 2065 662 2133 quae
680 2041 996 2136 manuprenderem
1009 2038 1019 2076 ³
1034 2069 1147 2135 :quae-

102 2239 122 2289 l.
134 2242 205 2293 dno.
220 2243 334 2293 Annuus
344 2239 454 2292 Serenus
471 2236 582 2289 amicum
633 2255 684 2306 quo
694 2235 928 2307 impensiuslorsan
936 2236 1146 2290 blandiatursibi:

72 2335 139 2370 suum
151 2319 279 2372 Senecam
290 2317 401 2370 consulit
412 2315 444 2367 de
453 2314 534 2366 animi
544 2313 583 2366 sui
633 2333 692 2366 nans
711 2313 858 2368 blandimur
874 2315 922 2389 ipsi
939 2315 1013 2370 uobis
1029 2317 1056 2369 in
1072 2314 1146 2389 judi-

71 2405 149 2458 statu,
163 2395 357 2468 quemexplicst
365 2431 373 2458 ,
387 2392 517 2465 inquieto,
529 2411 584 2444 roo-
632 2393 724 2458 cando,
732 2391 896 2465 adulatioque
903 2395 1061 2468 nostrapeior
1069 2413 1145 2465 quam

72 2489 125 2522 ruso
138 2491 168 2525 ac
184 2470 448 2542 fluctuanti,sibique
461 2467 582 2522 utcousi-
632 2468 731 2534 eliena;
750 2490 831 2543 neque
846 2471 986 2543 quidquam
1004 2473 1086 2526 obstat
1100 2493 1147 2526 sa-

71 2547 261 2614 liosuccurrat,
271 2549 338 2622 petit.
353 2548 456 2602 Dicitur
466 2545 582 2617 quidem,
633 2548 734 2620 pientite
740 2547 849 2613 firmius,
855 2571 932 2620 qnam
938 2551 1098 2624 eapientioese
1105 2566 1147 2605 aut

71 2625 121 2691 sit,
136 2629 245 2682 virtutes
256 2627 324 2681 lente
335 2646 439 2700 surgere
452 2638 477 2678 et
488 2625 584 2700 princi·
634 2638 776 2697 compotem
786 2625 838 2698 jam
850 2641 894 2680 ant
906 2629 1049 2701 proximum
1061 2629 1120 2683 reri.

69 2704 108 2775 pio
121 2705 223 2762 debiles
234 2725 263 2760 ac
276 2717 373 2772 teneres
383 2702 545 2758 incrementis
556 2703 583 2756 in
671 2724 690 2754 ι.
702 2705 853 2774 Inquirenti
864 2706 932 2758 nss'bs'
948 2710 977 2760 r'n
988 2725 1037 2760 me.
1050 2708 1148 2777 Inqui—

68 2781 108 2834 die
126 2785 210 2857 captis
233 2782 396 2846 adolescere,
417 2794 583 2834 maturescere
634 2783 1147 2856 rerevoxestsumptaarelorensi.Quasi

68 2875 91 2913 ct
102 2863 128 2915 iu
140 2863 214 2917 bunc
227 2862 343 2936 vigorem
356 2878 496 2914 excrescere
508 2877 583 2930 quern
635 2861 687 2934 ipse
695 2860 744 2914 sibi
752 2862 797 2932 qui
807 2861 922 2932 loquitur
930 2861 999 2914 diem
1008 2860 1146 2928 indixisset,

69 2939 133 2994 uibil
141 2943 256 3014 frangat.
268 2938 321 2992 Sed
333 2959 420 2994 noune
431 2950 456 2990 et
467 2936 534 2991 vitiis
544 2956 584 2988 ea·
636 2950 659 2989 et
671 2957 716 2990 sua
727 2959 771 2991 seu
780 2939 845 2994 bene
857 2959 900 2992 seu
910 2940 976 2992 male
989 2938 1056 2994 lacta
1066 2940 1149 2992 rima-

68 3015 124 3068 dem
147 3016 328 3072 incrementa?
346 3017 375 3070 si
389 3037 449 3070 vero
469 3028 494 3069 et
512 3029 583 3069 tene-
634 3029 719 3082 retur,
731 3029 755 3069 et
767 3028 848 3068 utraro
860 3017 888 3069 in
902 3031 998 3090 partem
1012 3037 1083 3072 meus
1094 3037 1149 3069 ver·

66 3115 121 3146 rum
132 3096 232 3150 vitium
249 3095 299 3166 jam
310 3094 376 3148 mibi
387 3095 453 3148 ridet
467 3115 495 3148 ac
506 3094 584 3148 blan·
633 3105 677 3166 gat
697 3093 869 3148 consideraret
898 3096 1023 3150 attentius.
1050 3095 1148 3149 Gallice

66 3172 132 3226 ditur
150 3211 159 3238 ,
186 3193 276 3225 nonuc
299 3193 357 3225 mox
376 3172 503 3246 placebit,
526 3192 584 3225 roos
633 3172 775 3229 diceremus
789 3191 796 3226 :
810 3176 934 3232 instruite
945 3177 1087 3230 soi-mlme
1100 3193 1147 3227 sors

64 3273 180 3308 amorem
191 3253 233 3306 sui
242 3250 342 3325 injiciet
350 3251 583 3326 flagrantissimum,
630 3255 727 3319 proces.

66 3352 123 3387 mox
137 3353 198 3406 pars
211 3332 263 3385 mei
273 3351 406 3402 nunquam
418 3329 583 3388 abstrahendo
667 3351 690 3384 a.
700 3329 808 3384 Seneca.
821 3325 886 3383 Fere
893 3330 1012 3384 omniurn
1025 3329 1150 3383 estlibro-

64 3407 188 3464 fiestflis
199 3409 337 3482 praemissis
346 3408 477 3480 sigillatim
488 3407 584 3461 dubita·
635 3427 692 3462 runa
709 3428 749 3480 ap.
777 3409 881 3464 Gruter.
901 3408 984 3462 lectio.
1000 3409 1149 3462 Erasmuse

63 3490 162 3545 tionem
179 3491 251 3546 banc
268 3489 377 3563 exponit.
396 3488 585 3542 Parcimouium
634 3499 732 3551 suo,ut
740 3486 850 3552 videtin,
863 3487 936 3540 dedit
946 3489 1048 3542 Serene.
1064 3490 1151 3544 Mure·

63 3581 148 3634 mat,
162 3568 273 3632 laudan
286 3581 371 3622 tamen
384 3567 585 3622 circumsonante
634 3576 673 3615 tus
681 3583 753 3628 vero,
763 3565 891 3618 nescimus
905 3585 959 3618 aue
972 3565 1038 3618 libro
1050 3566 1149 3632 Siculo,

62 3643 140 3710 luxu,
154 3666 222 3720 opes
234 3645 354 3718 suspicit,
367 3665 506 3718 parumque
517 3645 587 3698 abest
636 3661 668 3697 au
685 3663 699 3694 e
712 3641 872 3714 conjectura,
891 3645 952 3698 feeit
962 3655 1070 3710 retecto,
1081 3647 1150 3717 quod

61 3723 124 3792 qnin
136 3723 237 3798 cupiat.
247 3722 338 3776 Otium
348 3722 453 3794 quaerit,
464 3737 586 3778 uteecum
638 3739 691 3772 uon
704 3719 814 3772 multum
826 3721 896 3774 abest
908 3721 981 3796 Casp-
991 3721 1112 3776 Bsrtbius
1122 3721 1149 3774 in

60 3800 247 3873 colloquetur,
264 3813 414 3856 ceterorum
430 3801 584 3862 obliviosus,
634 3797 821 3862 Adversards,
836 3819 858 3866 7.
868 3821 892 3871 p.
908 3799 1151 3874 1474,quiuprobet.

59 3891 83 3930 et
100 3880 222 3951 privatas
234 3878 339 3932 virtutes
352 3893 464 3934 exerceat
473 3895 582 3954 augeat-
633 3877 782 3932 Gronovius
803 3878 907 3930 taudem
930 3891 1041 3932 nostram
1057 3877 1151 3932 lectio-

57 3977 123 4027 que,
136 3975 195 4010 rem
211 3955 341 4028 publicam
351 3955 407 4010 aliis
417 3957 580 4031 permittens;
633 3977 693 4011 nem
703 3957 769 4009 bene
784 3954 885 4010 seduxit
897 3979 904 4021 ς
917 3957 1010 4030 quippe
1027 3957 1151 4030 quibunt:

57 4047 82 4087 st
102 4055 175 4107 supe
197 4053 307 4089 munera
326 4033 426 4108 publica
445 4049 468 4090 et
481 4035 585 4110 imperis
636 4035 729 4090 librum
739 4034 766 4087 in
775 4033 893 4108 Dialogis
907 4055 921 4088 a
935 4033 1098 4102 Quintiliano
1116 4048 1151 4088 st·

56 4126 134 4185 optat.
152 4112 259 4166 Gloriae
271 4113 421 4168 inanitatem
433 4128 585 4188 perspectam
637 4113 735 4168 tributis
755 4113 859 4167 Senecae
880 4132 931 4166 esse
952 4114 1056 4186 putavit.
1075 4113 1150 4168 Coos.

58 4191 150 4256 babet,
174 4181 318 4264 aucupatur
331 4205 415 4246 tamen
425 4211 431 4245 ι
443 4215 585 4248 succurrcn·
638 4199 830 4267 Argumentum.

56 4272 119 4325 dum
139 4293 210 4344 ergo
231 4271 338 4328 infirme
358 4273 456 4340 menti,
472 4296 501 4327 eo
514 4274 586 4328 citius
671 4275 686 4326 3
717 4273 786 4346 Quor
803 4293 885 4326 manu
896 4274 1055 4342 prenderem.
1073 4280 1151 4326 Meru-
