2896 4954
310 419 462 486 LIBER
488 417 569 498 Ill,
597 419 708 492 CAP.
735 420 889 489 XLlll.
1068 447 1126 514 ¹77

77 547 249 616 detrahere
269 547 365 640 cupis
380 547 395 614 l
408 545 504 639 Quid
517 547 611 616 illum
626 547 848 617 oblatrantem
865 547 927 616 tibi
943 599 953 632 ,
969 549 1130 618 humilem

76 665 205 757 quidem
215 680 251 732 et
260 679 509 757 contemptum,
527 661 588 732 sed
597 664 829 756 superioribus
847 665 983 733 acidum
1002 689 1042 734 ac
1056 690 1131 733 rno-

76 783 210 863 lectum,
234 797 406 849 exterrere
426 780 555 850 viribus
569 782 636 848 tuis
650 783 786 848 tentas?
802 781 899 872 Quid
911 807 1008 852 servo
1021 785 1037 851 i
1050 785 1133 876 quid
1168 837 1174 856 .

76 898 232 966 domino?
251 893 335 988 quid
354 897 457 990 regi?
475 894 559 988 quid
583 896 698 964 clienti
717 911 775 964 tuo
798 896 982 965 irasceris?
999 901 1134 967 Sustine

75 1014 216 1105 paullum
230 1019 237 1049 ¹
255 1042 264 1099 ς
279 1011 373 1080 venit
387 1036 465 1080 ecce
480 1037 568 1080 mors
582 1036 658 1104 quoe
676 1036 738 1080 nos
755 1037 855 1106 pares
874 1012 986 1082 iaciat.
1008 999 1134 1083 Ridere

76 1133 212 1200 solemus
232 1127 323 1198 inte'r
340 1129 503 1202 matutina
522 1153 633 1196 arente
654 1130 882 1224 spectacula²‚
905 1132 993 1199 tauri
1013 1149 1048 1200 et
1064 1134 1133 1199 ursi
1162 1143 1176 1173 ²

75 1271 217 1340 pugnarn
241 1247 332 1314 inter
354 1269 390 1312 se
410 1244 642 1338 colligatorum
661 1269 670 1312 ι
689 1269 795 1336 quos,
820 1269 926 1337 quum
944 1243 1030 1313 alter
1049 1246 1135 1314 alte·
1197 1311 1200 1318 .

75 1387 142 1430 rum
163 1363 312 1444 vexarit,
335 1385 414 1429 suus
433 1353 627 1429 conlector³
647 1375 830 1452 exspectat.
860 1357 954 1430 Idem
975 1361 1132 1447 sacimus3

74 1477 216 1568 aliquem
236 1476 411 1545 nobiscum
424 1476 598 1568 alligatum
617 1476 811 1544 lacessimus
830 1501 960 1568 :quum
979 1478 1068 1546 victo
1081 1478 1134 1544 vi-

74 1593 222 1683 ctorique
242 1591 342 1674 linis,
363 1607 398 1659 et
414 1587 552 1683 quidem
572 1582 793 1670 matutinusl,
815 1589 998 1658 immineat.
1016 1591 1135 1684 Quieti

74 1711 202 1800 potius,
223 1710 425 1802 pacatique,
448 1705 784 1799 quantulumcunque
804 1701 997 1798 superest⁵,
1018 1709 1134 1802 exiga-

75 1847 140 1890 mus
162 1848 169 1888 :
185 1821 270 1891 nulli
290 1820 434 1891 cadaver
446 1836 598 1890 nostrum
608 1819 720 1912 jaceat
738 1821 897 1888 invisum.
918 1824 1013 1916 Saepe
1029 1823 1135 1892 rixam
1162 1833 1177 1884 ³

74 1940 312 2008 conclamatum
330 1939 367 2006 in
384 1937 498 2007 ricino
511 1934 706 2006 incendium
720 1935 819 2004 solvit
829 1931 856 2018 ⁶,
873 1952 909 2004 ct
924 1939 1135 2009 interventus

74 2053 145 2122 serae
168 2053 332 2122 latronem
351 2053 584 2143 viatoremque
605 2049 953 2120 diducit-Colluctari
976 2078 1052 2123 cum
1072 2059 1137 2124 mi-

72 2172 208 2239 noribus
236 2169 332 2238 malis
356 2193 425 2236 non
443 2183 560 2250 vacat,
583 2168 643 2236 ubi
669 2185 778 2236 metus
803 2170 933 2262 majorl
961 2175 1140 2265 apparuit.¹

72 2285 159 2376 Quid
185 2285 285 2353 nobis
302 2310 379 2353 cum
398 2283 616 2352 dimicatione
635 2298 670 2352 et
689 2283 850 2353 insidiis?
872 2288 1046 2379 Numquid
1064 2312 1135 2356 am-

71 2397 153 2490 plius
177 2402 257 2480 isti,
279 2401 334 2468 cui
353 2401 530 2483 irasceris,
553 2425 654 2493 quarn
672 2416 813 2470 mortem
836 2404 958 2495 optas?
979 2404 1079 2470 etiam
1100 2420 1132 2472 te

70 2518 261 2606 quiescente
280 2518 465 2601 morietur3
487 2516 603 2610 perdis
626 2540 763 2609 operam
786 2545 793 2583 :
818 2519 1017 2602 facereris,
1039 2521 1130 2613 quod

71 2632 217 2703 futurum
237 2649 300 2702 est.
324 2632 465 2716 «Nola,
487 2633 627 2725 inquis,
649 2621 767 2724 utique
790 2633 966 2716 occidere,
992 2635 1052 2704 sed
1070 2662 1130 2705 ex·
1147 2650 1171 2724 l

100 2869 234 2924 r.Sustine
241 2873 373 2940 paullum.
383 2869 441 2924 Hoc
451 2881 501 2934 est,
512 2881 573 2921 tan-
621 2867 696 2922 rubra
717 2869 854 2922 adductum
866 2907 873 2934 ‚
893 2869 1045 2924 interficiant
1057 2894 1064 2936 ;
1086 2873 1130 2926 tali

66 2947 139 3019 tisper
147 2962 269 3023 exspecta.
278 2949 334 3001 Vox
342 2949 399 3000 satis
406 2948 496 3000 usitata
505 2947 573 3000 hisce
622 2945 699 2998 modo
710 2960 734 2998 et
750 2947 862 3000 Romani
876 2947 915 3000 nsi
930 2962 989 3001 sunt
1006 2949 1034 3001 in
1051 2951 1128 3002 leram

67 3027 573 3101 temporibus.blartialis,lib.IX,Epig.
623 3043 679 3094 quae
700 3024 813 3098 superior
834 3025 979 3079 discederet.
1002 3056 1035 3068 -
1057 3029 1128 3083 Suus

66 3117 99 3166 tt,
113 3125 148 3157 rs.
167 3105 211 3159 13:
225 3129 237 3152 a
245 3107 389 3178 Exspecta,
403 3117 427 3156 et
437 3104 572 3168 sustineas,
622 3102 751 3172 coeffeetor.
764 3102 786 3154 E
798 3103 872 3155 codd.
883 3104 979 3158 Erasm.
990 3119 1014 3159 et
1024 3107 1128 3181 Lipsius.

65 3182 170 3255 Auguste
180 3223 188 3248 ,
200 3203 299 3238 neeesse
312 3195 355 3236 est.
368 3204 382 3228 s
622 3181 720 3232 Antea:
731 3199 777 3232 sus
786 3182 916 3252 consector.

95 3281 116 3312 a.
141 3261 282 3314 Matutine
305 3263 458 3332 spectanda.
483 3259 572 3311 Certa-
655 3255 679 3320 4
691 3255 730 3307 Et
739 3259 843 3326 quidem
860 3262 1011 3311 matutinus.
1030 3261 1126 3333 Lipsius

62 3338 127 3390 mina
140 3339 269 3391 dabantur
280 3341 329 3405 (cl.
341 3339 390 3412 Ep.
401 3339 469 3403 Lxx)
481 3338 570 3390 llomte
618 3351 631 3382 t
649 3331 722 3385 codd.
741 3353 812 3402 teque
826 3346 946 3387 maranes
964 3349 1036 3388 antea
1053 3338 1126 3409 lege-

62 3415 167 3470 lerarnrn
186 3417 252 3469 inter
270 3437 322 3470 sese
342 3416 531 3489 colligatam,
542 3427 571 3467 ut
616 3409 697 3462 batur.

60 3509 144 3548 mutuo
156 3516 212 3548 sese
226 3493 345 3547 duntaxat
357 3505 481 3546 vexarent.
495 3491 567 3572 Qoni.
650 3492 675 3540 5.
709 3487 973 3562 Quantulumcuaque
1002 3508 1124 3563 superest.

60 3570 112 3626 inlr.
121 3575 210 3625 Nostr.
223 3572 255 3624 de
265 3571 391 3624 Brevitate
405 3570 447 3622 rit.
457 3589 509 3643 cap.
522 3568 565 3631 13,
616 3567 704 3642 Suppl.
716 3573 784 3622 vitoe.

58 3647 260 3704 ubinl‘fimm
277 3648 349 3703 sulla
363 3648 565 3702 leonesincirco
648 3646 671 3698 b.
691 3647 887 3700 Concluaratum
889 3686 930 3701 .....
950 3653 1033 3704 solvit.
1051 3653 1121 3725 Saepe

56 3729 151 3780 romeos
164 3728 245 3780 dedit.
256 3749 270 3774 a
614 3725 660 3797 qui
670 3726 814 3778 rixabantur
824 3727 999 3794 vehementer,
1009 3729 1070 3782 dnm
1078 3752 1122 3785 au·

88 3803 110 3856 3.
123 3804 199 3858 Snus
210 3805 336 3877 consector
346 3823 355 3856 t
367 3805 518 3856 confectores
528 3807 565 3857 le·
615 3805 688 3857 diunt
695 3827 708 3857 e
715 3806 793 3858 vicini
803 3807 859 3860 loeo
867 3809 1018 3862 conclamari
1024 3812 1118 3883 ignem,

56 3899 137 3933 raram
149 3883 220 3935 inter
231 3901 315 3935 arenae
327 3882 465 3934 ministeria
477 3903 566 3935 occur-
613 3882 634 3934 si
652 3902 706 3934 non
718 3882 862 3936 inimicitias
869 3922 877 3948 ,
897 3901 922 3938 at
937 3887 1023 3939 saltem
1040 3890 1118 3943 rixam

55 3971 128 4021 rant,
142 3981 166 4012 e.
180 3981 204 4013 e.
216 3979 254 4031 ap.
266 3961 369 4014 Sueten.
382 3963 448 4034 Aug.
458 3981 510 4036 cap.
522 3961 563 4028 43,
613 3960 733 4013 continuo
746 3961 934 4016 obliviscuntur.

55 4033 110 4088 Ner.
123 4059 164 4092 12.
177 4039 264 4090 Etiam
277 4057 346 4091 nunc
357 4037 424 4111 apud
437 4039 562 4112 Hispanos
647 4060 669 4108 7.
682 4039 769 4090 Metus
780 4047 872 4105 major.
885 4042 990 4112 Maioris
1002 4045 1061 4097 mali
1076 4069 1118 4119 pa-

55 4113 79 4162 ia
88 4135 136 4167 usu
147 4129 203 4180 est,
217 4128 245 4168 ut
253 4118 407 4172 coniectores
416 4116 524 4166 serarum
535 4116 562 4168 in
611 4139 672 4182 νοις
682 4118 750 4170 unde
762 4139 847 4172 sensns
859 4138 864 4171 :
878 4119 904 4172 Si
918 4121 979 4191 quid
989 4123 1068 4195 majus
1078 4127 1119 4178 de-

54 4195 216 4263 spectaculis,
229 4207 328 4248 tauram
338 4230 345 4255 ‚
356 4192 383 4244 in
395 4191 488 4244 rabiem
496 4205 562 4244 reste
612 4209 712 4267 repente
724 4197 936 4271 expavescendum
947 4199 1054 4254 videtur.

124 4274 150 4340 1.
322 4371 326 4380 ι
380 4375 381 4378 ¹
958 4301 996 4347 12
