2896 4954
317 475 384 540 ²²6
642 476 711 545 DE
742 477 1054 548 CLEMENTIA

314 601 380 670 sibi
407 604 522 688 visus,
550 605 579 672 sl
603 605 771 676 fortunam
795 633 889 678 suam
916 608 1163 701 publicaverit3
1184 613 1192 642 ¹
1225 629 1369 674 sermone

312 719 474 801 affabilis,
495 743 700 814 accessuque
722 724 849 812 facilis3
871 725 979 808 vultu,
997 726 1055 818 qui
1075 725 1220 794 maxime
1240 721 1371 816 populos

312 835 507 904 demeretur
520 841 556 916 ²,
577 837 749 920 amabilis,
771 840 877 932 equis
894 837 1072 910 desideriis
1086 863 1302 934 propensus,
1319 860 1373 903 nee

312 949 440 1040 iniquis
461 939 472 982 ³
497 949 658 1032 acerbus,
678 975 697 1018 u
721 967 789 1022 tota
815 955 950 1024 civitate
973 970 1129 1036 amatur,
1160 951 1372 1029 defenditur,

312 1065 447 1134 colitur.
468 1065 595 1134 Eadem
612 1067 655 1134 de
672 1068 731 1136 illo
753 1069 906 1138 homines
924 1085 1054 1140 secreto
1071 1071 1283 1162 loquentur,
1309 1091 1374 1159 quc

269 1211 283 1260 5
310 1181 433 1276 palam.
454 1180 593 1250 Tollere
612 1181 700 1250 lilios
718 1185 881 1278 cupiunt,
898 1201 933 1252 et
947 1184 1092 1277 publicis
1106 1183 1206 1252 malis
1222 1183 1375 1250 sterilitas
1438 1157 1439 1180 Χ

309 1296 436 1366 indicta
462 1295 651 1366 recluditur
674 1324 681 1364 :
703 1298 791 1367 bene
815 1323 852 1366 se
875 1301 1075 1368 meriturum
1101 1297 1146 1368 de
1166 1298 1293 1366 liberis
1316 1297 1374 1364 suis

310 1412 456 1503 quisque
482 1435 552 1480 nou
575 1409 731 1494 dubitet,
757 1413 883 1505 quibus
911 1413 977 1481 tale
999 1413 1160 1480 saeculum
1178 1411 1371 1480 ostenderit·

310 1527 374 1596 llic
393 1529 554 1621 princeps
575 1550 636 1595 suo
654 1527 821 1596 beneficio
840 1543 950 1610 tutus,
973 1529 1060 1596 nihil
1086 1527 1262 1620 praesidiis
1285 1543 1371 1620 eget3

308 1664 402 1710 arma
415 1643 604 1710 ornamenti
623 1667 723 1712 eausa
738 1643 853 1712 habet.

358 1759 451 1826 XIV.
478 1756 582 1850 Quod
603 1782 686 1852 ergo
713 1760 862 1828 officium
892 1760 966 1852 ejus
993 1761 1066 1827 est?
1093 1757 1186 1851 quod
1215 1759 1371 1826 bonorum

308 1889 505 1966 parentum,
534 1876 594 1966 qui
620 1875 802 1969 objurgare
825 1873 949 1944 liberos
966 1899 1213 1967 nonnunquam
1228 1872 1368 1950 blande,
1439 1889 1440 1920 ³

308 2013 551 2081 nonuunquam
562 1991 739 2059 minaciter
749 1990 876 2074 solent,
892 1987 1074 2082 aliquando
1084 1988 1372 2058 admonereetiam

308 2106 521 2176 verberibus.
546 2107 721 2198 Numquid
737 2108 861 2199 aliquis
888 2131 989 2176 sanus
1019 2107 1126 2174 filium
1151 2132 1170 2175 a
1196 2109 1308 2199 prima
1325 2105 1372 2172 ol-

310 2217 430 2292 leusa‘
451 2222 644 2291 exheredat
656 2227 670 2292 Ρ
684 2224 749 2292 nisi
763 2247 892 2316 magum
912 2240 946 2290 et
963 2221 1075 2290 multae
1094 2222 1230 2314 injuriae
1250 2223 1376 2316 patien-

310 2337 389 2406 tiam
407 2336 571 2404 evicerint
587 2329 612 2418 ⁵,
633 2337 700 2406 nisi
718 2336 794 2428 plus
816 2351 867 2404 est
889 2335 981 2427 qnod
999 2337 1113 2416 timet,
1137 2359 1262 2427 quam,
1289 2330 1375 2426 quod

307 2454 444 2521 damnat
456 2503 465 2534 ‚
479 2476 548 2520 nou
558 2452 690 2521 accedit
699 2453 743 2520 ad
756 2452 981 2521 decretorium
995 2453 1120 2544 stylum
1133 2446 1161 2518 ⁶.
1179 2452 1290 2522 Multa
1301 2469 1377 2519 ante

311 2585 437 2650 tentat,
456 2569 581 2660 quibus
600 2568 738 2638 dubiam
755 2568 903 2636 indolem
922 2585 957 2636 et
976 2568 1092 2662 pejore
1109 2568 1183 2636 loco
1198 2569 1270 2660 jam
1288 2571 1379 2662 posi-
1440 2605 1441 2668 r

310 2701 376 2756 tam
395 2701 530 2754 revocet
547 2715 556 2771 ς
578 2685 680 2754 simul
699 2684 873 2778 deplorata
887 2700 938 2752 est
953 2689 963 2732 ⁷
979 2734 991 2767 ,
1009 2678 1156 2752 ultima⁸
1175 2686 1379 2778 experitur:
1440 2671 1441 2720 l

309 2946 394 2998 ponas
413 2927 563 3001 apparebat,
584 2947 662 2999 quum
675 2925 791 2999 exigeret.
803 2947 817 2972 υ
897 2924 921 2978 e
934 2925 1110 2980 Demtnrt'um
1117 2929 1227 2997 stylum·
1239 2925 1271 2978 ld
1282 2938 1339 2987 eet,
1351 2925 1386 2975 sd

345 3001 776 3077 1.Sa·sortonam.„..puhle'cooerit.
789 3005 819 3058 ld
867 3001 983 3054 ultimam
1001 3004 1151 3056 sententiam
1165 3004 1317 3066 rotomo,
1334 3023 1386 3074 qne

310 3093 363 3146 ett,
376 3081 709 3154 inpublieumderivaverit.
867 3079 964 3150 aliquid
986 3081 1146 3144 decernitur,
1168 3095 1197 3132 ut
1217 3081 1311 3134 mutari
1331 3102 1387 3134 non

344 3179 367 3210 η.
381 3157 497 3228 Populos
508 3161 657 3212 deauretur.
671 3159 710 3212 De
722 3159 820 3233 populis
869 3158 975 3232 amplius
989 3159 1073 3232 possit.
1086 3158 1154 3212 Hinc
1171 3159 1208 3210 ita
1223 3159 1389 3232 appellantur

310 3233 403 3306 optime
414 3249 524 3289 meretur
534 3275 542 3301 ‚
554 3236 653 3310 populis
666 3237 715 3290 tilti
725 3237 820 3290 devin-
869 3257 939 3289 arma
952 3237 1106 3304 decretoria,
1117 3235 1210 3307 quibus
1227 3237 1260 3288 de
1276 3238 1390 3290 victoria

310 3313 345 3366 rit
356 3327 380 3366 et
392 3313 518 3367 conciliat.
869 3326 913 3364 ant
926 3313 977 3366 vita
989 3315 1114 3378 cernitur,
1133 3329 1299 3388 opponuntur
1317 3317 1393 3368 laso-

344 3390 368 3442 ³.
386 3393 439 3444 Nec
446 3394 553 3459 iniquis.
562 3390 585 3442 E
593 3390 670 3464 lipsii
676 3392 821 3462 tnnjeetnra
870 3389 914 3442 riis
924 3430 932 3453 ‚
946 3391 1037 3461 quibus
1048 3392 1128 3445 animi
1139 3413 1215 3446 cauta
1226 3395 1337 3449 utimur.
1351 3395 1393 3446 Cf.

312 3467 417 3522 reduxi:
435 3488 510 3522 sensu
521 3467 668 3542 postulante.
681 3469 822 3542 Legebatnr
872 3467 918 3540 Ep.
931 3483 986 3532 ctt,
1002 3483 1084 3522 cxvu.

314 3559 402 3600 snus:
416 3549 505 3600 etim
905 3567 927 3616 7.
943 3547 1092 3617 Deploratis
1102 3561 1149 3602 εει.
1162 3549 1265 3604 Scilicet
1278 3549 1399 3604 indolet.

346 3623 415 3676 xlv.
428 3624 496 3676 Atto.
507 3623 548 3678 De
558 3620 643 3678 officio
652 3621 714 3676 boni
724 3623 822 3696 prinei-
872 3623 943 3676 Bene
952 3645 978 3676 te
987 3624 1070 3678 ltaltet.
1081 3625 1228 3680 Gronovius
1234 3641 1331 3682 tamem
1342 3651 1400 3682 me-

313 3701 351 3774 pis
359 3702 475 3776 exponit,
488 3701 562 3774 quale
573 3701 612 3756 tit.
872 3699 952 3752 vulte
968 3702 1055 3756 todire
1067 3722 1075 3756 ε
1089 3705 1331 3774 mmmmm,
1345 3710 1403 3762 scil.

346 3781 372 3845 4.
394 3781 419 3830 Α
434 3783 524 3849 primo
534 3779 650 3852 offano:
663 3777 729 3830 bona
741 3777 823 3830 lectio.
873 3776 1014 3850 negotium.

316 3855 345 3908 ld
355 3867 405 3920 est,
414 3855 495 3908 statim
504 3868 571 3930 post,
582 3876 601 3908 t.
609 3868 709 3930 propter
716 3855 823 3928 primam
906 3857 930 3908 8.
939 3853 1071 3909 Stinulu...
1081 3862 1224 3926 aperitur.
1232 3859 1291 3914 Ubi
1300 3901 1310 3926 ,
1326 3879 1404 3938 {¹⁰ss-

316 3933 447 3986 ollanssm.
474 3933 543 4000 Alii,
571 3932 657 3988 minut
681 3932 745 3986 bene
762 3951 769 3986 t
789 3933 828 3984 ad
874 3951 951 4002 qnam
960 3970 968 3996 ,
980 3933 1055 3986 simol
1066 3947 1140 4006 atque
1150 3937 1182 3990 de
1192 3957 1222 3988 eo
1236 3953 1339 3994 mrum
1350 3959 1406 4006 μς,

315 4014 432 4079 primam
441 4011 578 4082 offensam.
875 4007 1102 4064 uhtredationern
1118 4012 1217 4075 mihin
1233 4033 1293 4069 net
1314 4040 1350 4073 ω
1362 4035 1407 4074 u.

352 4091 376 4140 5.
385 4085 521 4142 Evicett'nt.
532 4089 575 4142 sie
587 4103 668 4152 reete,
679 4087 735 4140 noli
742 4106 828 4140 emen·
876 4106 936 4140 men
946 4087 1052 4141 consilio
1064 4102 1093 4140 nt
1101 4087 1156 4142 filio
1167 4109 1257 4142 nvn
1268 4095 1350 4150 nihil
1360 4119 1406 4152 η-

318 4165 378 4218 dare
393 4167 663 4220 cetenensium
681 4166 750 4219 enim
766 4185 827 4218 esa·
877 4163 988 4236 linquat,
1002 4166 1046 4218 sed
1065 4179 1093 4216 nt
1109 4179 1177 4218 mem
1193 4173 1328 4238 quani.
1346 4195 1406 4226 ς..

319 4255 401 4306 etum,
414 4242 696 4314 attemptrindientivi.
877 4241 1019 4306 contineat,
1032 4243 1368 4314 “mequod-elim
