<?xml version="1.0" encoding="UTF-8"?>
<!DOCTYPE html PUBLIC "-//W3C//DTD XHTML 1.0 Transitional//EN"
    "http://www.w3.org/TR/xhtml1/DTD/xhtml1-transitional.dtd">
<html xmlns="http://www.w3.org/1999/xhtml" xml:lang="en" lang="en">
 <head>
  <title>
</title>
<meta http-equiv="Content-Type" content="text/html;charset=utf-8" />
  <meta name='ocr-system' content='tesseract 3.04.00' />
  <meta name='ocr-capabilities' content='ocr_page ocr_carea ocr_par ocr_line ocrx_word'/>
</head>
<body>
  <div class='ocr_page' id='page_1' title='image "./lannsenecparspr01bouigoog_0504.png"; bbox 0 0 2894 4954; ppageno 0'>
   <div class='ocr_carea' id='block_1_1' title="bbox 357 469 1126 557">
    <p class='ocr_par' dir='ltr' id='par_1_1' title="bbox 357 469 1126 557">
     <span class='ocr_line' id='line_1_1' title="bbox 357 469 1126 557; baseline 0.008 -19"><span class='ocrx_word' id='word_1_1' title='bbox 357 469 519 540; x_wconf 86' lang='lat' dir='ltr'>LIBER</span> <span class='ocrx_word' id='word_1_2' title='bbox 544 470 603 557; x_wconf 90' lang='lat' dir='ltr'><strong>ll,</strong></span> <span class='ocrx_word' id='word_1_3' title='bbox 629 471 743 539; x_wconf 76' lang='lat' dir='ltr'><strong>CAP.</strong></span> <span class='ocrx_word' id='word_1_4' title='bbox 771 470 822 540; x_wconf 93' lang='lat'><strong>11.</strong></span> <span class='ocrx_word' id='word_1_5' title='bbox 1060 477 1126 544; x_wconf 76' lang='lat'><strong>255</strong></span> 
     </span>
    </p>
   </div>
   <div class='ocr_carea' id='block_1_2' title="bbox 61 599 1165 1508">
    <p class='ocr_par' dir='ltr' id='par_1_2' title="bbox 61 599 1165 1508">
     <span class='ocr_line' id='line_1_2' title="bbox 66 599 1127 696; baseline 0.005 -28"><span class='ocrx_word' id='word_1_6' title='bbox 66 614 149 690; x_wconf 84' lang='lat' dir='ltr'><strong>petus</strong></span> <span class='ocrx_word' id='word_1_7' title='bbox 163 614 215 670; x_wconf 84' lang='lat' dir='ltr'><strong>est</strong></span> <span class='ocrx_word' id='word_1_8' title='bbox 227 600 288 670; x_wconf 87' lang='lat' dir='ltr'><strong>fiat</strong></span> <span class='ocrx_word' id='word_1_9' title='bbox 290 600 461 696; x_wconf 84' lang='lat' dir='ltr'><strong>judicium</strong></span> <span class='ocrx_word' id='word_1_10' title='bbox 477 606 484 638; x_wconf 93' lang='lat'>¹</span> <span class='ocrx_word' id='word_1_11' title='bbox 503 630 513 688; x_wconf 79' lang='lat'>3</span> <span class='ocrx_word' id='word_1_12' title='bbox 529 599 616 670; x_wconf 91' lang='lat' dir='ltr'><strong>illud</strong></span> <span class='ocrx_word' id='word_1_13' title='bbox 629 625 764 672; x_wconf 83' lang='lat' dir='ltr'><strong>meeum</strong></span> <span class='ocrx_word' id='word_1_14' title='bbox 778 599 979 687; x_wconf 86' lang='lat' dir='ltr'><strong>considero,</strong></span> <span class='ocrx_word' id='word_1_15' title='bbox 1004 603 1127 673; x_wconf 83' lang='lat' dir='ltr'><strong>multas</strong></span> 
     </span>
     <span class='ocr_line' id='line_1_3' title="bbox 65 718 1127 816; baseline 0.008 -32"><span class='ocrx_word' id='word_1_16' title='bbox 65 741 149 786; x_wconf 84' lang='lat' dir='ltr'><strong>voces</strong></span> <span class='ocrx_word' id='word_1_17' title='bbox 164 743 325 814; x_wconf 80' lang='lat' dir='ltr'><strong>magnae,</strong></span> <span class='ocrx_word' id='word_1_18' title='bbox 346 719 407 788; x_wconf 85' lang='lat' dir='ltr'><strong>sed</strong></span> <span class='ocrx_word' id='word_1_19' title='bbox 421 718 641 789; x_wconf 79' lang='lat' dir='ltr'><strong>detestabiles</strong></span> <span class='ocrx_word' id='word_1_20' title='bbox 655 770 666 803; x_wconf 91' lang='lat'><strong>,</strong></span> <span class='ocrx_word' id='word_1_21' title='bbox 682 721 720 788; x_wconf 94' lang='lat' dir='ltr'><strong>in</strong></span> <span class='ocrx_word' id='word_1_22' title='bbox 731 721 836 789; x_wconf 87' lang='lat' dir='ltr'><strong>vitam</strong></span> <span class='ocrx_word' id='word_1_23' title='bbox 850 719 1033 790; x_wconf 84' lang='lat' dir='ltr'><strong>humanam</strong></span> <span class='ocrx_word' id='word_1_24' title='bbox 1048 746 1127 816; x_wconf 89' lang='lat' dir='ltr'><strong>per·</strong></span> 
     </span>
     <span class='ocr_line' id='line_1_4' title="bbox 64 835 1121 930; baseline 0.001 -24"><span class='ocrx_word' id='word_1_25' title='bbox 64 836 202 920; x_wconf 76' lang='lat' dir='ltr'><strong>venisse,</strong></span> <span class='ocrx_word' id='word_1_26' title='bbox 223 835 445 930; x_wconf 78' lang='lat' dir='ltr'><strong>celebresque</strong></span> <span class='ocrx_word' id='word_1_27' title='bbox 462 836 566 930; x_wconf 80' lang='lat' dir='ltr'><strong>vulgo</strong></span> <span class='ocrx_word' id='word_1_28' title='bbox 583 836 668 906; x_wconf 79' lang='lat' dir='ltr'><strong>ferri</strong></span> <span class='ocrx_word' id='word_1_29' title='bbox 686 861 694 904; x_wconf 80' lang='lat' dir='ltr'><strong>t</strong></span> <span class='ocrx_word' id='word_1_30' title='bbox 711 855 750 906; x_wconf 91' lang='lat' dir='ltr'><strong>ut</strong></span> <span class='ocrx_word' id='word_1_31' title='bbox 766 836 861 905; x_wconf 83' lang='lat' dir='ltr'><strong>illam</strong></span> <span class='ocrx_word' id='word_1_32' title='bbox 882 863 890 904; x_wconf 75' lang='grc' dir='ltr'><strong>ε</strong></span> <span class='ocrx_word' id='word_1_33' title='bbox 912 863 928 901; x_wconf 81' lang='lat' dir='ltr'><strong>o</strong></span> <span class='ocrx_word' id='word_1_34' title='bbox 950 836 1121 924; x_wconf 80' lang='lat' dir='ltr'>Oderint,</span> 
     </span>
     <span class='ocr_line' id='line_1_5' title="bbox 64 946 1124 1047; baseline 0.009 -33"><span class='ocrx_word' id='word_1_35' title='bbox 64 946 132 1018; x_wconf 92' lang='lat' dir='ltr'><strong>dum</strong></span> <span class='ocrx_word' id='word_1_36' title='bbox 143 949 342 1022; x_wconf 82' lang='lat' dir='ltr'><strong>metuant²l</strong></span> <span class='ocrx_word' id='word_1_37' title='bbox 369 980 386 1018; x_wconf 79' lang='lat' dir='ltr'><strong>s</strong></span> <span class='ocrx_word' id='word_1_38' title='bbox 407 953 471 1024; x_wconf 92' lang='lat' dir='ltr'><strong>Cui</strong></span> <span class='ocrx_word' id='word_1_39' title='bbox 491 954 634 1022; x_wconf 85' lang='lat' dir='ltr'><strong>Graeous</strong></span> <span class='ocrx_word' id='word_1_40' title='bbox 646 976 765 1022; x_wconf 85' lang='lat' dir='ltr'><strong>versus</strong></span> <span class='ocrx_word' id='word_1_41' title='bbox 785 952 904 1021; x_wconf 81' lang='lat' dir='ltr'><strong>similis</strong></span> <span class='ocrx_word' id='word_1_42' title='bbox 924 968 994 1038; x_wconf 83' lang='lat' dir='ltr'><strong>est,</strong></span> <span class='ocrx_word' id='word_1_43' title='bbox 1015 955 1074 1047; x_wconf 91' lang='lat' dir='ltr'><strong>qui</strong></span> <span class='ocrx_word' id='word_1_44' title='bbox 1087 978 1124 1024; x_wconf 83' lang='lat' dir='ltr'><strong>se</strong></span> 
     </span>
     <span class='ocr_line' id='line_1_6' title="bbox 64 1059 1119 1161; baseline 0.008 -33"><span class='ocrx_word' id='word_1_45' title='bbox 64 1079 179 1134; x_wconf 88' lang='lat' dir='ltr'><strong>mortuo</strong></span> <span class='ocrx_word' id='word_1_46' title='bbox 191 1068 466 1137; x_wconf 82' lang='lat' dir='ltr'><strong>terrammieceri</strong></span> <span class='ocrx_word' id='word_1_47' title='bbox 479 1065 744 1161; x_wconf 74' lang='lat' dir='ltr'><strong>ignibuojubet,</strong></span> <span class='ocrx_word' id='word_1_48' title='bbox 762 1081 798 1135; x_wconf 89' lang='lat' dir='ltr'><strong>et</strong></span> <span class='ocrx_word' id='word_1_49' title='bbox 810 1066 990 1160; x_wconf 81' lang='lat' dir='ltr'><strong>aliahujus</strong></span> <span class='ocrx_word' id='word_1_50' title='bbox 1000 1059 1119 1136; x_wconf 81' lang='lat' dir='ltr'><strong>³notae.</strong></span> 
     </span>
     <span class='ocr_line' id='line_1_7' title="bbox 62 1176 1165 1277; baseline 0.006 -33"><span class='ocrx_word' id='word_1_51' title='bbox 62 1176 105 1247; x_wconf 87' lang='lat' dir='ltr'><strong>llo</strong></span> <span class='ocrx_word' id='word_1_52' title='bbox 115 1184 248 1267; x_wconf 85' lang='lat' dir='ltr'><strong>nescio,</strong></span> <span class='ocrx_word' id='word_1_53' title='bbox 268 1182 438 1276; x_wconf 91' lang='lat' dir='ltr'><strong>quomodo</strong></span> <span class='ocrx_word' id='word_1_54' title='bbox 452 1183 591 1277; x_wconf 78' lang='lat' dir='ltr'><strong>ingenia</strong></span> <span class='ocrx_word' id='word_1_55' title='bbox 606 1183 764 1251; x_wconf 85' lang='lat' dir='ltr'><strong>immania</strong></span> <span class='ocrx_word' id='word_1_56' title='bbox 779 1197 813 1251; x_wconf 89' lang='lat' dir='ltr'><strong>et</strong></span> <span class='ocrx_word' id='word_1_57' title='bbox 832 1184 964 1267; x_wconf 84' lang='lat' dir='ltr'><strong>invisa,</strong></span> <span class='ocrx_word' id='word_1_58' title='bbox 980 1177 1123 1253; x_wconf 86' lang='lat' dir='ltr'><strong>materia</strong></span> <span class='ocrx_word' id='word_1_59' title='bbox 1148 1197 1165 1251; x_wconf 80' lang='lat'>3</span> 
     </span>
     <span class='ocr_line' id='line_1_8' title="bbox 62 1292 1124 1393; baseline 0.003 -29"><span class='ocrx_word' id='word_1_60' title='bbox 62 1295 241 1368; x_wconf 71' lang='lat' dir='ltr'><strong>secundiori</strong></span> <span class='ocrx_word' id='word_1_61' title='bbox 257 1292 528 1393; x_wconf 75' lang='lat' dir='ltr'><strong>‘expresserunt</strong></span> <span class='ocrx_word' id='word_1_62' title='bbox 545 1321 665 1366; x_wconf 80' lang='lat' dir='ltr'><strong>aeneus</strong></span> <span class='ocrx_word' id='word_1_63' title='bbox 683 1297 904 1367; x_wconf 82' lang='lat' dir='ltr'><strong>vehementes</strong></span> <span class='ocrx_word' id='word_1_64' title='bbox 921 1312 957 1366; x_wconf 87' lang='lat' dir='ltr'><strong>et</strong></span> <span class='ocrx_word' id='word_1_65' title='bbox 974 1298 1124 1367; x_wconf 84' lang='lat' dir='ltr'><strong>concita-</strong></span> 
     </span>
     <span class='ocr_line' id='line_1_9' title="bbox 61 1405 1124 1508; baseline 0.008 -32"><span class='ocrx_word' id='word_1_66' title='bbox 61 1405 130 1481; x_wconf 71' lang='lat'><strong>10⁸⁵.</strong></span> <span class='ocrx_word' id='word_1_67' title='bbox 145 1415 281 1484; x_wconf 84' lang='lat' dir='ltr'><strong>Nullam</strong></span> <span class='ocrx_word' id='word_1_68' title='bbox 292 1415 408 1485; x_wconf 84' lang='lat' dir='ltr'><strong>adhuc</strong></span> <span class='ocrx_word' id='word_1_69' title='bbox 426 1439 544 1486; x_wconf 85' lang='lat' dir='ltr'><strong>vocem</strong></span> <span class='ocrx_word' id='word_1_70' title='bbox 566 1413 734 1484; x_wconf 84' lang='lat' dir='ltr'><strong>audiviex</strong></span> <span class='ocrx_word' id='word_1_71' title='bbox 744 1415 835 1484; x_wconf 90' lang='lat' dir='ltr'><strong>bono</strong></span> <span class='ocrx_word' id='word_1_72' title='bbox 845 1416 984 1508; x_wconf 86' lang='lat' dir='ltr'><strong>lenique</strong></span> <span class='ocrx_word' id='word_1_73' title='bbox 992 1417 1124 1485; x_wconf 82' lang='lat' dir='ltr'><strong>animo-</strong></span> 
     </span>
    </p>
   </div>
   <div class='ocr_carea' id='block_1_3' title="bbox 60 1529 1124 1636">
    <p class='ocr_par' dir='ltr' id='par_1_3' title="bbox 60 1529 1124 1636">
     <span class='ocr_line' id='line_1_10' title="bbox 60 1529 1124 1636; baseline 0.005 -32"><span class='ocrx_word' id='word_1_74' title='bbox 60 1559 120 1604; x_wconf 79' lang='lat' dir='ltr'><strong>sam</strong></span> <span class='ocrx_word' id='word_1_75' title='bbox 134 1529 159 1606; x_wconf 78' lang='lat'><strong>⁶.</strong></span> <span class='ocrx_word' id='word_1_76' title='bbox 180 1539 279 1633; x_wconf 83' lang='lat' dir='ltr'><strong>Quid</strong></span> <span class='ocrx_word' id='word_1_77' title='bbox 298 1565 382 1636; x_wconf 79' lang='lat' dir='ltr'><strong>ergo</strong></span> <span class='ocrx_word' id='word_1_78' title='bbox 400 1555 453 1608; x_wconf 85' lang='lat' dir='ltr'><strong>est</strong></span> <span class='ocrx_word' id='word_1_79' title='bbox 468 1541 483 1608; x_wconf 76' lang='lat' dir='ltr'><strong>i</strong></span> <span class='ocrx_word' id='word_1_80' title='bbox 498 1555 539 1608; x_wconf 93' lang='lat' dir='ltr'><strong>ut</strong></span> <span class='ocrx_word' id='word_1_81' title='bbox 556 1563 656 1621; x_wconf 82' lang='lat' dir='ltr'><strong>raro,</strong></span> <span class='ocrx_word' id='word_1_82' title='bbox 679 1540 829 1624; x_wconf 81' lang='lat' dir='ltr'><strong>invitus,</strong></span> <span class='ocrx_word' id='word_1_83' title='bbox 851 1557 982 1608; x_wconf 87' lang='lat' dir='ltr'><strong>etcum</strong></span> <span class='ocrx_word' id='word_1_84' title='bbox 1000 1563 1124 1636; x_wconf 80' lang='lat' dir='ltr'><strong>magna</strong></span> 
     </span>
    </p>
   </div>
   <div class='ocr_carea' id='block_1_4' title="bbox 48 1754 1124 4181">
    <p class='ocr_par' dir='ltr' id='par_1_4' title="bbox 57 1754 1124 2220">
     <span class='ocr_line' id='line_1_11' title="bbox 88 1754 1123 1831; baseline 0.005 -25"><span class='ocrx_word' id='word_1_85' title='bbox 88 1773 107 1806; x_wconf 87' lang='lat' dir='ltr'><strong>r.</strong></span> <span class='ocrx_word' id='word_1_86' title='bbox 122 1755 157 1808; x_wconf 83' lang='lat' dir='ltr'><strong>Ut</strong></span> <span class='ocrx_word' id='word_1_87' title='bbox 166 1757 240 1826; x_wconf 82' lang='lat' dir='ltr'><strong>qnod</strong></span> <span class='ocrx_word' id='word_1_88' title='bbox 248 1775 316 1808; x_wconf 81' lang='lat' dir='ltr'><strong>nurse</strong></span> <span class='ocrx_word' id='word_1_89' title='bbox 316 1794 357 1809; x_wconf 92' lang='grc'><strong>.....</strong></span> <span class='ocrx_word' id='word_1_90' title='bbox 359 1757 561 1827; x_wconf 71' lang='lat' dir='ltr'><strong>flatindicrism.</strong></span> <span class='ocrx_word' id='word_1_91' title='bbox 610 1754 767 1808; x_wconf 84' lang='lat' dir='ltr'><strong>acutissimus</strong></span> <span class='ocrx_word' id='word_1_92' title='bbox 778 1755 895 1829; x_wconf 77' lang='lat' dir='ltr'><strong>lipsius,</strong></span> <span class='ocrx_word' id='word_1_93' title='bbox 908 1756 1123 1831; x_wconf 70' lang='lat' dir='ltr'><strong>legendumne·</strong></span> 
     </span>
     <span class='ocr_line' id='line_1_12' title="bbox 60 1829 1124 1908; baseline 0.007 -26"><span class='ocrx_word' id='word_1_94' title='bbox 60 1829 298 1902; x_wconf 88' lang='lat' dir='ltr'><strong>thuodnuncante</strong></span> <span class='ocrx_word' id='word_1_95' title='bbox 310 1835 562 1908; x_wconf 71' lang='lat' dir='ltr'><strong>facisquamcogita·</strong></span> <span class='ocrx_word' id='word_1_96' title='bbox 610 1841 662 1888; x_wconf 89' lang='lat' dir='ltr'><strong>scr&#39;o</strong></span> <span class='ocrx_word' id='word_1_97' title='bbox 684 1837 813 1905; x_wconf 82' lang='lat' dir='ltr'><strong>quomodo</strong></span> <span class='ocrx_word' id='word_1_98' title='bbox 832 1841 949 1904; x_wconf 61' lang='lat' dir='ltr'><strong>regendo,</strong></span> <span class='ocrx_word' id='word_1_99' title='bbox 967 1843 1085 1891; x_wconf 80' lang='lat' dir='ltr'><strong>s&#39;nrmarrs&#39;</strong></span> <span class='ocrx_word' id='word_1_100' title='bbox 1098 1847 1124 1891; x_wconf 87' lang='lat' dir='ltr'><strong>et</strong></span> 
     </span>
     <span class='ocr_line' id='line_1_13' title="bbox 58 1909 1123 1986; baseline 0.005 -24"><span class='ocrx_word' id='word_1_101' title='bbox 58 1909 129 1974; x_wconf 78' lang='lat' dir='ltr'><strong>teris,</strong></span> <span class='ocrx_word' id='word_1_102' title='bbox 142 1913 219 1966; x_wconf 76' lang='lat' dir='ltr'><strong>facias</strong></span> <span class='ocrx_word' id='word_1_103' title='bbox 233 1933 335 1985; x_wconf 83' lang='lat' dir='ltr'><strong>quoque</strong></span> <span class='ocrx_word' id='word_1_104' title='bbox 354 1925 411 1986; x_wconf 90' lang='lat' dir='ltr'><strong>post</strong></span> <span class='ocrx_word' id='word_1_105' title='bbox 429 1911 559 1986; x_wconf 78' lang='lat' dir='ltr'><strong>cogitatio·</strong></span> <span class='ocrx_word' id='word_1_106' title='bbox 605 1919 691 1968; x_wconf 65' lang='lat' dir='ltr'><strong>invisa</strong></span> <span class='ocrx_word' id='word_1_107' title='bbox 702 1920 829 1977; x_wconf 81' lang='lat' dir='ltr'><strong>moterr&#39;cr,</strong></span> <span class='ocrx_word' id='word_1_108' title='bbox 839 1915 993 1985; x_wconf 73' lang='lat' dir='ltr'><strong>ficundr&#39;ori</strong></span> <span class='ocrx_word' id='word_1_109' title='bbox 1004 1935 1049 1968; x_wconf 88' lang='lat' dir='ltr'><strong>ore</strong></span> <span class='ocrx_word' id='word_1_110' title='bbox 1056 1935 1078 1969; x_wconf 87' lang='lat' dir='ltr'><strong>e.</strong></span> <span class='ocrx_word' id='word_1_111' title='bbox 1086 1954 1094 1979; x_wconf 88' lang='lat'><strong>,</strong></span> <span class='ocrx_word' id='word_1_112' title='bbox 1107 1935 1123 1967; x_wconf 88' lang='lat' dir='ltr'><strong>a</strong></span> 
     </span>
     <span class='ocr_line' id='line_1_14' title="bbox 59 1990 1122 2070; baseline 0.009 -32"><span class='ocrx_word' id='word_1_113' title='bbox 59 2003 168 2057; x_wconf 82' lang='lat' dir='ltr'><strong>nem3ut,</strong></span> <span class='ocrx_word' id='word_1_114' title='bbox 178 1990 250 2064; x_wconf 90' lang='lat' dir='ltr'><strong>quod</strong></span> <span class='ocrx_word' id='word_1_115' title='bbox 259 1991 370 2044; x_wconf 84' lang='lat' dir='ltr'><strong>naturali</strong></span> <span class='ocrx_word' id='word_1_116' title='bbox 378 2003 402 2044; x_wconf 86' lang='lat' dir='ltr'><strong>et</strong></span> <span class='ocrx_word' id='word_1_117' title='bbox 413 1990 502 2044; x_wconf 86' lang='lat' dir='ltr'><strong>inneto</strong></span> <span class='ocrx_word' id='word_1_118' title='bbox 513 1990 559 2042; x_wconf 85' lang='lat' dir='ltr'><strong>im·</strong></span> <span class='ocrx_word' id='word_1_119' title='bbox 607 1991 742 2047; x_wconf 86' lang='lat' dir='ltr'><strong>Gronovio</strong></span> <span class='ocrx_word' id='word_1_120' title='bbox 761 1991 925 2050; x_wconf 83' lang='lat' dir='ltr'><strong>vehementer</strong></span> <span class='ocrx_word' id='word_1_121' title='bbox 943 1995 1122 2070; x_wconf 85' lang='lat' dir='ltr'><strong>improbatum.</strong></span> 
     </span>
     <span class='ocr_line' id='line_1_15' title="bbox 58 2067 1122 2146; baseline 0.009 -29"><span class='ocrx_word' id='word_1_122' title='bbox 58 2079 108 2136; x_wconf 87' lang='lat' dir='ltr'><strong>petu</strong></span> <span class='ocrx_word' id='word_1_123' title='bbox 124 2068 280 2141; x_wconf 83' lang='lat' dir='ltr'><strong>exsequeris,</strong></span> <span class='ocrx_word' id='word_1_124' title='bbox 296 2067 331 2122; x_wconf 60' lang='lat' dir='ltr'><strong>idx</strong></span> <span class='ocrx_word' id='word_1_125' title='bbox 341 2082 426 2144; x_wconf 89' lang='lat' dir='ltr'><strong>postea</strong></span> <span class='ocrx_word' id='word_1_126' title='bbox 443 2069 559 2124; x_wconf 85' lang='lat' dir='ltr'><strong>adhibito</strong></span> <span class='ocrx_word' id='word_1_127' title='bbox 607 2070 713 2142; x_wconf 70' lang='lat' dir='ltr'><strong>Npscio,</strong></span> <span class='ocrx_word' id='word_1_128' title='bbox 724 2071 757 2124; x_wconf 88' lang='lat' dir='ltr'><strong>ait</strong></span> <span class='ocrx_word' id='word_1_129' title='bbox 768 2072 882 2137; x_wconf 82' lang='lat' dir='ltr'><strong>Seneca,</strong></span> <span class='ocrx_word' id='word_1_130' title='bbox 894 2075 1025 2145; x_wconf 85' lang='lat' dir='ltr'><strong>quomodo</strong></span> <span class='ocrx_word' id='word_1_131' title='bbox 1036 2086 1122 2146; x_wconf 82' lang='lat' dir='ltr'><strong>tyran-</strong></span> 
     </span>
     <span class='ocr_line' id='line_1_16' title="bbox 57 2143 1121 2220; baseline 0.008 -22"><span class='ocrx_word' id='word_1_132' title='bbox 57 2143 140 2214; x_wconf 79' lang='lat' dir='ltr'><strong>judieio</strong></span> <span class='ocrx_word' id='word_1_133' title='bbox 150 2167 293 2220; x_wconf 78' lang='lat' dir='ltr'><strong>exaequare.</strong></span> <span class='ocrx_word' id='word_1_134' title='bbox 607 2149 647 2202; x_wconf 91' lang='lat' dir='ltr'><strong>nis</strong></span> <span class='ocrx_word' id='word_1_135' title='bbox 658 2170 745 2204; x_wconf 85' lang='lat' dir='ltr'><strong>sensus</strong></span> <span class='ocrx_word' id='word_1_136' title='bbox 754 2148 918 2206; x_wconf 79' lang='lat' dir='ltr'><strong>vehementes</strong></span> <span class='ocrx_word' id='word_1_137' title='bbox 928 2165 953 2204; x_wconf 91' lang='lat' dir='ltr'><strong>et</strong></span> <span class='ocrx_word' id='word_1_138' title='bbox 960 2152 1078 2206; x_wconf 85' lang='lat' dir='ltr'><strong>concitati</strong></span> <span class='ocrx_word' id='word_1_139' title='bbox 1087 2154 1121 2206; x_wconf 82' lang='lat' dir='ltr'><strong>la·</strong></span> 
     </span>
    </p>

    <p class='ocr_par' dir='ltr' id='par_1_5' title="bbox 56 2223 1121 2769">
     <span class='ocr_line' id='line_1_17' title="bbox 86 2223 1120 2304; baseline 0.008 -28"><span class='ocrx_word' id='word_1_140' title='bbox 86 2245 106 2276; x_wconf 80' lang='lat' dir='ltr'><strong>a.</strong></span> <span class='ocrx_word' id='word_1_141' title='bbox 119 2226 227 2280; x_wconf 77' lang='lat' dir='ltr'><strong>Oderint</strong></span> <span class='ocrx_word' id='word_1_142' title='bbox 227 2265 267 2281; x_wconf 88' lang='grc'><strong>.....</strong></span> <span class='ocrx_word' id='word_1_143' title='bbox 272 2224 404 2280; x_wconf 75' lang='lat' dir='ltr'><strong>metirent!</strong></span> <span class='ocrx_word' id='word_1_144' title='bbox 416 2223 502 2292; x_wconf 87' lang='lat' dir='ltr'><strong>Quam</strong></span> <span class='ocrx_word' id='word_1_145' title='bbox 512 2226 559 2280; x_wconf 89' lang='lat' dir='ltr'><strong>ele·</strong></span> <span class='ocrx_word' id='word_1_146' title='bbox 607 2227 696 2292; x_wconf 90' lang='lat' dir='ltr'><strong>cilius,</strong></span> <span class='ocrx_word' id='word_1_147' title='bbox 708 2247 735 2280; x_wconf 89' lang='lat' dir='ltr'><strong>se</strong></span> <span class='ocrx_word' id='word_1_148' title='bbox 746 2229 821 2282; x_wconf 85' lang='lat' dir='ltr'><strong>dante</strong></span> <span class='ocrx_word' id='word_1_149' title='bbox 829 2249 859 2283; x_wconf 89' lang='lat' dir='ltr'><strong>ec</strong></span> <span class='ocrx_word' id='word_1_150' title='bbox 866 2229 993 2304; x_wconf 79' lang='lat' dir='ltr'><strong>praebente</strong></span> <span class='ocrx_word' id='word_1_151' title='bbox 1001 2230 1120 2297; x_wconf 83' lang='lat' dir='ltr'><strong>materia,</strong></span> 
     </span>
     <span class='ocr_line' id='line_1_18' title="bbox 57 2302 753 2379; baseline 0.01 -26"><span class='ocrx_word' id='word_1_152' title='bbox 57 2318 135 2374; x_wconf 73' lang='lat' dir='ltr'><strong>gauter</strong></span> <span class='ocrx_word' id='word_1_153' title='bbox 161 2317 185 2358; x_wconf 89' lang='lat' dir='ltr'><strong>et</strong></span> <span class='ocrx_word' id='word_1_154' title='bbox 205 2302 338 2379; x_wconf 76' lang='lat' dir='ltr'><strong>splendide</strong></span> <span class='ocrx_word' id='word_1_155' title='bbox 362 2315 501 2356; x_wconf 83' lang='lat' dir='ltr'><strong>exsecratus</strong></span> <span class='ocrx_word' id='word_1_156' title='bbox 522 2315 559 2356; x_wconf 90' lang='lat' dir='ltr'><strong>est</strong></span> <span class='ocrx_word' id='word_1_157' title='bbox 607 2305 753 2360; x_wconf 79' lang='lat' dir='ltr'><strong>exciderint.</strong></span> 
     </span>
     <span class='ocr_line' id='line_1_19' title="bbox 57 2380 1121 2455; baseline 0.006 -21"><span class='ocrx_word' id='word_1_158' title='bbox 57 2399 115 2455; x_wconf 79' lang='lat' dir='ltr'><strong>supr.</strong></span> <span class='ocrx_word' id='word_1_159' title='bbox 126 2383 178 2436; x_wconf 85' lang='lat' dir='ltr'><strong>rid.</strong></span> <span class='ocrx_word' id='word_1_160' title='bbox 191 2383 225 2436; x_wconf 89' lang='lat' dir='ltr'><strong>de</strong></span> <span class='ocrx_word' id='word_1_161' title='bbox 236 2382 294 2445; x_wconf 82' lang='lat' dir='ltr'><strong>Ira.</strong></span> <span class='ocrx_word' id='word_1_162' title='bbox 309 2381 336 2435; x_wconf 82' lang='lat' dir='ltr'><strong>in</strong></span> <span class='ocrx_word' id='word_1_163' title='bbox 349 2380 394 2434; x_wconf 82' lang='lat' dir='ltr'><strong>lib·</strong></span> <span class='ocrx_word' id='word_1_164' title='bbox 402 2381 431 2440; x_wconf 67' lang='grc' dir='ltr'><strong>Ι,</strong></span> <span class='ocrx_word' id='word_1_165' title='bbox 443 2399 496 2454; x_wconf 73' lang='lat' dir='ltr'><strong>etp·</strong></span> <span class='ocrx_word' id='word_1_166' title='bbox 510 2380 556 2449; x_wconf 70' lang='lat'><strong>¹5,</strong></span> <span class='ocrx_word' id='word_1_167' title='bbox 641 2387 664 2438; x_wconf 82' lang='lat'><strong>5·</strong></span> <span class='ocrx_word' id='word_1_168' title='bbox 675 2383 774 2440; x_wconf 81' lang='lat' dir='ltr'><strong>Sensus</strong></span> <span class='ocrx_word' id='word_1_169' title='bbox 779 2385 1121 2444; x_wconf 71' lang='lat' dir='ltr'><strong>whmmtesesconctsotos.</strong></span> 
     </span>
     <span class='ocr_line' id='line_1_20' title="bbox 58 2457 1121 2533; baseline 0.01 -24"><span class='ocrx_word' id='word_1_170' title='bbox 58 2457 91 2511; x_wconf 71' lang='lat' dir='ltr'><strong>afa</strong></span> <span class='ocrx_word' id='word_1_171' title='bbox 110 2461 188 2530; x_wconf 82' lang='lat' dir='ltr'><strong>Quod</strong></span> <span class='ocrx_word' id='word_1_172' title='bbox 204 2476 291 2516; x_wconf 87' lang='lat' dir='ltr'><strong>autern</strong></span> <span class='ocrx_word' id='word_1_173' title='bbox 308 2460 353 2514; x_wconf 89' lang='lat' dir='ltr'><strong>has</strong></span> <span class='ocrx_word' id='word_1_174' title='bbox 366 2477 440 2514; x_wconf 81' lang='lat' dir='ltr'><strong>voees</strong></span> <span class='ocrx_word' id='word_1_175' title='bbox 452 2480 558 2533; x_wconf 83' lang='lat' dir='ltr'><strong>magnas</strong></span> <span class='ocrx_word' id='word_1_176' title='bbox 607 2459 643 2514; x_wconf 83' lang='lat' dir='ltr'><strong>Ut</strong></span> <span class='ocrx_word' id='word_1_177' title='bbox 661 2460 688 2514; x_wconf 91' lang='lat' dir='ltr'><strong>id</strong></span> <span class='ocrx_word' id='word_1_178' title='bbox 705 2483 757 2533; x_wconf 86' lang='lat' dir='ltr'><strong>quo</strong></span> <span class='ocrx_word' id='word_1_179' title='bbox 778 2463 873 2519; x_wconf 87' lang='lat' dir='ltr'><strong>desinit</strong></span> <span class='ocrx_word' id='word_1_180' title='bbox 893 2466 998 2520; x_wconf 73' lang='lat' dir='ltr'><strong>Senecae</strong></span> <span class='ocrx_word' id='word_1_181' title='bbox 1009 2467 1121 2521; x_wconf 81' lang='lat' dir='ltr'><strong>Medea:</strong></span> 
     </span>
     <span class='ocr_line' id='line_1_21' title="bbox 57 2537 1121 2616; baseline 0.008 -27"><span class='ocrx_word' id='word_1_182' title='bbox 57 2551 128 2602; x_wconf 79' lang='lat' dir='ltr'><strong>voert,</strong></span> <span class='ocrx_word' id='word_1_183' title='bbox 135 2540 174 2592; x_wconf 86' lang='lat' dir='ltr'><strong>sni</strong></span> <span class='ocrx_word' id='word_1_184' title='bbox 181 2559 272 2615; x_wconf 87' lang='lat' dir='ltr'><strong>parum</strong></span> <span class='ocrx_word' id='word_1_185' title='bbox 280 2537 414 2598; x_wconf 82' lang='lat' dir='ltr'><strong>meminit;</strong></span> <span class='ocrx_word' id='word_1_186' title='bbox 424 2557 485 2591; x_wconf 88' lang='lat' dir='ltr'><strong>nam</strong></span> <span class='ocrx_word' id='word_1_187' title='bbox 493 2538 558 2592; x_wconf 87' lang='lat' dir='ltr'><strong>dice·</strong></span> <span class='ocrx_word' id='word_1_188' title='bbox 608 2561 622 2587; x_wconf 74' lang='lat' dir='ltr'><strong>s</strong></span> <span class='ocrx_word' id='word_1_189' title='bbox 632 2539 681 2593; x_wconf 86' lang='lat' dir='ltr'><strong>Per</strong></span> <span class='ocrx_word' id='word_1_190' title='bbox 691 2540 741 2593; x_wconf 89' lang='lat' dir='ltr'><strong>alte</strong></span> <span class='ocrx_word' id='word_1_191' title='bbox 748 2541 813 2595; x_wconf 80' lang='lat' dir='ltr'><strong>vade</strong></span> <span class='ocrx_word' id='word_1_192' title='bbox 820 2542 1007 2616; x_wconf 85' lang='lat' dir='ltr'><strong>spatiasublimi</strong></span> <span class='ocrx_word' id='word_1_193' title='bbox 1017 2543 1121 2610; x_wconf 71' lang='lat' dir='ltr'><strong>ethere,</strong></span> 
     </span>
     <span class='ocr_line' id='line_1_22' title="bbox 57 2611 1121 2692; baseline 0.008 -26"><span class='ocrx_word' id='word_1_194' title='bbox 57 2611 555 2692; x_wconf 77' lang='lat' dir='ltr'><strong>bathoeipsoloeonihilmagnnmquod</strong></span> <span class='ocrx_word' id='word_1_195' title='bbox 607 2618 1121 2692; x_wconf 73' lang='lat' dir='ltr'><strong>Testarenullosessequaveherislleos3»</strong></span> 
     </span>
     <span class='ocr_line' id='line_1_23' title="bbox 56 2693 1120 2769; baseline 0.009 -26"><span class='ocrx_word' id='word_1_196' title='bbox 56 2693 171 2749; x_wconf 84' lang='lat' dir='ltr'><strong>vitiosum.</strong></span> <span class='ocrx_word' id='word_1_197' title='bbox 181 2694 244 2750; x_wconf 79' lang='lat' dir='ltr'><strong>Vid</strong></span> <span class='ocrx_word' id='word_1_198' title='bbox 257 2695 290 2749; x_wconf 90' lang='lat' dir='ltr'><strong>ed</strong></span> <span class='ocrx_word' id='word_1_199' title='bbox 301 2715 355 2769; x_wconf 83' lang='lat' dir='ltr'><strong>esp.</strong></span> <span class='ocrx_word' id='word_1_200' title='bbox 367 2693 414 2748; x_wconf 85' lang='lat' dir='ltr'><strong>lin.</strong></span> <span class='ocrx_word' id='word_1_201' title='bbox 607 2695 635 2748; x_wconf 91' lang='lat' dir='ltr'><strong>id</strong></span> <span class='ocrx_word' id='word_1_202' title='bbox 645 2697 756 2750; x_wconf 88' lang='lat' dir='ltr'><strong>Neronis</strong></span> <span class='ocrx_word' id='word_1_203' title='bbox 766 2698 794 2752; x_wconf 90' lang='lat' dir='ltr'><strong>in</strong></span> <span class='ocrx_word' id='word_1_204' title='bbox 803 2697 921 2764; x_wconf 81' lang='lat' dir='ltr'><strong>Octavia,</strong></span> <span class='ocrx_word' id='word_1_205' title='bbox 932 2699 986 2751; x_wconf 77' lang='lat' dir='ltr'><strong>Aet.</strong></span> <span class='ocrx_word' id='word_1_206' title='bbox 996 2699 1023 2753; x_wconf 94' lang='lat' dir='ltr'><strong>ll</strong></span> <span class='ocrx_word' id='word_1_207' title='bbox 1031 2733 1038 2762; x_wconf 83' lang='lat'>‚</span> <span class='ocrx_word' id='word_1_208' title='bbox 1045 2717 1078 2752; x_wconf 84' lang='lat' dir='ltr'><strong>so.</strong></span> <span class='ocrx_word' id='word_1_209' title='bbox 1087 2713 1120 2753; x_wconf 86' lang='lat'><strong>11:</strong></span> 
     </span>
    </p>

    <p class='ocr_par' dir='ltr' id='par_1_6' title="bbox 50 2763 1123 3788">
     <span class='ocr_line' id='line_1_24' title="bbox 84 2763 1121 2848; baseline 0.006 -26"><span class='ocrx_word' id='word_1_210' title='bbox 84 2771 105 2823; x_wconf 87' lang='lat'><strong>3.</strong></span> <span class='ocrx_word' id='word_1_211' title='bbox 113 2774 267 2845; x_wconf 63' lang='lat' dir='ltr'><strong>Gns’groeeus</strong></span> <span class='ocrx_word' id='word_1_212' title='bbox 272 2763 558 2841; x_wconf 57' lang='lat' dir='ltr'><strong>versus-...arotoedlpod</strong></span> <span class='ocrx_word' id='word_1_213' title='bbox 610 2797 624 2822; x_wconf 77' lang='lat' dir='ltr'><strong>e</strong></span> <span class='ocrx_word' id='word_1_214' title='bbox 634 2774 716 2827; x_wconf 85' lang='lat' dir='ltr'><strong>Stulte</strong></span> <span class='ocrx_word' id='word_1_215' title='bbox 726 2776 846 2843; x_wconf 86' lang='lat' dir='ltr'><strong>verebor,</strong></span> <span class='ocrx_word' id='word_1_216' title='bbox 858 2775 910 2848; x_wconf 89' lang='lat' dir='ltr'><strong>ipse</strong></span> <span class='ocrx_word' id='word_1_217' title='bbox 920 2795 1001 2846; x_wconf 88' lang='lat' dir='ltr'><strong>quum</strong></span> <span class='ocrx_word' id='word_1_218' title='bbox 1012 2775 1121 2843; x_wconf 75' lang='lat' dir='ltr'><strong>faciam,</strong></span> 
     </span>
     <span class='ocr_line' id='line_1_25' title="bbox 56 2849 1122 2926; baseline 0.002 -25"><span class='ocrx_word' id='word_1_219' title='bbox 56 2849 153 2915; x_wconf 63' lang='lat' dir='ltr'><strong>leso&#39;reog</strong></span> <span class='ocrx_word' id='word_1_220' title='bbox 170 2865 226 2919; x_wconf 66' lang='grc' dir='ltr'><strong>γαῖα</strong></span> <span class='ocrx_word' id='word_1_221' title='bbox 240 2853 348 2922; x_wconf 70' lang='grc' dir='ltr'><strong><em>μιχθῆτυ</em></strong></span> <span class='ocrx_word' id='word_1_222' title='bbox 365 2854 500 2923; x_wconf 55' lang='lat' dir='ltr'><strong>somme</strong></span> <span class='ocrx_word' id='word_1_223' title='bbox 517 2853 559 2906; x_wconf 91' lang='lat' dir='ltr'><strong>de-</strong></span> <span class='ocrx_word' id='word_1_224' title='bbox 608 2852 719 2905; x_wconf 73' lang='lat' dir='ltr'><strong>Deosrr</strong></span> <span class='ocrx_word' id='word_1_225' title='bbox 735 2853 775 2905; x_wconf 82' lang='lat' dir='ltr'><strong>vel</strong></span> <span class='ocrx_word' id='word_1_226' title='bbox 787 2853 808 2906; x_wconf 88' lang='lat' dir='ltr'><strong>si</strong></span> <span class='ocrx_word' id='word_1_227' title='bbox 823 2855 941 2906; x_wconf 86' lang='lat' dir='ltr'><strong>advoces</strong></span> <span class='ocrx_word' id='word_1_228' title='bbox 953 2871 1008 2905; x_wconf 87' lang='lat' dir='ltr'><strong>non</strong></span> <span class='ocrx_word' id='word_1_229' title='bbox 1020 2871 1122 2926; x_wconf 90' lang='lat' dir='ltr'><strong>compo·</strong></span> 
     </span>
     <span class='ocr_line' id='line_1_26' title="bbox 54 2928 1120 3004; baseline 0.004 -24"><span class='ocrx_word' id='word_1_230' title='bbox 54 2928 132 2984; x_wconf 77' lang='lat' dir='ltr'><strong>iuncto</strong></span> <span class='ocrx_word' id='word_1_231' title='bbox 140 2945 206 2986; x_wconf 88' lang='lat' dir='ltr'><strong>terra</strong></span> <span class='ocrx_word' id='word_1_232' title='bbox 211 2932 347 2984; x_wconf 86' lang='lat' dir='ltr'><strong>misceatur</strong></span> <span class='ocrx_word' id='word_1_233' title='bbox 352 2929 557 3004; x_wconf 79' lang='lat' dir='ltr'><strong>ignibus).liunc</strong></span> <span class='ocrx_word' id='word_1_234' title='bbox 605 2929 679 2994; x_wconf 84' lang='lat' dir='ltr'><strong>sitas,</strong></span> <span class='ocrx_word' id='word_1_235' title='bbox 691 2928 737 2983; x_wconf 90' lang='lat' dir='ltr'><strong>sed</strong></span> <span class='ocrx_word' id='word_1_236' title='bbox 747 2932 839 2984; x_wconf 81' lang='lat' dir='ltr'><strong>effusas</strong></span> <span class='ocrx_word' id='word_1_237' title='bbox 851 2930 934 2985; x_wconf 87' lang='lat' dir='ltr'><strong>subita</strong></span> <span class='ocrx_word' id='word_1_238' title='bbox 943 2931 1120 2996; x_wconf 75' lang='lat' dir='ltr'><strong>vehementia,</strong></span> 
     </span>
     <span class='ocr_line' id='line_1_27' title="bbox 55 3007 1122 3084; baseline 0.005 -28"><span class='ocrx_word' id='word_1_239' title='bbox 55 3007 557 3084; x_wconf 79' lang='lat' dir='ltr'><strong>rersnmposthacNeroindeterinsadeo</strong></span> <span class='ocrx_word' id='word_1_240' title='bbox 607 3007 810 3072; x_wconf 88' lang='lat' dir='ltr'><strong>attenderimus,</strong></span> <span class='ocrx_word' id='word_1_241' title='bbox 837 3007 892 3063; x_wconf 83' lang='lat' dir='ltr'><strong>hsec</strong></span> <span class='ocrx_word' id='word_1_242' title='bbox 917 3007 1065 3082; x_wconf 76' lang='lat' dir='ltr'><strong>Agrippinae</strong></span> <span class='ocrx_word' id='word_1_243' title='bbox 1088 3009 1122 3062; x_wconf 85' lang='lat' dir='ltr'><strong>ed</strong></span> 
     </span>
     <span class='ocr_line' id='line_1_28' title="bbox 54 3083 1123 3160; baseline 0.002 -24"><span class='ocrx_word' id='word_1_244' title='bbox 54 3087 124 3138; x_wconf 77' lang='lat' dir='ltr'><strong>verrit</strong></span> <span class='ocrx_word' id='word_1_245' title='bbox 137 3089 206 3142; x_wconf 81' lang='lat' dir='ltr'><strong>Nam</strong></span> <span class='ocrx_word' id='word_1_246' title='bbox 220 3089 321 3142; x_wconf 82' lang='lat' dir='ltr'><strong>dicente</strong></span> <span class='ocrx_word' id='word_1_247' title='bbox 334 3089 447 3160; x_wconf 87' lang='lat' dir='ltr'><strong>quodam</strong></span> <span class='ocrx_word' id='word_1_248' title='bbox 464 3088 491 3140; x_wconf 91' lang='lat' dir='ltr'><strong>in</strong></span> <span class='ocrx_word' id='word_1_249' title='bbox 506 3109 557 3141; x_wconf 92' lang='lat' dir='ltr'><strong>ser·</strong></span> <span class='ocrx_word' id='word_1_250' title='bbox 607 3087 747 3159; x_wconf 69' lang='lat' dir='ltr'><strong>astrologos</strong></span> <span class='ocrx_word' id='word_1_251' title='bbox 758 3083 807 3138; x_wconf 85' lang='lat' dir='ltr'><strong>lilii</strong></span> <span class='ocrx_word' id='word_1_252' title='bbox 817 3084 980 3159; x_wconf 85' lang='lat' dir='ltr'><strong>parricidium</strong></span> <span class='ocrx_word' id='word_1_253' title='bbox 995 3086 1123 3139; x_wconf 87' lang='lat' dir='ltr'><strong>nuntien-</strong></span> 
     </span>
     <span class='ocr_line' id='line_1_29' title="bbox 55 3162 1122 3237; baseline 0.002 -23"><span class='ocrx_word' id='word_1_254' title='bbox 55 3182 122 3218; x_wconf 87' lang='lat' dir='ltr'><strong>mone</strong></span> <span class='ocrx_word' id='word_1_255' title='bbox 131 3166 245 3222; x_wconf 80' lang='lat' dir='ltr'><strong>convivii</strong></span> <span class='ocrx_word' id='word_1_256' title='bbox 259 3169 333 3235; x_wconf 65' lang='grc' dir='ltr'><strong>ἐμοῦ,</strong></span> <span class='ocrx_word' id='word_1_257' title='bbox 346 3191 368 3220; x_wconf 80' lang='grc' dir='ltr'><strong>ι.</strong></span> <span class='ocrx_word' id='word_1_258' title='bbox 383 3189 404 3220; x_wconf 83' lang='lat' dir='ltr'><strong>e.</strong></span> <span class='ocrx_word' id='word_1_259' title='bbox 418 3169 440 3220; x_wconf 78' lang='lat' dir='ltr'><strong>l.</strong></span> <span class='ocrx_word' id='word_1_260' title='bbox 459 3165 555 3233; x_wconf 85' lang='lat' dir='ltr'><strong>immo,</strong></span> <span class='ocrx_word' id='word_1_261' title='bbox 605 3179 660 3219; x_wconf 86' lang='lat' dir='ltr'><strong>tes:</strong></span> <span class='ocrx_word' id='word_1_262' title='bbox 672 3189 686 3212; x_wconf 77' lang='grc' dir='ltr'><strong>α</strong></span> <span class='ocrx_word' id='word_1_263' title='bbox 698 3164 821 3229; x_wconf 83' lang='lat' dir='ltr'><strong>Occidet,</strong></span> <span class='ocrx_word' id='word_1_264' title='bbox 833 3162 912 3216; x_wconf 89' lang='lat' dir='ltr'><strong>modo</strong></span> <span class='ocrx_word' id='word_1_265' title='bbox 927 3162 1049 3237; x_wconf 82' lang='lat' dir='ltr'><strong>imperet;</strong></span> <span class='ocrx_word' id='word_1_266' title='bbox 1059 3176 1122 3216; x_wconf 80' lang='lat' dir='ltr'><strong>»aut</strong></span> 
     </span>
     <span class='ocr_line' id='line_1_30' title="bbox 54 3238 1121 3315; baseline -0.004 -17"><span class='ocrx_word' id='word_1_267' title='bbox 54 3238 223 3314; x_wconf 73' lang='lat' dir='ltr'><strong>lnquitliero,</strong></span> <span class='ocrx_word' id='word_1_268' title='bbox 236 3248 293 3315; x_wconf 75' lang='grc' dir='ltr'><strong>ἱμοῦ</strong></span> <span class='ocrx_word' id='word_1_269' title='bbox 305 3251 391 3310; x_wconf 57' lang='lat' dir='ltr'><strong>{deese</strong></span> <span class='ocrx_word' id='word_1_270' title='bbox 404 3248 464 3312; x_wconf 90' lang='lat' dir='ltr'><strong>(me</strong></span> <span class='ocrx_word' id='word_1_271' title='bbox 473 3244 556 3312; x_wconf 82' lang='lat' dir='ltr'><strong>vivo).</strong></span> <span class='ocrx_word' id='word_1_272' title='bbox 606 3243 707 3298; x_wconf 82' lang='lat' dir='ltr'><strong>Vitellii</strong></span> <span class='ocrx_word' id='word_1_273' title='bbox 723 3261 803 3315; x_wconf 86' lang='lat' dir='ltr'><strong>quum</strong></span> <span class='ocrx_word' id='word_1_274' title='bbox 818 3240 930 3308; x_wconf 82' lang='lat' dir='ltr'><strong>Othonis</strong></span> <span class='ocrx_word' id='word_1_275' title='bbox 946 3241 1053 3294; x_wconf 84' lang='lat' dir='ltr'><strong>cedaver</strong></span> <span class='ocrx_word' id='word_1_276' title='bbox 1068 3241 1121 3314; x_wconf 79' lang='lat' dir='ltr'><strong>jam</strong></span> 
     </span>
     <span class='ocr_line' id='line_1_31' title="bbox 54 3317 1121 3398; baseline 0.001 -28"><span class='ocrx_word' id='word_1_277' title='bbox 54 3319 149 3376; x_wconf 83' lang='lat' dir='ltr'><strong>Sueten.</strong></span> <span class='ocrx_word' id='word_1_278' title='bbox 160 3327 223 3378; x_wconf 85' lang='lat' dir='ltr'><strong>Ner.</strong></span> <span class='ocrx_word' id='word_1_279' title='bbox 235 3344 257 3376; x_wconf 77' lang='lat' dir='ltr'><strong>c.</strong></span> <span class='ocrx_word' id='word_1_280' title='bbox 267 3321 308 3378; x_wconf 84' lang='lat'><strong>38.</strong></span> <span class='ocrx_word' id='word_1_281' title='bbox 319 3323 372 3376; x_wconf 89' lang='lat' dir='ltr'><strong>Dio</strong></span> <span class='ocrx_word' id='word_1_282' title='bbox 381 3322 449 3376; x_wconf 88' lang='lat' dir='ltr'><strong>Cass.</strong></span> <span class='ocrx_word' id='word_1_283' title='bbox 458 3323 556 3390; x_wconf 83' lang='lat' dir='ltr'><strong>Lvllt,</strong></span> <span class='ocrx_word' id='word_1_284' title='bbox 606 3336 678 3398; x_wconf 87' lang='lat' dir='ltr'><strong>putre</strong></span> <span class='ocrx_word' id='word_1_285' title='bbox 700 3332 822 3396; x_wconf 72' lang='lat' dir='ltr'><strong>spectaret</strong></span> <span class='ocrx_word' id='word_1_286' title='bbox 842 3337 849 3372; x_wconf 80' lang='lat' dir='ltr'><strong>t</strong></span> <span class='ocrx_word' id='word_1_287' title='bbox 877 3343 890 3368; x_wconf 80' lang='lat' dir='ltr'><strong>o</strong></span> <span class='ocrx_word' id='word_1_288' title='bbox 903 3319 1001 3372; x_wconf 83' lang='lat' dir='ltr'><strong>Mortui</strong></span> <span class='ocrx_word' id='word_1_289' title='bbox 1021 3317 1121 3372; x_wconf 88' lang='lat' dir='ltr'><strong>inimici</strong></span> 
     </span>
     <span class='ocr_line' id='line_1_32' title="bbox 55 3397 1020 3480; baseline -0.01 -24"><span class='ocrx_word' id='word_1_290' title='bbox 55 3399 95 3466; x_wconf 79' lang='lat'><strong>23,</strong></span> <span class='ocrx_word' id='word_1_291' title='bbox 105 3403 196 3469; x_wconf 80' lang='lat' dir='ltr'><strong>tradit,</strong></span> <span class='ocrx_word' id='word_1_292' title='bbox 209 3404 281 3456; x_wconf 85' lang='lat' dir='ltr'><strong>hune</strong></span> <span class='ocrx_word' id='word_1_293' title='bbox 291 3421 392 3456; x_wconf 84' lang='lat' dir='ltr'><strong>versum</strong></span> <span class='ocrx_word' id='word_1_294' title='bbox 404 3419 470 3476; x_wconf 82' lang='lat' dir='ltr'><strong>srepe</strong></span> <span class='ocrx_word' id='word_1_295' title='bbox 481 3401 558 3454; x_wconf 85' lang='lat' dir='ltr'><strong>Tibe·</strong></span> <span class='ocrx_word' id='word_1_296' title='bbox 606 3421 697 3475; x_wconf 89' lang='lat' dir='ltr'><strong>corpus</strong></span> <span class='ocrx_word' id='word_1_297' title='bbox 708 3417 841 3480; x_wconf 80' lang='lat' dir='ltr'><strong>nupquaro</strong></span> <span class='ocrx_word' id='word_1_298' title='bbox 853 3397 921 3450; x_wconf 87' lang='lat' dir='ltr'><strong>male</strong></span> <span class='ocrx_word' id='word_1_299' title='bbox 935 3397 1020 3450; x_wconf 82' lang='lat' dir='ltr'><strong>olet.»</strong></span> 
     </span>
     <span class='ocr_line' id='line_1_33' title="bbox 52 3473 1121 3547; baseline -0.005 -16"><span class='ocrx_word' id='word_1_300' title='bbox 52 3477 111 3532; x_wconf 83' lang='lat' dir='ltr'><strong>rium</strong></span> <span class='ocrx_word' id='word_1_301' title='bbox 120 3481 146 3534; x_wconf 93' lang='lat' dir='ltr'><strong>in</strong></span> <span class='ocrx_word' id='word_1_302' title='bbox 157 3503 202 3537; x_wconf 90' lang='lat' dir='ltr'><strong>ore</strong></span> <span class='ocrx_word' id='word_1_303' title='bbox 214 3479 340 3534; x_wconf 83' lang='lat' dir='ltr'><strong>habuisse.</strong></span> <span class='ocrx_word' id='word_1_304' title='bbox 351 3479 451 3533; x_wconf 77' lang='lat' dir='ltr'><strong>Alludit</strong></span> <span class='ocrx_word' id='word_1_305' title='bbox 463 3501 494 3532; x_wconf 91' lang='lat' dir='ltr'><strong>eo</strong></span> <span class='ocrx_word' id='word_1_306' title='bbox 503 3479 557 3534; x_wconf 86' lang='lat' dir='ltr'><strong>Cic.</strong></span> <span class='ocrx_word' id='word_1_307' title='bbox 639 3477 664 3530; x_wconf 78' lang='grc'><strong>6.</strong></span> <span class='ocrx_word' id='word_1_308' title='bbox 673 3477 788 3530; x_wconf 81' lang='lat' dir='ltr'><strong>Nullam</strong></span> <span class='ocrx_word' id='word_1_309' title='bbox 793 3511 835 3527; x_wconf 82' lang='grc'><strong>.....</strong></span> <span class='ocrx_word' id='word_1_310' title='bbox 846 3480 1006 3528; x_wconf 76' lang='lat' dir='ltr'><strong>animosam.</strong></span> <span class='ocrx_word' id='word_1_311' title='bbox 1018 3473 1121 3547; x_wconf 84' lang='lat' dir='ltr'><strong>Lipsius</strong></span> 
     </span>
     <span class='ocr_line' id='line_1_34' title="bbox 52 3552 1121 3633; baseline -0.006 -21"><span class='ocrx_word' id='word_1_312' title='bbox 52 3556 78 3608; x_wconf 85' lang='lat' dir='ltr'><strong>de</strong></span> <span class='ocrx_word' id='word_1_313' title='bbox 94 3559 181 3614; x_wconf 80' lang='lat' dir='ltr'><strong>Finilt·</strong></span> <span class='ocrx_word' id='word_1_314' title='bbox 199 3561 262 3627; x_wconf 94' lang='lat' dir='ltr'><strong>lll,</strong></span> <span class='ocrx_word' id='word_1_315' title='bbox 286 3579 329 3632; x_wconf 64' lang='grc' dir='ltr'><strong>ιθ,</strong></span> <span class='ocrx_word' id='word_1_316' title='bbox 342 3557 388 3610; x_wconf 85' lang='lat' dir='ltr'><strong>fin.</strong></span> <span class='ocrx_word' id='word_1_317' title='bbox 404 3557 558 3633; x_wconf 72' lang='lat' dir='ltr'><strong>Euripidem</strong></span> <span class='ocrx_word' id='word_1_318' title='bbox 607 3556 640 3610; x_wconf 90' lang='lat' dir='ltr'><strong>ed</strong></span> <span class='ocrx_word' id='word_1_319' title='bbox 653 3556 679 3609; x_wconf 86' lang='lat' dir='ltr'><strong>lr.</strong></span> <span class='ocrx_word' id='word_1_320' title='bbox 699 3556 718 3608; x_wconf 91' lang='lat' dir='ltr'><strong>l.</strong></span> <span class='ocrx_word' id='word_1_321' title='bbox 739 3556 855 3609; x_wconf 85' lang='lat' dir='ltr'><strong>observat</strong></span> <span class='ocrx_word' id='word_1_322' title='bbox 866 3573 874 3608; x_wconf 76' lang='lat' dir='ltr'><strong>t</strong></span> <span class='ocrx_word' id='word_1_323' title='bbox 885 3576 897 3600; x_wconf 79' lang='lat' dir='ltr'><strong>o</strong></span> <span class='ocrx_word' id='word_1_324' title='bbox 912 3553 984 3621; x_wconf 83' lang='lat' dir='ltr'><strong>Quid</strong></span> <span class='ocrx_word' id='word_1_325' title='bbox 1002 3552 1121 3606; x_wconf 80' lang='lat' dir='ltr'><strong>mirum?</strong></span> 
     </span>
     <span class='ocr_line' id='line_1_35' title="bbox 50 3631 1121 3709; baseline -0.004 -23"><span class='ocrx_word' id='word_1_326' title='bbox 50 3633 184 3692; x_wconf 68' lang='lat' dir='ltr'><strong>illeverunt</strong></span> <span class='ocrx_word' id='word_1_327' title='bbox 198 3661 212 3692; x_wconf 92' lang='lat' dir='ltr'><strong>e</strong></span> <span class='ocrx_word' id='word_1_328' title='bbox 224 3637 337 3692; x_wconf 82' lang='lat' dir='ltr'><strong>dramate</strong></span> <span class='ocrx_word' id='word_1_329' title='bbox 355 3637 486 3709; x_wconf 88' lang='lat' dir='ltr'><strong>deperdito</strong></span> <span class='ocrx_word' id='word_1_330' title='bbox 506 3657 559 3692; x_wconf 84' lang='lat' dir='ltr'><strong>esse</strong></span> <span class='ocrx_word' id='word_1_331' title='bbox 607 3654 669 3688; x_wconf 88' lang='lat' dir='ltr'><strong>nem</strong></span> <span class='ocrx_word' id='word_1_332' title='bbox 687 3633 789 3687; x_wconf 88' lang='lat' dir='ltr'><strong>bonitas</strong></span> <span class='ocrx_word' id='word_1_333' title='bbox 810 3631 908 3706; x_wconf 87' lang='lat' dir='ltr'><strong>placida</strong></span> <span class='ocrx_word' id='word_1_334' title='bbox 929 3643 966 3684; x_wconf 87' lang='lat' dir='ltr'><strong>est</strong></span> <span class='ocrx_word' id='word_1_335' title='bbox 982 3645 1006 3684; x_wconf 91' lang='lat' dir='ltr'><strong>et</strong></span> <span class='ocrx_word' id='word_1_336' title='bbox 1016 3631 1121 3703; x_wconf 72' lang='lat' dir='ltr'><strong>jacens:</strong></span> 
     </span>
     <span class='ocr_line' id='line_1_36' title="bbox 51 3710 1122 3788; baseline -0.004 -22"><span class='ocrx_word' id='word_1_337' title='bbox 51 3727 149 3785; x_wconf 83' lang='lat' dir='ltr'><strong>putatm.</strong></span> <span class='ocrx_word' id='word_1_338' title='bbox 159 3717 215 3770; x_wconf 83' lang='lat' dir='ltr'><strong>Nos</strong></span> <span class='ocrx_word' id='word_1_339' title='bbox 226 3739 234 3780; x_wconf 69' lang='grc' dir='ltr'>ς</span> <span class='ocrx_word' id='word_1_340' title='bbox 247 3720 326 3787; x_wconf 70' lang='lat' dir='ltr'><strong>apres</strong></span> <span class='ocrx_word' id='word_1_341' title='bbox 336 3720 392 3770; x_wconf 83' lang='lat' dir='ltr'><strong>moi</strong></span> <span class='ocrx_word' id='word_1_342' title='bbox 399 3719 424 3770; x_wconf 81' lang='lat' dir='ltr'><strong>le</strong></span> <span class='ocrx_word' id='word_1_343' title='bbox 434 3717 534 3783; x_wconf 72' lang='lat' dir='ltr'><strong>de&#39;lrsge.</strong></span> <span class='ocrx_word' id='word_1_344' title='bbox 608 3735 655 3768; x_wconf 91' lang='lat' dir='ltr'><strong>nec</strong></span> <span class='ocrx_word' id='word_1_345' title='bbox 663 3713 783 3788; x_wconf 86' lang='lat' dir='ltr'><strong>impeturn</strong></span> <span class='ocrx_word' id='word_1_346' title='bbox 795 3712 822 3764; x_wconf 91' lang='lat' dir='ltr'><strong>in</strong></span> <span class='ocrx_word' id='word_1_347' title='bbox 828 3711 925 3774; x_wconf 87' lang='lat' dir='ltr'><strong>verbis,</strong></span> <span class='ocrx_word' id='word_1_348' title='bbox 939 3730 1019 3782; x_wconf 85' lang='lat' dir='ltr'><strong>quum</strong></span> <span class='ocrx_word' id='word_1_349' title='bbox 1030 3710 1058 3762; x_wconf 91' lang='lat' dir='ltr'><strong>in</strong></span> <span class='ocrx_word' id='word_1_350' title='bbox 1066 3710 1122 3763; x_wconf 90' lang='lat' dir='ltr'><strong>ani·</strong></span> 
     </span>
    </p>

    <p class='ocr_par' dir='ltr' id='par_1_7' title="bbox 48 3787 1122 4181">
     <span class='ocr_line' id='line_1_37' title="bbox 79 3787 1121 3864; baseline -0.005 -19"><span class='ocrx_word' id='word_1_351' title='bbox 79 3792 268 3858; x_wconf 66' lang='lat' dir='ltr'><strong>l.Secundiurr&#39;.</strong></span> <span class='ocrx_word' id='word_1_352' title='bbox 279 3794 310 3846; x_wconf 87' lang='lat' dir='ltr'><strong>ld</strong></span> <span class='ocrx_word' id='word_1_353' title='bbox 317 3791 558 3864; x_wconf 81' lang='lat' dir='ltr'><strong>estoltseqnentiori,</strong></span> <span class='ocrx_word' id='word_1_354' title='bbox 608 3813 651 3846; x_wconf 90' lang='lat' dir='ltr'><strong>mo</strong></span> <span class='ocrx_word' id='word_1_355' title='bbox 670 3811 724 3843; x_wconf 90' lang='lat' dir='ltr'><strong>non</strong></span> <span class='ocrx_word' id='word_1_356' title='bbox 745 3790 854 3855; x_wconf 83' lang='lat' dir='ltr'><strong>lrabeat,</strong></span> <span class='ocrx_word' id='word_1_357' title='bbox 873 3787 969 3862; x_wconf 80' lang='lat' dir='ltr'><strong>capit»</strong></span> <span class='ocrx_word' id='word_1_358' title='bbox 982 3787 1121 3840; x_wconf 82' lang='lat' dir='ltr'><strong>Enimvero</strong></span> 
     </span>
     <span class='ocr_line' id='line_1_38' title="bbox 49 3865 1120 3946; baseline 0 -26"><span class='ocrx_word' id='word_1_359' title='bbox 49 3871 163 3938; x_wconf 80' lang='lat' dir='ltr'><strong>faciliori,</strong></span> <span class='ocrx_word' id='word_1_360' title='bbox 188 3873 378 3928; x_wconf 83' lang='lat' dir='ltr'><strong>translationes</strong></span> <span class='ocrx_word' id='word_1_361' title='bbox 397 3873 521 3946; x_wconf 73' lang='lat' dir='ltr'><strong>fingendo</strong></span> <span class='ocrx_word' id='word_1_362' title='bbox 533 3883 558 3924; x_wconf 92' lang='lat' dir='ltr'><strong>et</strong></span> <span class='ocrx_word' id='word_1_363' title='bbox 606 3870 667 3923; x_wconf 85' lang='lat' dir='ltr'><strong>huic</strong></span> <span class='ocrx_word' id='word_1_364' title='bbox 691 3867 821 3922; x_wconf 83' lang='lat' dir='ltr'><strong>sententice</strong></span> <span class='ocrx_word' id='word_1_365' title='bbox 845 3887 900 3920; x_wconf 85' lang='lat' dir='ltr'><strong>non</strong></span> <span class='ocrx_word' id='word_1_366' title='bbox 919 3865 1120 3940; x_wconf 67' lang='lat' dir='ltr'><strong>subscripserim.</strong></span> 
     </span>
     <span class='ocr_line' id='line_1_39' title="bbox 49 3948 1122 4025; baseline -0.003 -22"><span class='ocrx_word' id='word_1_367' title='bbox 49 3967 100 4002; x_wconf 82' lang='lat' dir='ltr'><strong>tera</strong></span> <span class='ocrx_word' id='word_1_368' title='bbox 110 3952 252 4025; x_wconf 84' lang='lat' dir='ltr'><strong>desumpta.</strong></span> <span class='ocrx_word' id='word_1_369' title='bbox 263 3953 303 4006; x_wconf 89' lang='lat' dir='ltr'><strong>De</strong></span> <span class='ocrx_word' id='word_1_370' title='bbox 314 3951 374 4004; x_wconf 86' lang='lat' dir='ltr'><strong>Vita</strong></span> <span class='ocrx_word' id='word_1_371' title='bbox 385 3949 450 4003; x_wconf 77' lang='lat' dir='ltr'><strong>lieet.</strong></span> <span class='ocrx_word' id='word_1_372' title='bbox 463 3968 513 4014; x_wconf 76' lang='lat'><strong>27,</strong></span> <span class='ocrx_word' id='word_1_373' title='bbox 527 3950 559 4015; x_wconf 74' lang='lat'><strong>4,</strong></span> <span class='ocrx_word' id='word_1_374' title='bbox 608 3949 731 4004; x_wconf 72' lang='lat' dir='ltr'><strong>Conferat</strong></span> <span class='ocrx_word' id='word_1_375' title='bbox 751 3949 830 4002; x_wconf 89' lang='lat' dir='ltr'><strong>rnodo</strong></span> <span class='ocrx_word' id='word_1_376' title='bbox 856 3948 1032 4001; x_wconf 86' lang='lat' dir='ltr'><strong>collectionem</strong></span> <span class='ocrx_word' id='word_1_377' title='bbox 1053 3967 1122 4020; x_wconf 85' lang='lat' dir='ltr'><strong>apo—</strong></span> 
     </span>
     <span class='ocr_line' id='line_1_40' title="bbox 49 4026 1121 4102; baseline -0.002 -20"><span class='ocrx_word' id='word_1_378' title='bbox 49 4052 60 4074; x_wconf 85' lang='lat'>«</span> <span class='ocrx_word' id='word_1_379' title='bbox 68 4031 173 4086; x_wconf 82' lang='lat' dir='ltr'><strong>mollem</strong></span> <span class='ocrx_word' id='word_1_380' title='bbox 186 4033 368 4102; x_wconf 76' lang='lat' dir='ltr'><strong>cedentemque</strong></span> <span class='ocrx_word' id='word_1_381' title='bbox 385 4028 516 4082; x_wconf 87' lang='lat' dir='ltr'><strong>materiam</strong></span> <span class='ocrx_word' id='word_1_382' title='bbox 526 4049 533 4090; x_wconf 84' lang='lat'>;</span> <span class='ocrx_word' id='word_1_383' title='bbox 544 4049 557 4074; x_wconf 76' lang='lat' dir='ltr'><strong>s</strong></span> <span class='ocrx_word' id='word_1_384' title='bbox 607 4026 799 4102; x_wconf 82' lang='lat' dir='ltr'><strong>phthegmatum</strong></span> <span class='ocrx_word' id='word_1_385' title='bbox 809 4045 897 4099; x_wconf 77' lang='lat' dir='ltr'><strong>regum</strong></span> <span class='ocrx_word' id='word_1_386' title='bbox 911 4039 936 4080; x_wconf 94' lang='lat' dir='ltr'><strong>et</strong></span> <span class='ocrx_word' id='word_1_387' title='bbox 948 4026 1041 4078; x_wconf 87' lang='lat' dir='ltr'><strong>dueum</strong></span> <span class='ocrx_word' id='word_1_388' title='bbox 1053 4027 1121 4100; x_wconf 84' lang='lat' dir='ltr'><strong>apud</strong></span> 
     </span>
     <span class='ocr_line' id='line_1_41' title="bbox 48 4105 1119 4181; baseline 0 -23"><span class='ocrx_word' id='word_1_389' title='bbox 48 4105 76 4158; x_wconf 87' lang='lat' dir='ltr'><strong>de</strong></span> <span class='ocrx_word' id='word_1_390' title='bbox 83 4107 171 4162; x_wconf 82' lang='lat' dir='ltr'><strong>Benef.</strong></span> <span class='ocrx_word' id='word_1_391' title='bbox 178 4111 218 4164; x_wconf 81' lang='lat' dir='ltr'><strong>Vl</strong></span> <span class='ocrx_word' id='word_1_392' title='bbox 226 4150 233 4177; x_wconf 92' lang='lat'><strong>,</strong></span> <span class='ocrx_word' id='word_1_393' title='bbox 242 4131 283 4181; x_wconf 73' lang='lat'><strong>29,</strong></span> <span class='ocrx_word' id='word_1_394' title='bbox 293 4109 397 4164; x_wconf 83' lang='lat' dir='ltr'><strong>r.Reete</strong></span> <span class='ocrx_word' id='word_1_395' title='bbox 406 4127 486 4181; x_wconf 83' lang='lat' dir='ltr'><strong>recep.</strong></span> <span class='ocrx_word' id='word_1_396' title='bbox 496 4107 560 4159; x_wconf 88' lang='lat' dir='ltr'><strong>Gro·</strong></span> <span class='ocrx_word' id='word_1_397' title='bbox 608 4105 739 4159; x_wconf 85' lang='lat' dir='ltr'><strong>Plutarch.</strong></span> <span class='ocrx_word' id='word_1_398' title='bbox 748 4105 780 4158; x_wconf 87' lang='lat' dir='ltr'><strong>T.</strong></span> <span class='ocrx_word' id='word_1_399' title='bbox 788 4105 862 4158; x_wconf 83' lang='lat' dir='ltr'><strong>Vlll.</strong></span> <span class='ocrx_word' id='word_1_400' title='bbox 873 4105 947 4178; x_wconf 81' lang='lat' dir='ltr'><strong>p.8s,</strong></span> <span class='ocrx_word' id='word_1_401' title='bbox 956 4105 1119 4177; x_wconf 72' lang='lat' dir='ltr'><strong>sqqdlntten.</strong></span> 
     </span>
    </p>
   </div>
   <div class='ocr_carea' id='block_1_5' title="bbox 48 4181 1121 4260">
    <p class='ocr_par' dir='ltr' id='par_1_8' title="bbox 48 4181 1121 4260">
     <span class='ocr_line' id='line_1_42' title="bbox 48 4181 1121 4260; baseline -0.001 -24"><span class='ocrx_word' id='word_1_402' title='bbox 48 4185 558 4260; x_wconf 72' lang='lat' dir='ltr'><strong>uor.eeodd.Antea:fieundrirrt&#39;,sensu</strong></span> <span class='ocrx_word' id='word_1_403' title='bbox 608 4183 653 4238; x_wconf 90' lang='lat' dir='ltr'><strong>ubi</strong></span> <span class='ocrx_word' id='word_1_404' title='bbox 675 4183 755 4236; x_wconf 84' lang='lat' dir='ltr'><strong>inulta</strong></span> <span class='ocrx_word' id='word_1_405' title='bbox 773 4200 844 4254; x_wconf 65' lang='lat' dir='ltr'><strong>eque</strong></span> <span class='ocrx_word' id='word_1_406' title='bbox 869 4182 985 4236; x_wconf 86' lang='lat' dir='ltr'><strong>enimosa</strong></span> <span class='ocrx_word' id='word_1_407' title='bbox 1005 4181 1121 4236; x_wconf 82' lang='lat' dir='ltr'><strong>invenies</strong></span> 
     </span>
    </p>
   </div>
   <div class='ocr_carea' id='block_1_6' title="bbox 47 4261 1120 4340">
    <p class='ocr_par' dir='ltr' id='par_1_9' title="bbox 47 4261 1120 4340">
     <span class='ocr_line' id='line_1_43' title="bbox 47 4261 1120 4340; baseline -0.006 -20"><span class='ocrx_word' id='word_1_408' title='bbox 47 4261 209 4337; x_wconf 76' lang='lat' dir='ltr'><strong>inprobante</strong></span> <span class='ocrx_word' id='word_1_409' title='bbox 221 4266 337 4322; x_wconf 85' lang='lat' dir='ltr'><strong>ldodeste</strong></span> <span class='ocrx_word' id='word_1_410' title='bbox 345 4277 508 4340; x_wconf 82' lang='lat' dir='ltr'><strong>proposuerat</strong></span> <span class='ocrx_word' id='word_1_411' title='bbox 519 4263 560 4316; x_wconf 88' lang='lat' dir='ltr'><strong>vir</strong></span> <span class='ocrx_word' id='word_1_412' title='bbox 611 4263 677 4316; x_wconf 85' lang='lat' dir='ltr'><strong>dieta</strong></span> <span class='ocrx_word' id='word_1_413' title='bbox 688 4281 777 4335; x_wconf 73' lang='lat' dir='ltr'><strong>regum</strong></span> <span class='ocrx_word' id='word_1_414' title='bbox 787 4299 795 4330; x_wconf 85' lang='lat'><strong>,</strong></span> <span class='ocrx_word' id='word_1_415' title='bbox 806 4280 862 4334; x_wconf 74' lang='lat' dir='ltr'><strong>qne</strong></span> <span class='ocrx_word' id='word_1_416' title='bbox 870 4261 966 4317; x_wconf 85' lang='lat' dir='ltr'><strong>scilicet</strong></span> <span class='ocrx_word' id='word_1_417' title='bbox 974 4261 1120 4336; x_wconf 78' lang='lat' dir='ltr'><strong>praeteriisse</strong></span> 
     </span>
    </p>
   </div>
   <div class='ocr_carea' id='block_1_7' title="bbox 0 0 1452 4954">
    <p class='ocr_par' dir='ltr' id='par_1_10' title="bbox 0 0 1452 4954">
     <span class='ocr_line' id='line_1_44' title="bbox 0 0 1452 4954; baseline 0 4"><span class='ocrx_word' id='word_1_418' title='bbox 0 0 1452 4954; x_wconf 95' lang='lat' dir='ltr'><strong> </strong></span> 
     </span>
    </p>
   </div>
  </div>
 </body>
</html>
