2896 4958
304 373 388 458 exori
494 370 526 437 J.
555 361 719 440 mrsu
743 373 1210 448 isauuuucrtouis

614 598 957 666 DISSERTtl'l'IO
977 600 1084 666 Vlll.

310 765 335 823 V
338 765 355 824 l
371 765 482 826 Pntud.
505 767 669 847 Sapientem
690 790 745 828 non
766 769 906 850 opinari:
925 771 1045 852 itemque
1065 793 1121 831 non
1140 773 1271 848 ignorare
1288 791 1298 830 .·
1322 791 1372 832 nort

676 869 801 950 scaliers,
815 895 873 934 non
886 877 1009 935 mentiri.

348 1039 414 1104 Seu
430 1061 488 1124 ego
501 1053 671 1124 opportune
681 1044 808 1125 gradum
822 1061 992 1126 promoveo
1004 1046 1043 1106 ad
1053 1042 1264 1120 Paradoxum,
1276 1045 1312 1106 ab
1324 1046 1373 1107 isto
1426 1061 1427 1066 ’

311 1149 392 1211 velut
405 1169 515 1210 nexum
532 1170 540 1207 a
556 1150 638 1230 quod
649 1162 712 1222 est,
728 1177 743 1203 ιι
756 1147 933 1232 Sapientem
946 1171 1010 1213 non
1024 1152 1153 1235 opinari.
1167 1150 1376 1215 »Laeuinus

311 1253 400 1317 effert
417 1279 424 1316 ε
443 1253 541 1315 «Non
560 1255 755 1338 opinaturum
767 1254 955 1341 Sapientem,
972 1257 1032 1322 hoc
1046 1273 1101 1336 est,
1117 1257 1210 1322 Falso
1229 1258 1304 1322 nulli
1324 1281 1375 1319 un-

311 1382 403 1444 quam
420 1381 647 1424 consensurum.
664 1389 679 1416 a
694 1360 861 1425 Stobaeanae
872 1360 1016 1449 Eclogae:
1033 1395 1048 1420 a
1062 1364 1188 1428 Falsum
1200 1367 1311 1449 aliquid
1322 1388 1378 1427 sns-

311 1467 414 1552 eipere
429 1481 541 1552 negant
556 1489 688 1550 unqtiam
703 1467 880 1553 Sapientem
898 1497 905 1532 ε
924 1493 1022 1552 neque
1037 1472 1111 1534 item
1124 1472 1192 1534 ullae
1209 1475 1257 1536 rei
1276 1473 1378 1535 incom-

311 1575 467 1660 prehensae
480 1596 637 1638 assensum
655 1578 746 1648 dare;
769 1577 840 1660 quia
854 1599 951 1662 neque
965 1576 1135 1663 Opinatur,
1151 1601 1249 1662 neque
1267 1580 1379 1664 Ignorat

312 1681 485 1764 quidquam.
502 1708 517 1735 a
541 1677 624 1742 Auo.
644 1679 739 1745 Satiu'
751 1683 815 1746 haee
832 1705 850 1746 a
868 1706 920 1747 me
935 1685 1082 1770 intelligi,
1099 1700 1150 1748 aut
1170 1699 1233 1749 ate
1254 1685 1377 1750 adstrui?

312 1786 397 1850 ers.
413 1787 492 1851 Mihi
514 1788 597 1852 clara
617 1790 765 1854 videntur.
781 1791 864 1853 Auo.
877 1790 1054 1876 Sapientem
1069 1814 1132 1855 non
1149 1794 1291 1877 opinari?
1304 1791 1379 1854 Lus.

312 1896 488 1980 Nunquam.
505 1896 590 1958 Auo.
604 1895 719 1960 Omnia
737 1899 827 1985 igitur
841 1901 939 1964 scire?
954 1897 1247 1964 [sessonensi.
1266 1899 1307 1963 Et
1315 1899 1381 1962 nibil

311 2006 474 2091 ignorare?
493 2003 579 2067 Lus.
594 2003 691 2067 Ndiil.
706 2004 790 2068 Auo.
805 2004 968 2084 Proiecto,
983 2006 1073 2071 Juste
1094 2007 1199 2093 lipsi,
1215 2009 1280 2071 baec
1295 2007 1382 2070 Para-

313 2117 391 2178 doxa
408 2127 501 2177 smt:
523 2113 600 2176 mibi
620 2133 684 2176 non
704 2115 905 2192 admittenda,
927 2112 1226 2178 tibibabeas.L11›s.
1254 2115 1341 2190 Tibi,
1361 2113 1383 2174 si

314 2222 407 2305 capis.
421 2219 545 2305 Species
554 2219 718 2282 verborum
728 2222 869 2305 percutit,
880 2235 911 2283 et
920 2221 985 2304 ipsa
995 2219 1110 2306 Opinio
1118 2235 1162 2284 est
1173 2243 1238 2304 φη
1248 2235 1278 2284 te
1289 2234 1382 2283 vexat:

315 2349 382 2392 rem
393 2329 471 2391 ride.
485 2325 620 2412 Sapienti
629 2327 693 2391 baec
704 2329 864 2392 tribuimus
876 2354 883 2402 ;
894 2331 1029 2392 nondum
1040 2328 1094 2391 tibi
1103 2343 1155 2391 aut
1163 2329 1240 2392 mibi
1251 2377 1260 2408 ,
1272 2329 1323 2392 rani
1333 2328 1385 2389 ali-

315 2437 364 2500 cui
378 2459 396 2500 e
413 2436 513 2521 vulgo.
527 2434 620 2499 Hunc
632 2437 717 2498 Zeno
730 2457 824 2517 quum
840 2435 872 2497 in
890 2436 1046 2519 exemplar
1060 2435 1240 2513 formasset,
1258 2434 1385 2520 Opinio-

241 2535 242 2540 *
315 2566 387 2607 nem
395 2545 434 2606 ab
445 2564 482 2606 eo
495 2542 636 2620 removit,
650 2543 746 2616 idest,
760 2545 909 2606 Errorum
917 2541 1134 2626 Vitiornmque
1142 2557 1285 2606 matrem.
1296 2541 1384 2613 Zeno,

315 2652 463 2734 inquam,
481 2652 607 2735 primus.
629 2678 643 2705 o
660 2649 764 2713 Nemo
785 2652 867 2714 enim
886 2651 1100 2736 superiortun,
1119 2651 1161 2712 ait
1180 2648 1311 2722 Cicero,
1332 2665 1401 2716 non,

316 2763 410 2823 modo
424 2772 630 2843 expresserat,
646 2761 751 2822 sedne
772 2759 889 2822 dixerat
901 2759 1023 2841 quidem
1039 2741 1128 2842 posse
1143 2757 1302 2819 bominem
1320 2753 1388 2816 nibil

317 2865 437 2948 opinari
450 2888 458 2925 a
472 2887 530 2928 nec
544 2865 644 2927 solum
657 2884 762 2950 posse,
779 2865 887 2928 sedita
903 2886 1027 2928 necesse
1046 2885 1113 2927 esse
1132 2860 1283 2947 Sapienti.
1301 2890 1316 2917 a
1334 2855 1387 2941 llV

317 2970 438 3050 dead.)
452 2969 495 3034 At
507 2972 592 3034 Zeno
611 2973 700 3047 iecit,
719 2986 753 3034 ut
771 2973 853 3034 addit
876 2996 884 3033 s
905 2987 936 3035 et
950 2972 1030 3035 ratio
1049 2972 1142 3033 etiam
1163 2951 1388 3055 comprobavitt

318 3077 476 3142 Lactantio
490 3079 612 3161 quidem
624 3079 732 3162 judice.
746 3077 829 3160 (Ill,
849 3101 915 3164 cap.
932 3079 989 3157 4.)
1008 3106 1024 3134 «ι
1044 3076 1161 3152 Recte,
1175 3077 1293 3160 inquit,
1314 3075 1391 3136 Zeno

320 3201 350 3251 et
363 3186 458 3252 Stoici
471 3185 690 3272 Opinationem
704 3189 911 3273 repudiarunt.
924 3185 1055 3273 Opinari
1075 3187 1157 3249 enim
1175 3201 1204 3249 te
1221 3185 1301 3249 seire
1319 3182 1391 3265 qnod

318 3295 457 3371 nescias,
472 3314 534 3356 non
548 3308 594 3358 est
606 3293 775 3380 Sapientis,
794 3298 848 3358 sed
862 3295 1018 3358 temerarii
1035 3295 1135 3379 potins
1155 3315 1191 3357 ac
1210 3293 1304 3355 stulti.
1322 3319 1336 3344 a
1357 3285 1393 3349 Et

321 3417 402 3466 certe
416 3399 565 3486 Opinioni
579 3402 663 3463 omni
676 3403 829 3465 contraria
840 3416 886 3464 est
895 3399 1046 3474 scientim
1060 3404 1141 3484 quod
1158 3400 1200 3462 ita
1218 3401 1303 3463 idem
1317 3397 1393 3459 Zeno

320 3507 494 3572 adstruebat
509 3530 518 3569 t
539 3535 554 3562 α
569 3505 603 3570 Si
617 3508 690 3589 quid
704 3522 783 3571 esset
794 3509 837 3570 ita
851 3508 1126 3593 comprehensum,
1143 3521 1177 3569 ut
1191 3505 1325 3569 convelli
1335 3501 1397 3562 Ra-

321 3616 402 3677 tione
410 3635 473 3676 non
484 3627 602 3698 posset,
614 3612 795 3686 Scientiam;
809 3615 856 3676 sin
866 3614 972 3692 aliter,
985 3612 1178 3678 luculentiam
1189 3609 1395 3698 appellabant:

323 3743 359 3782 ex
380 3741 439 3802 qua
457 3720 612 3782 exsisteret
631 3719 724 3782 etiam
741 3716 878 3803 Opinio,
902 3741 966 3802 quse
987 3732 1067 3782 esset
1084 3719 1262 3796 imbecilla,
1284 3730 1316 3779 et
1334 3734 1396 3778 curn

324 3825 402 3888 salso
433 3826 645 3909 incognitoque
668 3826 848 3888 communis.
870 3851 885 3878 u
904 3822 1035 3904 (ciel,
1050 3824 1168 3902 Acad.)
1188 3823 1302 3906 Neque
1323 3821 1397 3884 enisu

325 3932 408 3995 aliud
419 3944 464 3994 est
473 3929 607 4015 Opinio,
621 3953 712 4013 quam
724 3945 776 3992 aut
786 3931 863 3994 lalsa
873 3933 910 3994 de
922 3931 1013 3994 rebus
1023 3931 1157 4014 judicare
1169 3955 1176 4003 ;
1188 3943 1241 3992 aut
1250 3950 1335 4003 vera,
1351 3926 1398 3986 sed

323 4038 484 4100 infirmiter
499 4060 555 4102 nec
571 4038 702 4100 Ratione
719 4037 884 4101 suffultum.
899 4035 1013 4100 Stobcei
1027 4034 1151 4120 Eclogae
1173 4061 1180 4096 ε
1202 4064 1217 4090 ιι
1239 4034 1399 4119 Duplicem

325 4165 390 4208 esse
404 4141 611 4228 Opinionem,
629 4166 721 4206 unam
735 4145 781 4206 rei
795 4143 1052 4227 incomprehensae
1066 4163 1239 4217 assensnrn,
1258 4141 1398 4212 alteram,

326 4253 479 4314 infirmam
495 4255 533 4315 de
550 4273 585 4313 re
600 4251 832 4334 susceptionem.
849 4249 916 4314 llas
936 4250 1050 4313 alienas
1065 4247 1216 4332 Sapientis
1231 4245 1399 4314 affectioni,
