2896 4954
334 440 396 482 222
659 411 725 478 DE
749 411 1068 482 CLEMENTIA

332 560 366 611 et
391 567 426 612 se
450 559 534 635 togoe
556 539 743 610 reddiderit
759 553 791 624 ¹,
813 544 890 634 quis
906 557 1016 612 tamen
1036 547 1209 634 unquam¹
1230 558 1387 635 tyrannus
1426 589 1427 624 ,

333 673 399 724 tem
426 654 523 724 auide
551 655 736 724 humanum
763 656 963 748 sanguinem
981 656 1088 738 bibit,
1114 675 1215 748 quam
1234 657 1294 724 ille
1310 707 1319 738 ,
1335 660 1386 749 qui

331 787 460 865 septem
487 771 592 838 millia
617 772 739 838 civium
769 773 994 840 Romanorum
1020 749 1249 840 contrucidari
1269 772 1388 864 jussit?

332 892 373 958 Et
390 913 493 980 quum
514 889 549 954 in
562 887 694 968 vicino,
710 885 754 954 ad
768 885 873 955 aedem
885 886 1029 956 Bellonae
1046 886 1185 970 cedens,
1206 888 1387 956 exaudisset

332 1005 627 1074 conclamationem
661 1019 709 1072 tot
741 1003 882 1072 millium
912 1005 975 1092 tub
1012 1003 1125 1098 gladio
1155 1007 1383 1098 gensentium,

332 1122 491 1191 exterrito
503 1136 621 1189 senatu
641 1147 648 1186 :
668 1148 684 1184 ν
703 1122 774 1188 Hoc
790 1143 951 1213 agamus,
970 1121 1095 1212 inquit,
1114 1125 1153 1190 P.
1170 1123 1228 1204 C.,
1245 1122 1385 1190 seditiosi

330 1239 466 1334 pauculi
484 1261 558 1306 meo
573 1236 671 1328 jussu
688 1234 890 1304 occiduntur
901 1227 928 1303 ³.
946 1263 966 1301 ν
978 1239 1050 1304 Hoc
1062 1253 1196 1304 nonest
1211 1238 1382 1305 mentitus:
1426 1215 1427 1288 l

330 1356 429 1450 pauci
449 1353 552 1424 Sullae
576 1349 792 1430 videbantur.
815 1349 883 1422 Sed
910 1375 989 1420 mox
1015 1351 1072 1420 ille
1096 1353 1219 1421 Sulla:
1245 1377 1383 1422 «conse

330 1492 489 1562 quamnr,
511 1466 679 1561 quomodo
703 1467 855 1537 hostibus
879 1467 1092 1536 irascendum
1111 1463 1207 1551 sitl,
1227 1471 1345 1562 utique
1362 1470 1382 1534 si

329 1585 367 1652 in
385 1583 506 1652 hostile
531 1607 653 1650 nomeu
673 1583 784 1664 cives,
807 1597 840 1648 et
865 1606 906 1649 ex
928 1581 1045 1650 eodem
1064 1606 1206 1674 corpore
1231 1583 1380 1674 abrupti,

330 1689 560 1766 nansicrint⁵.
569 1725 585 1760 ν
600 1697 740 1765 Interim
756 1696 821 1764 hoc
834 1693 926 1787 quod
937 1695 1109 1778 dicebam,
1123 1696 1304 1764 clementia
1317 1697 1383 1763 effi·

329 1816 395 1898 cit,
412 1830 451 1884 ut
462 1838 621 1908 magnum
637 1815 727 1880 inter
738 1837 853 1906 regem
868 1829 1116 1904 tyrannumque
1131 1811 1314 1881 discrimen
1329 1814 1379 1890 sit,
1426 1829 1427 1920 q

328 1945 472 2022 uterquc
498 1930 578 1998 licet
595 1953 663 1997 uon
680 1930 790 1997 minue
808 1929 911 1996 armis
929 1927 1096 2012 valletur,
1117 1926 1178 1995 sed
1196 1928 1283 1996 ulter
1302 1953 1382 1996 orma
1426 1931 1427 2010 j

1426 2079 1427 2112 l

364 2179 385 2212 r.
396 2160 583 2220 Descenderit...
591 2159 738 2210 reddiderit.
747 2158 834 2226 Quum
883 2156 969 2210 Phars-
982 2158 1025 2210 lib.
1036 2158 1139 2220 ll‚dum
1147 2157 1383 2230 Syllamiustmnt

329 2239 434 2292 dictator
456 2239 483 2290 in
502 2257 563 2312 sago
582 2251 660 2304 esset,
681 2237 773 2310 quippe
790 2236 833 2308 qui
882 2237 1382 2303 eoduoempaeis,ait:sTotsimulinlesto

329 2318 396 2370 bello
409 2317 519 2391 gerendo
530 2317 677 2390 plerumque
689 2315 833 2379 creabatur,
882 2313 985 2386 juvenes
996 2315 1143 2368 occumbere
1154 2315 1204 2366 leto
1214 2314 1288 2388 Stepe
1297 2317 1381 2374 sames,
1426 2355 1427 2384 .

328 2395 441 2469 opposita
452 2407 488 2446 est
503 2407 581 2468 toga,
595 2395 669 2448 vestis
682 2393 770 2448 civilis.
783 2393 834 2446 Se·
883 2392 1014 2464 pelagique
1020 2392 1382 2464 lirrorsubiuqueruine‚hut
1426 2449 1427 2460 γ

328 2485 446 2543 quentem
472 2471 603 2524 historiam
628 2470 659 2522 de
688 2470 834 2524 crudelitate
883 2470 1071 2540 celiterrtequc
1086 2469 1155 2534 lues,
1171 2483 1215 2522 aut
1229 2470 1317 2523 bellica
1331 2471 1382 2522 tls-
1426 2479 1427 2532 l

327 2548 405 2602 Sulla
419 2549 469 2622 jam
481 2548 609 2620 attigimus
621 2549 654 2601 ael
665 2551 696 2602 ds
708 2550 747 2601 lra
759 2550 786 2611 l,
802 2568 831 2612 u,
881 2547 934 2610 des,
949 2549 1087 2619 Nunquam
1099 2567 1172 2620 poeua
1184 2546 1241 2600 luit.
1254 2569 1268 2594 ν
1276 2547 1343 2599 ldem
1354 2547 1382 2596 de
1426 2565 1427 2622 q

327 2623 351 2679 3.
362 2625 468 2680 Variant
480 2640 592 2680 auctores
606 2629 631 2679 in
645 2647 751 2682 numero
765 2627 833 2680 deli·
881 2625 1058 2694 tranquillitate
1077 2624 1145 2688 viri,
1168 2625 1231 2676 dum
1253 2622 1379 2676 totsimul

327 2703 439 2756 uiendo:
457 2705 513 2758 aliis
536 2717 643 2778 quatuor
661 2705 740 2759 millia
757 2725 833 2760 com-
882 2702 938 2754 neci
949 2701 1312 2776 mandarenturzslntrepidm
1325 2699 1381 2751 tanti
1426 2699 1427 2756 l

326 2782 532 2848 memorantibus,
541 2783 736 2857 Dionysllulic.
744 2784 778 2846 V,
787 2781 832 2834 fin.
880 2782 944 2834 sedit
953 2803 1053 2835 securus
1065 2783 1095 2834 ab
1107 2783 1156 2834 alto
1169 2783 1300 2855 Spectator
1309 2781 1381 2833 seele-
1426 2805 1427 2834 ι

325 2859 404 2912 Floro
417 2861 470 2925 lll,
484 2881 531 2924 ar,
545 2860 598 2912 aliis
612 2872 639 2912 ut
649 2860 752 2913 Valerio
763 2861 829 2912 Mas.
880 2863 914 2914 ris
926 2883 932 2924 ;
949 2863 1033 2915 miseri
1045 2875 1082 2915 tot
1092 2862 1171 2914 millia
1182 2863 1255 2933 vulgi
1275 2863 1330 2915 Nou
1342 2862 1381 2934 pi-

325 2939 379 3003 lX,
394 2960 423 3004 u,
435 2953 541 3010 quatuor
552 2940 674 3013 legiones.
687 2941 779 2993 Noster
790 2953 833 2991 ta-
881 2939 937 3012 guit
948 2939 1044 3012 jussisse
1056 2942 1129 2994 mori.
1143 2964 1155 2988 ν
1426 2959 1427 3004 Q

326 3037 384 3068 rnen
402 3017 449 3070 sibi
461 3019 571 3071 constitit
589 3019 620 3071 de
633 3019 720 3070 Benef.
734 3020 767 3082 V,
786 3017 830 3078 16;
914 3021 936 3084 d.
952 3019 1147 3090 Consequentur
1162 3024 1292 3090 quomodo
1305 3020 1382 3070 tosu'·
1426 3019 1427 3084 ξ

325 3095 460 3150 Plutarcho
472 3097 832 3170 paromabludente,quiipsa
881 3101 929 3152 bus
946 3103 1110 3152 irascendum
1129 3104 1172 3152 sit.
1193 3103 1384 3171 consequamur
1426 3113 1427 3148 ἕ

325 3192 395 3248 pene
405 3176 480 3228 verba
493 3176 596 3228 Senecte
608 3175 739 3247 expressit,
757 3188 785 3227 ut
804 3195 832 3226 ex
881 3176 985 3230 subaud.
998 3179 1132 3230 scantiam
1140 3215 1147 3242 ‚
1160 3192 1216 3251 post
1232 3179 1301 3250 quasi
1312 3177 1382 3228 ‹liee-
1426 3179 1427 3210 l

325 3252 414 3305 eodem
424 3254 492 3304 lonte
503 3251 614 3304 hausisse
625 3251 766 3304 videantur.
880 3268 933 3306 ret:
948 3254 1062 3308 Sciamus
1073 3257 1173 3308 tandem
1185 3255 1327 3329 quomodo.
1339 3269 1382 3308 ete.

366 3349 388 3381 ν.
421 3327 489 3400 Quis
520 3339 608 3380 tumen
637 3347 754 3399 unquam
785 3337 832 3398 ty-
884 3331 1022 3402 Quomndo
1044 3347 1127 3386 antem
1145 3335 1308 3388 irascendum
1328 3347 1382 3385 en:
1426 3351 1427 3400 q

324 3427 430 3461 munus.
449 3409 594 3462 Notandum
613 3406 638 3458 id
653 3411 731 3476 :quis
749 3426 831 3478 quum
880 3409 1033 3478 Quomodo,
1045 3431 1100 3463 uon
1114 3412 1141 3463 in
1158 3411 1254 3464 irarum
1265 3412 1382 3486 impetum
1426 3405 1427 3452 l

323 3498 449 3557 tyrannus
463 3507 508 3558 pro
526 3490 584 3558 quis
601 3488 673 3538 olins
690 3495 831 3556 quamty-
880 3507 973 3540 vanum
985 3488 1383 3554 effundendavisanimisit,sed
1426 3487 1427 3540 l

324 3584 438 3628 monus,
452 3565 508 3628 vel,
520 3567 580 3635 quis
593 3567 645 3616 nisi
655 3574 790 3635 tyrannus.
879 3566 906 3618 iu
912 3567 1035 3619 ultionem
1045 3580 1068 3620 et
1074 3568 1153 3620 cades
1163 3569 1383 3641 prorumpendum.
1426 3561 1427 3636 l

356 3643 379 3697 3.
400 3645 564 3696 Occiduntur.
583 3642 688 3695 Tristius
709 3641 829 3712 quiddam
911 3645 1001 3698 &Sed
1010 3645 1384 3716 mxilteSuIlagchnseqm-
1426 3637 1427 3706 l

324 3733 348 3773 et
362 3719 467 3773 atrocius
479 3719 549 3772 Sulla
562 3718 622 3773 dixit
640 3737 716 3790 quam
729 3721 829 3772 rhoeti-
877 3723 1384 3792 mur,quomodobostibusimsoendrsm
1426 3763 1427 3798 q

323 3802 433 3861 duntur;
448 3799 502 3852 scil.
515 3802 672 3868 puniuntur,
685 3816 829 3850 commone-
877 3803 925 3862 sit,
944 3804 1032 3872 utique
1049 3805 1075 3853 si
1093 3805 1120 3852 in
1137 3801 1229 3853 hostile
1247 3821 1382 3852 nomena..-
1426 3803 1427 3854 l

313 3883 396 3952 fiunt.
412 3881 471 3933 Vid.
491 3880 616 3934 Plutarch.
633 3881 697 3954 Syll.
713 3901 766 3953 cap.
776 3881 826 3946 do,
878 3881 1033 3930 transierint.
1051 3878 1094 3930 Sic
1107 3877 1165 3930 dedi
1185 3899 1198 3930 e
1216 3877 1271 3930 cod.
1283 3879 1383 3930 Erfurd.

323 3959 366 4029 qui
383 3957 541 4014 fidelissimus
561 3959 675 4012 omnium
696 3971 825 4024 narrator,
877 3955 996 4026 Amplon.
1011 3973 1017 4007 ε
1031 3955 1141 4030 optimo,
1155 3966 1183 4006 ut
1196 3955 1287 4027 opinor
1301 3975 1384 4007 sensu
1426 3929 1427 4010 l

321 4035 438 4088 sieverha
453 4035 827 4090 dictatorisretsrtmmtne
877 4035 1029 4107 luterpositis
1050 4037 1117 4087 enim
1137 4034 1168 4086 de
1187 4054 1231 4086 suo
1250 4046 1301 4096 τνῗς
1328 4035 1385 4090 Hoc

321 4117 357 4166 θαι
376 4116 418 4182 γὰρ
435 4115 508 4166 αὑτοῦ
526 4113 671 4174 κελεύσαντος
691 4117 764 4175 trisne
783 4119 826 4165 eois
875 4112 1176 4170 nonest....videbantur.
1189 4111 1274 4182 adjicit
1286 4113 1383 4164 Seneca
1426 4133 1427 4174 ν

320 4197 435 4260 πονηρῶν.
455 4193 524 4244 ldem
545 4189 671 4262 siguificat
692 4193 825 4256 Lucanus,
875 4189 969 4261 reliqua
983 4189 1060 4240 Solle
1073 4188 1164 4252 verba,
1176 4207 1231 4258 quat
1244 4187 1294 4240 bae
1306 4207 1384 4240 orca·
1426 4193 1427 4246 l
