2910 4954
335 482 876 563 immanissimi.
1097 486 1137 576 7⁵

84 608 218 701 prodest.
240 609 421 679 Iracundia
439 611 554 680 leones
573 611 728 704 adjuvat,
747 637 852 706 pavor
869 617 1003 682 cerv0s¹
1020 663 1030 695 ,
1047 615 1139 682 acci-

82 725 201 818 pitrem'
220 729 390 821 impetus,
412 727 601 796 columbam
622 729 715 823 fuga.
737 727 855 820 Quid,
878 728 970 822 quod
990 753 1034 799 ne
1052 727 1139 798 illud
1164 735 1181 787 ³

81 841 208 931 quidem
220 868 340 913 verum
358 860 430 927 est,
447 845 572 938 optima
591 845 750 912 animalia
766 869 840 914 esse
860 844 1140 916 iracundissimo?

80 958 173 1027 Feres
185 977 302 1053 putem
316 1011 325 1042 ,
347 961 473 1054 quibus
490 985 532 1029 ex
546 975 646 1054 raptu
660 961 820 1028 alimenta
834 976 934 1044 suut,
956 961 1135 1044 meliores,

80 1096 137 1162 quo
160 1075 319 1144 iratiores
343 1101 350 1142 :
372 1077 570 1170 patientiam
597 1074 806 1144 laudaverim
833 1075 957 1159 boum,
980 1091 1014 1144 et
1033 1101 1140 1168 equo-

78 1213 143 1257 rum
170 1191 295 1261 lraenos
321 1193 536 1285 sequentium
552 1197 577 1260 ².
605 1191 701 1284 Quid
723 1208 836 1262 autem
855 1209 926 1276 est,
951 1217 1014 1262 cur
1030 1194 1139 1263 homi·
1164 1215 1180 1279 4

77 1329 145 1373 uem
170 1306 215 1374 ad
240 1323 306 1376 tam
337 1308 489 1376 infelicia
513 1308 667 1402 exempla
695 1333 854 1392 revoces,
884 1335 988 1402 quum
1012 1310 1139 1380 habeas

75 1418 251 1503 muudum,
275 1423 475 1514 Deumque,
498 1447 597 1514 quem
618 1447 659 1490 cx
678 1423 835 1491 omnibus
855 1422 1080 1504 animalibus,
1101 1440 1140 1492 ut

74 1535 155 1606 solus
166 1539 335 1622 imitetur,
352 1538 442 1608 solus
456 1539 645 1632 intelligit?
661 1565 676 1604 o
695 1539 940 1634 simplicissimi
954 1532 981 1623 ³,
999 1541 1135 1633 inquit,

78 1655 256 1722 nomnium
280 1654 452 1724 habentur
478 1651 689 1724 iracundi.»
718 1656 960 1727 Fraudulentis
985 1660 1075 1728 euim
1104 1675 1140 1728 et

74 1771 209 1838 versutis
219 1787 471 1864 comparantur,
487 1787 522 1838 et
535 1771 704 1864 simplices
713 1771 886 1855 videntur,
902 1773 983 1865 quia
994 1777 1138 1868 expositi

73 1881 165 1955 sunt⁴
181 1911 289 1979 :quos
301 1887 439 1979 quidem
449 1912 518 1955 non
532 1888 702 1983 simplices
713 1885 878 1973 dixerim,
898 1881 958 1958 sed
969 1893 1134 1962 incautos.

72 2003 206 2088 Stultis,
230 2004 431 2086 luxuriosis,
449 1997 722 2098 nepotibusque⁵
744 2005 810 2073 hoc
828 2029 951 2076 nomen
964 2002 977 2044 ⁶
992 2010 1138 2104 imponi·

72 2141 159 2200 mus,
181 2134 218 2186 et
242 2117 400 2186 omnibus
422 2119 514 2186 vitiis
532 2141 653 2214 parum
677 2118 822 2189 callidis.

112 2236 222 2302 XVII.
245 2261 262 2298 «
279 2235 425 2318 Orator,
445 2236 573 2327 inquit,
589 2235 696 2302 iratus
708 2234 892 2327 aliquando
907 2237 1100 2308 meliorest.
1117 2267 1134 2304 o
1166 2277 1176 2309 ι

71 2348 167 2418 Immo
187 2351 339 2418 imitatus
363 2352 509 2434 iratum,
531 2375 608 2418 nam
634 2364 668 2418 et
695 2351 901 2420 histrionesl
923 2354 960 2420 in
982 2355 1136 2447 pronun·

103 2560 122 2591 r.
133 2543 497 2598 Imcundia....ceroos....etc.
510 2541 575 2609 Quis
624 2541 746 2617 posterior
765 2543 906 2608 indicatur,
925 2553 957 2618 τῷ
973 2551 1044 2602 illud
1059 2549 1137 2623 prior.

70 2615 106 2669 liic
121 2621 157 2672 rei
173 2621 301 2674 litteraria
318 2633 344 2672 et
363 2639 501 2694 precatum
517 2622 575 2673 cle·
624 2619 710 2672 Athic
720 2622 873 2675 contrarium
883 2621 924 2684 fit,
938 2635 962 2676 el
973 2625 1136 2700 lrocprioreru

69 2697 204 2767 gantur-um
236 2718 323 2752 amans
352 2718 405 2752 uon
432 2699 576 2751 meminerit
624 2695 770 2770 significat,
791 2720 882 2774 nempe
902 2705 1041 2772 simplices.
1060 2705 1136 2760 Unda

69 2774 231 2829 Anacreontis
253 2776 413 2829 mavimimos
437 2775 574 2828 versiculos
624 2776 700 2828 totius
720 2777 849 2831 sententie
868 2779 888 2831 is
906 2793 978 2834 tenor
995 2783 1137 2836 estzsim-

69 2850 171 2916 (sarm.
192 2855 219 2907 ll
236 2856 269 2921 ),
290 2855 400 2908 serarum
423 2866 575 2907 armaturam
625 2853 682 2926 plex
694 2873 747 2907 uon
759 2868 796 2907 est
806 2857 846 2908 vir
854 2857 1006 2924 iracundus,
1021 2861 1136 2916 ineamus

68 2930 171 2984 monn
180 2933 216 2985 ita
225 2932 369 3006 'explicantis
378 2951 384 2984 ι
394 2932 482 2996 aeica
489 2935 571 3001 κέρατα
626 2945 662 2984 est
670 2953 676 2994 ;
684 2931 825 3006 simplicem
833 2955 896 2988 voca
906 2938 950 3008 qui
959 2937 1083 3005 stolidus,
1092 2941 1138 3014 qui

68 3007 188 3077 κώμῳ...
201 3011 322 3063 ἴδω»...
332 3011 455 3068 nodulos
464 3016 574 3077 λαγωοῖς,
626 3029 690 3062 vane
695 3010 735 3062 sui
741 3011 865 3080 laudator,
873 3015 1028 3085 quiluxurise
1033 3036 1136 3084 amans,

69 3087 144 3140 sime«
157 3088 233 3158 χάσμ’
247 3089 364 3154 tttmv,
378 3109 391 3134 s
404 3102 450 3142 etc.
625 3091 707 3162 quiin
718 3111 788 3167 spem
800 3093 897 3148 irritam
907 3117 1018 3170 pronus,
1030 3098 1075 3170 qui
1086 3119 1137 3173 gs-

97 3167 218 3220 2.Fems
227 3179 318 3236 prdem
320 3204 360 3221 .....
371 3169 575 3236 sequentiumAE
625 3190 674 3222 neo
687 3207 694 3234 ,
708 3183 754 3224 etc.

66 3243 134 3299 codd.
143 3261 213 3300 recte
230 3246 325 3321 recepit
341 3246 456 3302 Gronov.
476 3249 574 3304 sublato
657 3247 742 3300 XVll.
756 3251 826 3301 lists.
837 3247 971 3305 simulatio
986 3254 1031 3308 iras
1045 3256 1136 3330 sepius

66 3343 93 3376 ne
101 3327 239 3398 postsecus
251 3339 276 3378 et
286 3325 459 3400 interrogandi
468 3328 552 3402 siguo.
623 3326 724 3400 prodest
732 3364 740 3392 ,
748 3327 911 3380 sednonsinc
919 3328 944 3380 vi
952 3329 1044 3404 aliqua.
1053 3334 1136 3388 Etiam

92 3402 343 3472 &simplicissima
363 3405 391 3458 ld
412 3418 463 3470 est,
484 3406 576 3461 hones·
624 3406 666 3458 hic
688 3408 782 3460 Nostro
805 3427 859 3462 rem
885 3429 943 3462 cum
965 3409 1137 3485 Peripateticis

65 3486 162 3550 tissimi,
185 3485 380 3548 candidissimi,
403 3489 448 3558 qui
465 3487 528 3542 iram
547 3489 576 3542 iu
626 3505 692 3550 esse,
706 3507 735 3538 ex
747 3486 791 3550 iis,
809 3506 866 3558 quae
878 3507 952 3561 supra
966 3487 1016 3560 jam
1029 3489 1137 3544 adducts

65 3579 175 3638 promptu
185 3566 301 3630 habent,
314 3587 362 3620 nee
371 3567 521 3620 recondunt.
534 3568 575 3622 Cl.
625 3563 805 3635 ⁸¹1n12llquel
831 3561 869 3616 Cf·
892 3565 946 3618 Cle·
971 3565 1045 3621 Tute.
1063 3567 1135 3643 Disp·

64 3644 112 3700 cie.
127 3647 160 3700 de
177 3644 258 3700 offic
270 3646 315 3700 lib.
328 3647 354 3712 l,
369 3667 438 3721 capp.
455 3665 498 3719 19,
511 3649 552 3702 30.
625 3638 669 3693 lib.
682 3639 729 3704 lv,
742 3661 794 3714 ΝΡ·
812 3661 849 3712 ¹9·

93 3729 115 3790 4,
125 3727 337 3796 Expositum,
352 3725 488 3790 Absolute,
502 3739 532 3780 ut
546 3728 574 3780 in
659 3739 681 3787 7.
692 3717 853 3773 Histriones.
869 3720 941 3772 Idem
952 3718 1070 3774 adhibuit
1080 3721 1135 3776 So-

64 3802 151 3874 grllies
168 3805 278 3876 lingua,
292 3805 326 3855 ils
340 3814 399 3858 sont
408 3807 538 3872 expose's,·
550 3817 575 3858 et
625 3799 692 3863 tion,
706 3799 772 3873 apud
784 3799 929 3866 Stoicum,
942 3820 1017 3853 serm.
1030 3802 1117 3854 xvltl
1125 3841 1133 3869 ,

64 3881 126 3934 idem
135 3883 260 3946 valetne
271 3881 421 3955 siseriptum
433 3881 574 3956 legeretur:
623 3897 680 3949 pag.
713 3880 766 3950 159.
791 3877 915 3950 Florilcg.
938 3877 985 3945 (in
1007 3899 1073 3932 nova
1095 3880 1134 3934 ed.

64 3958 159 4028 iniuriis
177 3973 204 4014 et
226 3958 359 4012 fraudibus
374 3960 476 4014 obnoxii
492 3973 571 4025 suut,
621 3957 751 4022 Sclrowii,
764 3958 1008 4032 quaenuperprodiit
1019 3958 1135 4034 inpubli-

63 4051 157 4109 psteut,
171 4038 294 4113 aperiunt
305 4037 378 4090 latus.
622 4056 694 4104 cum,
713 4058 738 4111 p.
748 4037 794 4090 381
808 4028 989 4108 plasmaret,
1007 4043 1048 4107 pls
1074 4039 1134 4104 sis,

93 4121 115 4170 5.
136 4117 296 4186 Nepolt'but.
313 4115 371 4168 lloe
384 4128 437 4178 ess,
452 4114 571 4188 prodigis.
622 4118 658 4167 nel
688 4117 720 4183 pii
752 4119 925 4186 ὃργιζομίνοις,
943 4119 1134 4188 ὑποκρινομένοις

65 4195 217 4249 viduans.
227 4193 302 4269 cpod.
313 4195 340 4258 l,
353 4214 389 4248 vs.
401 4193 442 4260 34.
624 4196 692 4262 ὀργὴν
704 4197 845 4258 werinum·
868 4197 889 4246 ci
909 4195 933 4248 di
957 4197 1082 4248 σπουδαῖοι
1095 4197 1134 4247 uis·

92 4273 115 4324 6.
127 4275 190 4330 Hoc
199 4291 303 4326 mmen.
315 4277 355 4345 Τῇ
366 4272 411 4324 ltoc
423 4271 512 4344 utplus
525 4292 572 4324 vox
623 4271 675 4340 δρις
687 4309 694 4334 ,
715 4273 766 4324 οὐδ’
782 4275 820 4325 iiis
839 4277 868 4334 ὡς
880 4277 970 4335 &totta
984 4274 1133 4341 ὁρμίζονται,
