2910 4954
320 435 366 528 94
771 433 837 498 os
861 433 950 499 1as

321 581 424 648 sunt,
445 589 513 632 non
531 561 693 631 debemus
709 562 776 628 cito
790 560 945 628 credere.
964 560 1064 628 Multi
1080 563 1336 644 ementiuatur,
1360 580 1391 630 ut

323 680 519 773 decipiant3
537 678 657 758 multi,
675 678 755 768 quia
774 676 908 770 decepti
929 693 1019 744 sunt.
1043 677 1140 746 Alius
1158 678 1390 744 criminatione

323 799 466 892 matiam
486 811 620 889 captat,
643 813 678 864 et
696 795 796 886 lingit
812 795 997 890 injuriam,
1017 811 1056 860 ut
1074 793 1230 862 videatur
1247 793 1391 864 doluisse

280 955 295 984 ι
322 915 454 982 factam
472 917 531 982 Est
544 913 668 1004 aliquis
681 909 870 1003 malignus,
889 927 926 977 et
937 914 999 1003 qui
1011 911 1175 978 amicitias
1185 910 1392 978 cohaercntes

322 1029 486 1098 diducere
502 1029 607 1113 volit3
624 1044 677 1096 est
695 1027 850 1120 suspicax
867 1033 901 1109 ¹,
913 1044 948 1095 ct
965 1029 1025 1120 qui
1044 1043 1196 1120 spectare
1215 1025 1317 1094 ludos
1340 1052 1392 1094 cu·

321 1148 413 1240 piat,
433 1162 472 1215 ut
494 1169 535 1214 es
548 1145 737 1238 longinquo
754 1158 894 1235 tutoque
910 1143 1126 1236 speculetur,
1153 1167 1238 1236 quos
1256 1143 1388 1216 collisit.

322 1267 373 1334 De
394 1263 535 1358 parvula
562 1285 692 1330 summa
709 1259 930 1352 judicaturo,
959 1261 1020 1328 tibi
1045 1285 1100 1328 ras
1123 1262 1195 1328 sine
1219 1275 1307 1328 teste
1331 1284 1391 1326 non

323 1381 526 1474 probaretur
541 1407 551 1465 3
576 1379 694 1460 testis,
718 1378 791 1446 sine
802 1375 1028 1469 jurejurando
1048 1401 1116 1446 non
1134 1375 1263 1446 valeret
1281 1405 1292 1462 3
1310 1379 1393 1444 utri-

327 1523 394 1592 que
415 1500 504 1592 parti
519 1496 620 1566 dares
632 1493 907 1576 advocationem,
926 1495 1026 1564 dares
1046 1511 1200 1588 tempus,
1216 1519 1282 1563 nec
1296 1495 1395 1563 semel

323 1614 460 1684 audires
480 1639 487 1680 :
511 1614 618 1706 magis
634 1612 726 1679 enim
745 1611 871 1679 veritas
888 1610 1021 1692 elucet,
1039 1635 1108 1703 quo
1125 1611 1249 1703 saepius
1267 1609 1314 1679 ad
1329 1635 1393 1678 ma·

282 1754 299 1806 3
324 1754 405 1798 num
424 1729 530 1798 venit.
549 1728 705 1796 Amicum
722 1725 928 1794 condemnas
950 1723 993 1792 de
1014 1717 1277 1817 prasenubus³‚
1302 1743 1394 1794 ante

323 1866 425 1934 quam
440 1841 581 1920 audias,
602 1857 784 1932 antequam
804 1840 1021 1932 interroges?
1040 1837 1114 1924 illi,
1134 1855 1317 1932 antequam
1340 1857 1392 1908 aut

323 1975 552 2055 accusatorem
580 1983 677 2028 suum
704 1981 803 2026 nosse
828 1957 931 2024 liceat
952 1971 1011 2025 aut
1034 1958 1184 2039 crimen,
1212 1959 1393 2026 irasceris?

322 2076 396 2146 Jttm
409 2099 527 2144 verum
540 2123 549 2154 ,
561 2073 632 2165 jam
646 2073 820 2164 utrimque
838 2069 923 2163 quid
937 2069 1130 2153 diceretur,
1154 2070 1279 2140 audisti
1296 2073 1312 2138 t
1333 2073 1392 2140 Hic

325 2191 397 2283 ipse
416 2191 476 2283 qui
495 2188 538 2257 ad
562 2204 595 2256 te
617 2187 762 2270 detulit,
788 2186 921 2256 desinet
944 2185 1080 2278 dicere,
1110 2188 1138 2254 si
1162 2186 1311 2280 probare
1332 2186 1392 2254 de·
1446 2241 1447 2250 ,

360 2413 592 2482 attemperas.
609 2412 698 2480 Quum
714 2413 768 2466 laec
785 2433 834 2465 voa
883 2409 1078 2473 consortiorum,
1091 2427 1167 2480 quam
1183 2422 1211 2462 ut
1227 2409 1327 2464 admitti
1340 2429 1395 2482 pos-

323 2492 388 2546 nihil
398 2491 429 2545 ad
438 2505 582 2562 sequentem
590 2493 710 2544 allectum
720 2491 832 2556 attineat,
882 2489 930 2550 ait;
945 2487 996 2540 vid.
1008 2508 1074 2562 supr.
1094 2488 1137 2538 Est
1148 2485 1276 2560 malignus
1288 2488 1395 2558 aliquis,

323 2593 398 2644 quem
407 2572 527 2647 exprimat
539 2609 546 2637 ,
559 2571 635 2624 luisse
647 2585 716 2643 putat
727 2571 833 2644 Lipsius,
883 2568 926 2639 qui
938 2579 963 2622 et
973 2566 1120 2640 suspicionis
1136 2585 1227 2629 causa,
1245 2577 1271 2619 et
1281 2573 1310 2619 ul
1324 2566 1397 2618 ludos

323 2651 471 2718 subprocax
484 2669 492 2702 :
508 2648 577 2720 quod
600 2648 718 2702 excidisse
739 2647 835 2700 nollem
883 2645 1029 2712 sibilaciat,
1042 2643 1165 2698 amicitias
1175 2644 1315 2718 duiungat.

322 2723 377 2777 viro
393 2725 602 2798 praestantissirno.
620 2723 764 2778 Difficultas
780 2723 833 2777 haec
917 2721 1276 2792 3.Deproesentibus.ldest,
1289 2723 1397 2776 Grono-

322 2801 609 2874 praemiator-punctioni
618 2802 742 2875 originem
751 2799 833 2853 debet·
883 2799 925 2854 vio
959 2799 1117 2873 interprete,
1144 2799 1253 2864 statim,
1279 2799 1398 2874 praesenti

324 2879 419 2932 Omnis
429 2894 513 2932 autem
526 2880 593 2934 clara
608 2893 683 2943 sunt,
697 2879 774 2932 modo
787 2879 833 2931 in-
883 2900 975 2954 opera,
994 2879 1065 2932 nulla
1079 2879 1224 2951 interposita
1239 2901 1330 2946 mora,
1351 2903 1399 2952 qua

323 2969 457 3030 terpungas
468 2957 832 3030 postvelltetsosps'cnr,sie:
882 2979 935 3013 rem
954 2978 1099 3032 cognoscas.
1120 2959 1226 3013 Seneca
1244 2963 1348 3034 propria
1365 2972 1398 3010 est

323 3039 567 3104 svlt'15etsusps'cas,
575 3037 708 3089 etllelero
716 3039 832 3088 autemst
881 3038 935 3092 haee
946 3036 1069 3106 loquendi
1082 3036 1162 3100 ratio,
1175 3050 1250 3108 atque
1258 3039 1330 3112 apud
1342 3059 1399 3091 eum

322 3117 496 3182 estampicar
504 3113 538 3168 ad
547 3116 574 3166 sl
581 3116 830 3182 cluniacensibus...
880 3115 1041 3169 solummodo
1056 3115 1180 3168 occurrit:
1194 3116 1226 3168 de
1241 3115 1399 3176 Beneficiis,

323 3194 393 3244 oeta't.
411 3191 467 3244 llos
490 3191 559 3242 enlm
579 3189 739 3264 scripton'but
757 3189 831 3259 hujtu
880 3196 924 3248 lib.
933 3194 1138 3270 Il,tap.35,ep.
1148 3199 1398 3250 ncvrtr.Translatio

322 3271 401 3324 {etatis
420 3269 543 3322 {saniliare
564 3284 616 3336 est,
635 3283 679 3334 ut,
701 3270 831 3342 particulas
879 3277 944 3327 lacta
954 3274 1054 3326 ridetur
1066 3275 1098 3326 ab
1109 3274 1158 3337 iis,
1173 3276 1217 3346 qui
1230 3275 1400 3336 satisfaciunt,

321 3348 431 3402 causales
444 3361 467 3400 et
479 3349 595 3402 transitus
604 3348 755 3414 omittendo,
768 3349 830 3422 pul·
880 3365 981 3416 emunt,
995 3351 1113 3415 solvunt,
1130 3351 1227 3405 donant
1240 3354 1272 3405 de
1286 3371 1399 3428 praesen·

321 3425 490 3481 chutudinsm
510 3425 594 3478 natio
613 3446 688 3496 quana
707 3447 752 3478 suo
773 3445 831 3478 ser-
879 3431 945 3484 tilsus
959 3431 1168 3501 nummis:quod
1190 3433 1249 3503 quia
1269 3433 1360 3486 statim
1378 3447 1401 3482 et

281 3507 284 3514 '
321 3505 392 3556 raoni
404 3503 555 3570 allundant,
570 3503 686 3556 Ciceroni
699 3518 723 3556 et
734 3504 829 3574 optimo
879 3523 991 3584 prompte
1029 3509 1124 3574 liebat,
1155 3511 1215 3563 iude
1238 3512 1401 3572 dicebatur,

320 3584 411 3656 cuique
432 3583 527 3636 auctori
546 3581 719 3654 incognitam,
740 3582 830 3655 quippe
879 3590 959 3642 facere
989 3587 1083 3658 aliquid
1114 3587 1145 3641 de
1168 3591 1356 3662 praesentibus,
1377 3589 1402 3642 id

321 3661 488 3736 perspicuitati
506 3658 669 3714 officientem.
681 3661 729 3714 Hie
747 3660 830 3712 dicere
880 3667 1136 3732 231,2100ntinenei.

320 3740 464 3806 debuisset,
485 3750 524 3794 est
548 3743 617 3792 enim
641 3742 783 3807 pertinax,
807 3751 830 3790 et
914 3747 937 3799 3,
960 3746 1028 3798 ,lam
1051 3767 1163 3812 mum,
1185 3753 1243 3811 jam
1267 3755 1404 3819 namque

320 3819 407 3872 omnia
435 3817 563 3892 perspicua
590 3816 702 3870 luissent·
726 3845 760 3858 -··
780 3815 833 3870 Et!
881 3825 982 3890 quid...
994 3825 1123 3876 audisti?
1137 3827 1174 3877 Ex
1184 3823 1260 3877 codd.
1272 3845 1318 3898 ap.
1329 3826 1403 3878 Grut.

320 3901 456 3965 suspicax.
470 3895 617 3968 Suspicione
627 3894 714 3948 ductus
722 3933 730 3960 ,
738 3893 832 3948 amiei-
882 3912 947 3950 seete
957 3899 1048 3972 recepit
1060 3901 1175 3954 Gronov.
1188 3902 1304 3976 Signum
1319 3903 1404 3956 inter-

321 3975 366 4026 tias
374 3973 502 4038 diducere,
512 3975 590 4026 unmo
598 3973 686 4026 tollere
694 3973 789 4038 studet,
799 3993 831 4026 ne
882 3976 1019 4050 rogationis
1031 3980 1125 4050 apponi
1138 3979 1215 4052 jussi,
1232 3992 1327 4034 tenore
1349 4001 1404 4034 set-

320 4049 369 4102 sibi
380 4051 521 4104 molestiam
533 4063 624 4102 cuent„
640 4050 737 4122 lipsius
748 4049 779 4102 ad
794 4069 832 4102 se·
880 4054 963 4106 monis
974 4069 1100 4127 poscente.
1113 4057 1230 4121 Vemm,
1242 4056 1269 4108 id
1278 4071 1336 4122 est,
1350 4060 1405 4129 jus-

321 4129 424 4200 quentia
442 4129 541 4194 retulit,
559 4129 666 4200 ideoque
679 4142 779 4182 coaetus
796 4142 833 4181 est
881 4145 942 4184 tum.
953 4131 993 4185 Cf.
1010 4133 1109 4186 Ernesti
1122 4133 1228 4187 Clavem
1247 4135 1405 4190 Ciceronia-

251 4271 256 4288 β
321 4207 354 4260 ad
366 4207 536 4277 conjecturam
547 4209 683 4278 confugere
693 4206 831 4278 aliquando
881 4229 950 4275 uam,
958 4211 1198 4273 subroc.Veritas;
1210 4225 1234 4264 et
1241 4233 1348 4288 exemp.
1357 4216 1406 4268 adi.
