2926 4958
237 527 241 540 .
304 468 372 538 Al)
397 465 572 538 stole.
598 470 809 541 PHILOS.
837 473 934 542 LIB.
959 475 1013 542 11.
1144 481 1197 547 cix

122 611 151 670 in
160 609 215 674 hac
227 611 379 673 hahitare.
397 611 538 674 «Facere
552 613 641 675 docet
653 611 869 697 Philosophia,
882 635 944 677 non
957 616 1079 691 diceres
1096 633 1126 682 et
1138 619 1197 685 hoc

124 717 223 802 exigit,
245 731 280 778 ut
293 720 333 780 ad
344 717 444 802 legem
456 739 541 782 snam
552 719 678 801 quisque
689 721 777 783 vivat.
796 749 810 777 ι
826 719 912 804 (Seu.
923 721 1021 808 Epist.
1033 724 1104 808 xx.)
1123 725 1196 792 ldeo

123 824 188 884 scite
203 821 281 884 olim
293 821 480 900 Cleanthes,
499 852 512 877 n
525 824 743 910 interrogatus,
760 849 813 889 cur
828 828 902 890 olim
917 829 994 892 inter
1006 852 1119 914 paucos
1132 833 1199 916 phi·

122 927 366 1012 losophantium,
382 928 485 1013 plnres
500 950 592 1012 quam
603 951 683 994 nunc
695 932 923 997 inclaruissent?
939 934 1021 998 Nam
1036 950 1107 1000 tunc
1123 959 1199 1024 opus

122 1035 214 1117 ipsum
226 1034 520 1114 exercebatur,nunc
532 1035 651 1100 verba·
663 1035 763 1117 (Stob.
772 1036 871 1102 Serm.
886 1043 996 1119 nxxx.)
1005 1040 1131 1104 Utinam
1141 1065 1198 1108 nec

122 1141 210 1204 hodie
231 1141 310 1204 fiat!
331 1145 385 1204 sed
399 1169 413 1194 α
428 1157 572 1226 peccatur
587 1144 700 1225 aliquid
718 1145 953 1228 praecipientium
972 1147 1062 1225 vitio,
1078 1149 1199 1231 quinos

110 1245 225 1310 'docent
241 1247 419 1331 disputare,
435 1269 497 1310 non
512 1249 613 1311 vivere
627 1275 635 1320 ς
652 1249 765 1330 aliquid
777 1251 954 1314 discentium
966 1297 975 1330 ,
989 1254 1040 1334 qni
1054 1256 1198 1338 proposi-

120 1365 179 1414 tum
191 1353 338 1416 adierunt
351 1354 389 1415 ad
401 1367 600 1438 preceptores
624 1374 694 1416 snos
716 1375 777 1416 non
795 1356 930 1418 animum
952 1358 1127 1436 excolendi,
1144 1365 1198 1424 sed

120 1459 284 1542 ingenium.
297 1458 343 1521 Ita
363 1483 427 1542 quae
443 1459 641 1544 Philosophia
662 1462 727 1540 suit,
747 1462 824 1524 lacta
845 1461 1015 1548 Philologia
1027 1479 1091 1538 est,
1109 1488 1147 1529 an
1167 1483 1198 1532 et

121 1587 185 1628 cum
195 1565 329 1629 Platone
341 1566 405 1650 (De
420 1566 500 1651 Rep.
506 1566 548 1646 V,
562 1569 593 1630 in
608 1567 812 1650 fineldicam,
827 1570 904 1633 tacta
917 1573 1198 1659 pdodnglafflpim'o-

120 1693 187 1734 num
199 1676 331 1736 studium
340 1686 368 1734 et
379 1673 522 1758 Amnon)
535 1675 601 1737 est?
613 1671 697 1758 (Seu.
709 1672 768 1759 Ep.
780 1680 883 1756 cvttt.)
1082 1665 1088 1684 ⁸

430 1892 777 1959 DISSERTATIO
797 1895 882 1958 Vll.

121 2041 285 2104 Disctimen
299 2043 454 2124 Sapientia
473 2065 492 2102 a
506 2043 690 2124 Philosophia
706 2055 758 2103 :et
768 2043 845 2105 illius
856 2041 1003 2124 definitio,
1016 2065 1103 2128 eaqtte
1112 2049 1202 2112 obiter

592 2151 744 2210 illustrato.

157 2282 365 2392 lienmssnns
375 2329 626 2415 Philosophiam,
643 2345 673 2392 et
685 2331 857 2404 divisimus3
870 2334 908 2394 ad
917 2330 1065 2416 Sophiam
1076 2333 1139 2396 sive
1151 2357 1200 2396 sn-

120 2439 260 2520 pientiam
275 2440 409 2500 emdnm
430 2451 489 2514 est,
503 2438 543 2501 ab
560 2458 597 2500 ea
611 2437 789 2501 distinctam.
804 2437 887 2520 Quid
900 2458 976 2523 opus
991 2442 1137 2505 monere?
1151 2443 1201 2505 vix

122 2543 283 2622 hercules,
305 2545 363 2606 nisi
382 2547 462 2626 quod
479 2543 663 2606 confundunt
681 2565 759 2626 sape
773 2556 890 2606 veteres
909 2568 917 2605 ε
940 2558 971 2606 ει
989 2545 1082 2607 iidem
1095 2549 1201 2610 sedulo

121 2649 505 2732 admonueruntdistingui.
517 2647 681 2712 Confundit
692 2646 790 2725 Plato,
802 2671 895 2732 quum
902 2649 1006 2712 delinit
1019 2674 1026 2710 :
1042 2677 1057 2706 α
1066 2650 1204 2715 Philoso-

120 2756 194 2839 phia
208 2771 257 2819 est
266 2757 423 2838 acquisitio
434 2754 628 2840 Sapientiam
642 2755 695 2837 lln
705 2753 925 2842 Euthydemo.)
934 2756 1006 2819 Non
1016 2779 1141 2835 censeo,
1151 2763 1204 2823 sed

122 2865 337 2946 qmitionem
346 2866 544 2946 studiumque.
556 2864 634 2928 ltem
645 2862 824 2928 Aristoteles
836 2889 843 2925 :
857 2866 905 2928 cui
916 2879 977 2940 est,
992 2864 1203 2930 *Scientiave-

122 2973 234 3034 nitatis.
252 3001 268 3027 ι
281 2971 330 3055 (ΙΙ
346 2970 516 3057 Metaphys.
532 2993 597 3056 cap.
616 2971 665 3054 ι.)
680 2969 772 3054 Quod
787 2975 823 3035 de
838 2972 903 3056 ipsa
918 2969 1088 3056 Sapientia,
1107 2995 1201 3053 vere,

121 3099 186 3140 non
198 3077 366 3141 affectione
378 3079 461 3160 ejus,
475 3078 567 3140 dicas.
580 3076 666 3162 Ergo
681 3076 786 3154 Stoici,
799 3078 869 3161 qnia
884 3079 992 3143 crebra
1006 3081 1068 3143 haec
1079 3082 1201 3160 mixtio,

122 3187 316 3270 distinguunt
331 3209 338 3244 :
352 3199 382 3248 ει
397 3184 437 3246 ab
453 3186 490 3247 iis
503 3183 629 3248 Seneca.
647 3208 655 3245 t
671 3211 685 3240 ι
700 3184 812 3248 Dicam
828 3187 908 3248 inter
924 3185 1152 3271 Philosophiam
1172 3200 1202 3250 et

121 3289 320 3378 Sapientiam
335 3292 405 3374 quid
419 3291 544 3354 intersit.
559 3289 731 3374 Sapientia,
747 3290 913 3374 perlectum
925 3291 1040 3354 bontm
1055 3308 1099 3356 εει
1111 3315 1202 3355 men-

121 3401 162 3462 tis
177 3401 322 3460 huntanae
339 3425 347 3463 s
364 3397 581 3481 Philosophia,
607 3395 767 3481 Sapientiae
790 3419 879 3459 amor
901 3409 931 3460 et
952 3398 1112 3460 affectatio.
1129 3397 1202 3462 Huc

121 3508 261 3568 ostendit
277 3505 359 3588 (sive
373 3505 546 3586 contendit)
568 3525 627 3586 quo
645 3505 698 3566 illa
717 3504 863 3588 pervenit.
880 3533 894 3558 »ι
913 3501 1033 3588 (Epist
1049 3511 1204 3587 cxxxix.)

119 3611 240 3676 Simile
253 3610 400 3676 Clemens
414 3611 636 3674 Alexandrinus
651 3635 658 3673 :
679 3637 694 3666 α
711 3610 794 3674 Sicut
807 3610 950 3673 liberales
968 3623 1065 3687 artes,
1087 3612 1203 3693 inquit,

120 3721 291 3784 conserunt
314 3722 352 3780 ad
373 3717 621 3802 Philosophiam,
638 3741 702 3801 quae
726 3732 770 3780 est
791 3739 895 3780 earum
917 3717 1057 3789 domina;
1079 3719 1122 3781 sic
1140 3719 1205 3802 ipsa

119 3825 332 3910 Philosophia
346 3829 385 3888 ad
396 3824 599 3910 Sapientiam,
613 3851 631 3882 n
653 3840 683 3887 ct
696 3826 777 3887 addit
793 3849 800 3884 ι
820 3853 834 3878 u
846 3838 891 3886 est
902 3824 984 3886 enim
997 3822 1203 3908 Philosophia,

121 3937 263 3998 studium
278 3949 309 3996 ει
326 3935 482 3997 meditatio
495 3959 502 4007 ;
519 3932 671 4018 Sapientia
688 3947 809 4011 antem,
830 3933 953 3996 scicntia
966 3933 1135 3996 divinarum
1147 3935 1208 3995 hu-

121 4063 354 4123 manarumque
370 4063 494 4115 rerum,
512 4055 542 4104 et
561 4063 624 4123 quae
648 4062 753 4104 earum
775 4054 843 4102 sunt
861 4061 964 4103 causa.
982 4069 997 4094 n
1014 4040 1049 4119 (l
1070 4039 1208 4122 Strom.)

122 4149 167 4213 Et
184 4148 303 4214 Cicero
326 4170 387 4211 non
402 4149 505 4210 omisit
520 4172 527 4208 :
546 4175 560 4204 ιι
575 4147 643 4211 Νεε
658 4149 821 4231 quidquam
836 4147 917 4210 aliud
934 4161 978 4210 εει
992 4145 1186 4232 Philosophia
1201 4197 1208 4225 ,

121 4271 244 4340 psaeter
256 4257 386 4317 studium
401 4253 560 4339 Sapientiae
574 4253 744 4337 :Sapientia
757 4267 857 4316 autem
870 4299 879 4330 ,
896 4253 1027 4338 cognitio
1044 4267 1073 4314 et
1088 4255 1211 4316 scientia

121 4385 241 4428 rerum
256 4363 427 4426 divinarum
444 4375 474 4423 et
482 4361 709 4437 humanarum,
733 4381 949 4443 causarumque
970 4360 1077 4442 quihus
1099 4359 1213 4424 haeres
