2926 4958
267 457 337 525 Ao
362 429 532 526 srolc.
557 458 762 529 Pnrnos.
789 459 885 528 mn.
911 461 960 527 n.
1079 463 1154 552 nvn

97 628 183 667 ram·
202 602 243 666 Et
258 599 470 666 Deaestimatio
485 604 592 686 igitur,
608 619 723 667 contra.
734 605 823 668 Verti
839 605 1111 680 AEstimationem
1128 625 1159 672 et

98 717 141 787 ita,
159 728 188 775 ut
202 725 309 774 nutare
330 712 465 794 potuisti,
483 709 615 775 Cicero:
639 727 670 774 at
686 710 803 776 Seneca
820 728 924 777 noster
943 712 1079 778 Pretium
1099 715 1158 779 hoc

98 823 164 884 dicit
178 821 220 882 lta
232 821 325 882 etiam
341 819 414 882 alibi
431 844 438 879 :
458 817 690 882 «indifferentia
703 819 818 882 habere
829 821 859 882 iu
874 811 906 884 se
918 821 1032 904 aliquid
1042 821 1136 884 Pretii
1150 847 1157 883 :

98 946 124 991 et
135 951 191 991 esse
206 929 266 989 alia
280 928 348 988 aliis
362 928 494 1010 potiora.
504 955 518 980 »ι
532 924 725 1008 iterumque:
740 925 942 1011 «Corporum
953 929 1053 1006 bona,
1070 931 1100 992 in
1114 945 1160 992 to-

97 1051 151 1098 tum
160 1056 217 1096 nou
229 1049 298 1096 sumt
312 1033 401 1096 Bona
415 1059 423 1106 ;
439 1032 487 1094 his
501 1031 637 1096 Pretium
650 1034 774 1116 quidem
790 1034 914 1118 aliquod
927 1037 1004 1112 erit,
1018 1051 1160 1100 caeterum

95 1143 221 1227 Dignitas
233 1163 296 1203 non
311 1142 377 1204 erit
387 1168 403 1198 ι
425 1139 498 1218 (De
514 1140 578 1202 Vit.
594 1139 682 1204 Beat.
696 1163 764 1226 cap.
781 1144 848 1221 aa.)
868 1141 941 1206 Non
956 1165 1027 1207 ecce
1041 1159 1160 1208 vertere

95 1252 240 1314 voluerunt
249 1248 460 1334 Dignitatem,
477 1249 532 1311 etsi
547 1262 689 1332 poterant
710 1273 717 1308 ε
738 1270 830 1331 quam
841 1251 1000 1334 propriam
1013 1273 1085 1314 vere
1097 1251 1161 1314 Bo·

94 1379 213 1435 norum,
228 1358 260 1418 id
276 1371 340 1433 est,
355 1355 485 1418 Virtutis
499 1369 700 1418 asseruerrmt.
714 1353 793 1418 Sunt
802 1368 904 1419 autem
917 1357 1062 1442 haec-ipsa
1078 1357 1160 1422 Pro-

94 1469 169 1528 ducta
192 1479 222 1526 et
240 1463 388 1546 Rejeeta,
414 1485 480 1544 quae
498 1461 586 1524 aliter
607 1461 779 1526 Commoda
795 1478 826 1526 et
839 1464 1038 1543 incommoda
1058 1464 1158 1528 Latini

94 1576 234 1644 direruu13
248 1571 350 1636 Graeci
360 1576 490 1656 εὔχρηστα
497 1587 527 1634 et
535 1575 694 1656 δύσχρηστα,
707 1569 841 1636 &necat
855 1601 870 1627 α
879 1571 949 1634 Atia
962 1587 1007 1636 est
1013 1573 1161 1638 Commo-

94 1684 192 1742 dorum
204 1679 358 1752 conditio,
375 1679 435 1739 alia
446 1676 615 1739 Bonorum.
630 1675 837 1740 Commodum
853 1682 987 1760 estquod
1000 1680 1069 1764 plus
1079 1680 1162 1743 Usus

93 1787 189 1861 habet,
205 1807 297 1868 quam
312 1785 458 1848 molestiae
476 1783 620 1846 :Bonum
631 1800 676 1847 cst
690 1787 843 1848 sincerum
856 1829 865 1861 ,
880 1799 910 1847 et
920 1787 960 1847 ab
975 1789 1060 1848 omui
1074 1803 1160 1871 perte

92 1896 271 1980 innoxium.»
281 1891 355 1976 (Ep.
365 1909 461 1966 ιω,
471 1894 516 1977 7.)
531 1891 614 1954 Nota
626 1894 663 1954 de
672 1891 756 1970 Usu,
769 1906 799 1954 et
809 1895 848 1954 ad
860 1888 1005 1956 Graecam
1014 1894 1099 1956 illam
1110 1919 1163 1957 ro-

91 2023 151 2063 orm
171 2003 357 2084 adspectum.
372 1997 485 2063 Cicero
500 2020 623 2062 causam
639 1999 772 2061 nominis
785 1999 878 2082 paulo
895 1999 987 2062 aliam
1003 2003 1135 2086 suggerit
1154 2027 1161 2062 ε

92 2137 106 2162 α
113 2107 173 2170 Res
181 2129 257 2190 quas
265 2129 322 2169 nos
330 2105 534 2188 (Academici)
542 2105 646 2174 Bonas
655 2106 793 2183 dicimus,
803 2105 890 2168 Zeno
900 2108 1059 2184 concessit,
1071 2109 1162 2173 utha-

90 2217 229 2280 bereutur
243 2229 341 2299 aptae,
360 2213 497 2291 habiles,
521 2227 551 2276 et
567 2216 606 2276 ad
622 2197 762 2276 naturam
779 2216 1014 2276 accommodatae
1031 2237 1038 2272 ε
1056 2213 1164 2276 fateri-

89 2347 142 2406 que
166 2323 260 2409 erepit
282 2323 412 2406 sapienti
432 2319 633 2384 Commodius
653 2341 742 2396 esse,
766 2321 792 2381 si
814 2341 851 2382 ea
874 2341 993 2401 quoque
1016 2320 1162 2383 habeat·

91 2429 149 2502 (IV
160 2429 212 2492 De
226 2427 322 2509 Fin.)
342 2426 458 2492 Seneca
480 2430 517 2489 de
538 2427 647 2490 iisdem
668 2426 805 2488 iterum?
823 2413 1021 2489 acommoda
1042 2441 1110 2488 sunt
1133 2427 1163 2487 iu

89 2539 145 2598 rita
159 2551 191 2600 et
204 2517 425 2609 Incommode,
449 2549 576 2616 utraque
591 2545 674 2594 extra
689 2553 781 2594 uos.»
800 2531 882 2615 (Ep.
896 2541 986 2608 xott.)
998 2529 1081 2612 Quid
1093 2535 1161 2596 ais?

89 2658 169 2705 extra
184 2664 244 2705 uos
259 2689 268 2716 ,
287 2663 360 2726 ergo
374 2641 425 2702 illa
442 2637 612 2724 Corporis,
629 2635 801 2702 Commoda
814 2658 875 2700 non
893 2638 982 2699 sunt?
1001 2635 1078 2699 Sunt
1090 2639 1162 2702 her-

88 2749 148 2822 cle;
165 2750 221 2812 sed
236 2761 322 2810 extra
332 2767 403 2824 nos,
415 2747 445 2808 id
460 2760 506 2808 est
518 2743 685 2823 Animum,
700 2745 832 2828 primam
845 2757 876 2805 et
888 2764 974 2828 paene
985 2757 1078 2806 totam
1089 2767 1165 2808 nos—

91 2859 126 2918 tri
139 2872 275 2942 partem.
292 2856 468 2936 lterumque
484 2855 565 2916 idem
581 2877 589 2913 :
608 2881 621 2910 α
635 2852 724 2915 Bona
733 2853 786 2914 illa
800 2867 869 2914 sunt
882 2873 975 2928 vera,
993 2875 1058 2935 quae
1072 2851 1164 2916 Ratio

87 2966 134 3026 dat
150 2989 158 3024 ε
175 2980 282 3028 cetera
297 2963 440 3047 opinione
452 2960 540 3023 Boua
556 2975 634 3024 sunt
650 2958 754 3043 ltaque
768 2958 940 3024 Commoda
954 2975 1118 3034 vocentur,
1137 2977 1167 3024 et

86 3086 117 3133 ut
128 3087 238 3136 nostra
253 3073 353 3156 lingua
370 3072 492 3154 loquar,
507 3069 666 3134 Producta.
677 3097 692 3124 n
709 3067 828 3153 (Epist.
846 3070 979 3146 txxtv.)
993 3068 1089 3132 Vides
1107 3092 1165 3153 pa-

86 3178 164 3258 lam,
179 3183 290 3242 eadem
305 3201 376 3241 cum
389 3177 548 3241 Productis
563 3199 629 3239 esse
644 3204 652 3249 ;
665 3176 849 3241 Ciceronem
859 3178 936 3240 adde
952 3201 985 3237 :u
994 3175 1165 3241 Commoda

85 3299 113 3345 et
129 3285 352 3358 Incommoda;
369 3287 410 3348 ita
425 3286 507 3348 enirn
516 3291 720 3370 ὶυχρηστήματα
735 3299 765 3346 et
778 3289 1000 3370 δυσχρηστήματα
1013 3285 1144 3368 appello.
1150 3313 1163 3338 υ

86 3390 146 3471 (111
158 3391 213 3456 De
228 3391 347 3471 Finit.)
358 3389 400 3454 Et
415 3412 557 3474 quercea
573 3393 617 3454 sic
633 3391 737 3453 Zeno?
752 3391 822 3473 quia
836 3401 950 3475 χρείαν,
966 3391 1065 3453 Usum
1079 3416 1086 3461 ς
1103 3411 1166 3452 non

85 3515 189 3562 autem
198 3507 333 3582 dedisset,
342 3497 523 3575 Utilitatem,
533 3496 839 3561 habencl’tusarehus
850 3499 1003 3560 Zenonios
1013 3497 1144 3560 irridens
1157 3522 1164 3556 :

87 3603 289 3682 «sumenda,
308 3627 369 3667 non
384 3603 582 3689 Expetenda;
599 3603 680 3686 Apta
695 3617 826 3680 natiuae,
837 3625 898 3665 nou
910 3602 1014 3675 Bona;
1028 3602 1165 3677 Inutilis,

86 3725 189 3774 tamen
201 3711 387 3776 Commoda.
411 3741 426 3765 n
445 3711 509 3773 Ubi
516 3711 645 3794 amplius
661 3710 805 3773 observes
819 3709 992 3774 Stoicorum
1003 3711 1034 3770 in
1044 3711 1169 3774 vocibus

86 3822 263 3882 cautionem
286 3833 338 3880 aut
361 3818 503 3880 dilectum
534 3843 541 3878 ι
572 3831 602 3879 et
621 3821 700 3878 sumi
718 3815 939 3894 ludifferentia,
969 3837 1030 3878 uon
1047 3822 1143 3900 expeti
1158 3843 1168 3878 .·

87 3927 169 4002 quod
184 3940 233 3988 est
246 3925 387 3987 Virtutis·
404 3923 517 3992 Cicero
536 3948 542 3982 :
562 3921 664 4004 «Quae
680 3901 724 3984 it'ti
739 3923 960 4004 (Academici)
977 3921 1065 3985 Bona
1082 3923 1168 3985 dice-

89 4043 174 4107 rent,
199 4030 364 4116 Praeposita
384 4051 470 4106 esse,
493 4049 556 4090 uon
574 4027 661 4090 Boua
686 4052 692 4087 :
719 4041 749 4089 et
767 4029 912 4090 sumenda
932 4028 1049 4110 potius,
1076 4049 1167 4109 quam

89 4141 293 4218 expetenda.»
324 4137 396 4218 (IV
414 4135 464 4200 De
480 4133 572 4214 Fin.)
591 4133 728 4196 lterum:
753 4163 767 4188 «ι
781 4133 852 4198 Duo
876 4135 966 4198 nobis
989 4156 1083 4218 opera
1111 4157 1168 4219 pro

91 4261 152 4301 uno
174 4243 271 4308 Stoici
301 4246 508 4327 reliquerunt,
534 4257 565 4304 ut
585 4243 644 4304 alia
661 4263 836 4320 sumamus,
868 4243 927 4304 elia
951 4256 1137 4325 appetamus.
1153 4271 1166 4296 ι»
