2886 4958
487 487 659 562 carun
690 493 759 562 rx.
867 555 872 570 ,
1089 481 1153 594 37³

86 619 155 688 alia
174 620 265 688 inter
281 635 413 714 togatos
426 632 435 668 ¹
453 619 631 691 latrocinia
645 639 736 692 sunt.
757 625 816 693 Est
829 607 864 692 e't
877 624 937 693 ilia
952 627 1078 720 injuria
1092 625 1158 695 ire·
1181 657 1197 690 ι

88 745 221 828 quens,
242 736 421 807 silueram
437 738 540 808 alicui
558 763 733 810 excussum
746 757 819 827 est,
838 759 897 810 aut
907 744 1085 836 praemium
1096 741 1157 812 diu
1179 799 1183 806 .

88 869 274 947 captatum,
287 855 314 922 si
325 879 447 949 magno
458 855 574 924 labore
582 857 738 928 affectata
749 858 929 928 hareditas
939 864 1077 929 'aversa
1086 876 1154 943 est,

89 987 125 1039 et
138 985 335 1064 quaestuosas
347 971 466 1041 domus
479 973 588 1068 gratia
600 967 740 1068 erepta⁵
756 1002 765 1060 ς
781 974 855 1044 haec
869 975 989 1070 effugit
1002 979 1155 1071 sapiens,

90 1089 152 1181 qui
168 1073 277 1156 nescit
289 1112 353 1158 nec
366 1089 402 1158 in
420 1113 480 1182 spe
496 1139 505 1170 ‚
522 1091 637 1160 necin
655 1107 747 1159 metu
762 1091 891 1162 vivere.
913 1091 1034 1184 Adjicc
1047 1119 1155 1178 nunc,

91 1203 185 1298 quod
202 1205 362 1297 injuriam
380 1229 481 1275 nemo
495 1206 633 1274 immota
650 1221 763 1276 mente
784 1207 926 1301 accipit,
943 1207 1005 1276 aed
1020 1207 1064 1278 ad
1082 1235 1159 1279 sen·

91 1345 167 1389 sum
191 1320 266 1413 ejus
286 1321 509 1412 perturbatur
534 1347 545 1389 r
572 1338 666 1390 caret
689 1338 803 1392 autem
825 1323 1082 1416 perturbatione
1105 1329 1159 1398 vir

92 1450 250 1516 erectus,
266 1433 459 1505 moderator
470 1437 543 1520 sui,
566 1437 641 1504 altae
659 1439 783 1530 quietis
800 1454 835 1506 et
851 1439 1005 1532 piacidae.
1027 1443 1113 1510 Nam
1130 1444 1159 1510 ai

91 1551 187 1621 ilium
203 1553 312 1646 tangit
324 1553 473 1646 injuria,
490 1568 526 1621 et
539 1569 671 1637 movet,
691 1570 726 1623 et
738 1549 900 1648 impedit⁴
917 1582 924 1624 :
941 1573 1034 1626 caret
1046 1575 1159 1626 autem

91 1670 142 1737 ira
157 1669 292 1762 sapiens
305 1718 315 1751 ,
332 1693 434 1761 quam
446 1671 570 1738 excitat
586 1671 720 1763 injurias
734 1673 887 1766 species,
908 1697 972 1742 nec
988 1675 1090 1744 aliter
1104 1700 1160 1745 ca-

91 1802 188 1854 reret
202 1787 277 1871 ira,
299 1785 366 1854 nisi
385 1802 421 1855 et
437 1786 585 1880 injuria,
603 1811 707 1879 quam·
719 1787 782 1856 scit
794 1788 859 1856 sibi
871 1813 941 1858 non
954 1815 1052 1883 posse
1067 1793 1155 1862 fieri.

91 1897 179 1968 Inde
205 1913 273 1968 tam
301 1893 437 1970 erectus
456 1899 621 1993 laetusque
643 1915 715 1982 est,
745 1899 826 1968 inde
848 1903 1007 1972 continuo
1036 1903 1160 1997 gaudio
1185 1929 1200 1983 ³

92 2015 224 2099 elatus,
239 2013 324 2084 adeo
339 2014 384 2084 ad
395 2016 599 2085 offensiones
613 2009 728 2086 rerum
740 2017 983 2111 bominumque
995 2043 1063 2088 non
1077 2045 1159 2089 con-

92 2133 265 2214 trahitur,
287 2147 326 2202 ut
341 2133 415 2226 ipsa
433 2132 484 2199 iili
501 2132 627 2224 injuria
644 2134 720 2201 usui
740 2126 804 2215 sit,
822 2159 886 2228 per
904 2159 1005 2228 quam
1024 2138 1160 2229 experi-

93 2262 246 2316 mentum
256 2247 309 2316 sui
319 2248 430 2339 capit,
443 2263 478 2316 et
488 2248 646 2317 virtutem
663 2235 782 2318 tentat.
798 2251 1001 2336 Pareamus,
1016 2250 1158 2321 obsecro

93 2385 178 2444 vos,
194 2362 275 2431 buic
287 2364 482 2456 proposito,
499 2365 673 2457 aequisque
686 2379 721 2432 et
736 2365 857 2433 animis
870 2380 904 2434 et
917 2365 1057 2434 auribus
1068 2366 1161 2435 adsi·
1242 2357 1247 2376 ’

94 2502 189 2560 anua,
205 2476 285 2547 duni
302 2479 437 2571 sapiens
448 2478 584 2571 injuriae
596 2480 764 2573 excipitur
781 2504 789 2546 ι
805 2480 1070 2574 necquidquam
1083 2481 1160 2552 ideo

93 2593 292 2687 petulantias
316 2601 461 2679 nostras,
482 2595 541 2662 aut
563 2595 788 2689 rapacissimis
812 2595 1077 2690 cupiditatibus,
1102 2616 1162 2668 aut

93 2712 403 2781 caecae·temeritati
431 2710 669 2806 superbiaque
698 2709 904 2780 detrahitur.
935 2713 1043 2783 Salvis
1069 2715 1160 2784 vitiis
1184 2737 1201 2804 4

91 2828 234 2911 vestris,
254 2825 329 2898 brec
347 2829 492 2922 sapienti
512 2827 651 2896 libertas
671 2828 837 2919 quaeritur
861 2852 870 2894 ε
893 2851 982 2911 non,
1004 2847 1047 2907 ut
1065 2831 1160 2900 vobis

91 2941 209 3012 facere
227 2968 296 3014 non
314 2945 415 3014 liceat
432 2943 614 3038 injuriam,
642 2943 799 3036 agimus,
822 2940 883 3010 aed
899 2957 939 3011 ut
963 2943 1021 3012 illc
1045 2969 1161 3014 omncs

91 3056 239 3148 injurias
253 3058 289 3125 in
308 3057 413 3127 altum
432 3057 580 3125 dimittat
590 3051 618 3138 ⁵,
632 3055 864 3150 patientiaque
882 3079 918 3124 se
933 3079 974 3126 ac
990 3061 1161 3152 magnitu-

93 3173 178 3243 dine
196 3176 300 3244 animi
318 3172 491 3245 defendat.
512 3175 569 3245 Sic
587 3173 624 3240 in
643 3171 885 3244 certaminibus
904 3170 1034 3244 sacris⁶
1051 3175 1160 3271 pieri·

93 3342 204 3416 explicat
215 3343 377 3411 exemplis·
392 3343 452 3398 Ut...
461 3339 603 3410 submisso,
653 3354 754 3415 geretur
763 3342 861 3416 sapiens
873 3380 881 3410 ,
895 3363 924 3396 ea
936 3364 1037 3416 quoqne
1046 3363 1160 3398 movere-

92 3422 234 3476 snbornato
250 3423 282 3476 ab
294 3423 358 3477 aliis.
652 3435 695 3476 tar
704 3435 728 3480 et
736 3423 867 3496 quiesejur
877 3423 1164 3479 disturbaretur-Nisa*

133 3499 606 3569 r-Togotur.1.e.1iomuos,senma·
652 3499 782 3567 etinjun'n
789 3539 797 3564 ,
810 3497 898 3576 snppb
908 3540 916 3568 ,
928 3514 1031 3556 careret.

93 3579 349 3654 gistraturromtnos.
687 3579 710 3630 5.
733 3579 769 3630 1n
792 3581 877 3631 alnam
897 3581 1019 3634 obmittat.
1044 3581 1160 3656 Lipsius,

131 3657 339 3713 2.Estete‘11a.....
348 3668 491 3712 ποιησαι
501 3655 540 3710 Cf.
548 3677 605 3728 qun
653 3655 738 3710 lotum
747 3677 800 3712 nou
810 3658 970 3732 intelligens,
985 3671 1053 3734 putat
1065 3679 1072 3713 ι
1083 3674 1125 3713 aut
1132 3665 1161 3714 r'n

95 3737 162 3792 dixit
172 3757 240 3810 supr.
250 3735 282 3789 de
298 3738 354 3803 Ira,
367 3735 412 3790 lib.
429 3735 483 3800 ΙΙΙ,
498 3755 550 3808 erp.
564 3736 606 3802 34.
653 3736 709 3787 aito
724 3736 735 3802 (
754 3735 826 3806 quasi
846 3735 898 3809 ipsc
916 3737 1015 3809 sapiens
1032 3737 1060 3789 in
1071 3738 1122 3789 alto
1135 3750 1162 3812 ‘i

94 3817 259 3877 Pramum,
272 3813 389 3868 hocloco
402 3827 454 3880 cst,
473 3813 566 3867 laboris
581 3827 607 3866 et
653 3813 767 3866 sublimis
773 3813 883 3867 dimittat
888 3815 992 3888 injurias
1000 3819 1161 3889 spumatque)

94 3891 198 3947 sudoris
211 3891 286 3946 multi
298 3893 425 3968 pretinm,
442 3892 606 3946 commodum
654 3903 697 3942 tut
715 3891 925 3964 potiutr'nnitus,
942 3913 993 3946 una
1011 3911 1087 3956 voce,
1105 3893 1122 3946 i.
1138 3915 1160 3948 s.
1274 3915 1276 3918 ·

93 3970 212 4042 aliquod·
653 3968 707 4022 sins
730 3967 843 4024 vindicta
862 3969 966 4042 injurias
991 3971 1087 4025 transit.
1109 3971 1161 4025 Sed

130 4048 605 4122 3.Haemditas.‚...errptn.verb.grat.
654 4046 745 4118 quidni
756 4051 867 4112 inrbrias
884 4052 913 4102 in
928 4052 1014 4102 cltum
1034 4051 1163 4104 dimittere

82 4126 131 4185 ad
149 4126 195 4180 lib.
212 4125 246 4190 V,
275 4145 327 4198 cap.
345 4130 412 4180 5.-
426 4127 606 4197 Quattuoroe,
654 4143 687 4178 tc.
700 4122 1162 4198 monsigniiicet,'nibiiincerame-

96 4204 253 4258 mcreatoris.
656 4201 768 4277 qiigere,
781 4222 833 4255 non
844 4223 930 4256 curare
942 4203 1002 4276 ess?

131 4284 156 4350 4.
166 4284 239 4336 Nam
240 4319 281 4335 .....
284 4281 444 4353 mpeditsi
452 4281 545 4352 iniuria
554 4294 607 4334 tan·
688 4279 711 4334 6.
719 4279 754 4333 In
763 4281 944 4336 cenootins'bus
954 4287 1044 4350 sacris,
1056 4283 1160 4338 scGro·
