2910 4954
341 523 499 592 LIBER
523 523 607 606 111,
634 522 748 592 ΠΛΡ.
774 523 821 593 V.
1061 545 1118 590 rer

66 647 118 716 alia
128 651 231 718 animi
246 651 335 720 mala
350 651 396 721 ad
413 653 576 745 pessimos
595 676 750 745 quosque
768 651 967 746 pertinere,
989 649 1129 718 iracun-

66 765 141 836 diam
153 770 254 838 etiam
266 768 411 839 eruditis
421 769 636 852 hominibus,
651 771 734 838 etin
746 769 942 850 aliamnie¹,
955 768 1124 860 irrepere3

66 881 138 950 adeo
155 899 194 952 ut
216 883 359 978 quidum
377 884 630 978 simplicitatie²
647 882 814 952 indicium
839 879 1052 950 iracundiam
1075 879 1130 948 di·

67 999 301 1092 cent,etvulgo
310 997 472 1068 credatur
482 995 837 1092 facillimua³quieque
847 997 930 1065 huie
942 995 1130 1064 obnoxius?

106 1115 145 1180 V.
168 1112 387 1205 eQuoreue,
410 1113 548 1206 inquis,
574 1114 640 1183 hoe
662 1117 872 1209 pertineti’u
899 1116 945 1182 Ut
969 1135 1069 1184 nemo
1093 1137 1130 1181 ae
1159 1138 1169 1170 ι

63 1226 182 1317 judicet
197 1243 309 1297 tntum
322 1229 366 1297 ab
380 1228 460 1313 illa,
477 1253 584 1321 quum
602 1229 712 1298 lentos
725 1255 862 1324 quoque
876 1245 999 1298 namra
1010 1243 1046 1297 ct
1057 1229 1145 1323 plaz

66 1341 149 1413 eidos
169 1345 207 1413 in
222 1345 386 1413 aaevitiam
407 1369 449 1414 ac
467 1346 665 1414 violentiam
681 1363 812 1416 evocet.
834 1343 1133 1439 Quemadmodum

66 1458 217 1532 adversus
232 1461 460 1554 pestilentiam
477 1462 565 1530 nihil
583 1461 723 1555 prodest
738 1463 881 1530 firmitas
900 1461 1075 1554 eorporis,
1098 1477 1135 1528 et

68 1575 202 1672 diligens
218 1577 424 1648 valetudinis
443 1601 547 1664 eura3
568 1579 760 1671 promiscue
778 1579 870 1646 enim
889 1577 1061 1646 imbecilla
1078 1602 1134 1645 ro·

66 1690 223 1786 brutaque
240 1694 373 1764 invadit
391 1721 399 1761 :
419 1696 468 1762 ita
483 1694 528 1762 ab
545 1695 597 1762 ira
617 1711 683 1763 tam
702 1695 867 1787 inquietis
886 1687 1061 1762 moribua⁴
1076 1717 1135 1787 pe-

66 1808 201 1878 rieulum
216 1824 287 1892 est,
305 1833 408 1902 quam
418 1809 613 1902 compositis
625 1825 660 1878 et
671 1809 843 1892 remissie,
859 1809 986 1900 quibua
1003 1831 1043 1876 co
1059 1823 1133 1876 tur-

67 1923 133 2013 pior
157 1948 197 1992 ae
221 1924 446 2018 periculosior
470 1939 543 2007 eat,
572 1950 641 2017 quo
667 1925 744 2021 plua
766 1927 803 1993 in
829 1924 897 1994 illis
921 1940 1039 1993 mutat.
1067 1924 1136 1994 Sed
1161 1947 1175 1979 ²

67 2063 162 2130 quum
185 2042 335 2134 primum
360 2041 427 2122 ait,
451 2064 520 2108 non
549 2043 669 2127 irasei3
696 2039 905 2124 secundum,
923 2035 1133 2126 *⁵detinere3

97 2281 248 2334 alcaudius
250 2317 294 2332 .....
313 2284 342 2332 in
355 2282 413 2334 alia
426 2277 573 2354 (negotial
622 2291 689 2352 pecte
700 2279 801 2353 proprie
811 2281 848 2333 eie
859 2279 941 2344 diete;
956 2279 1049 2334 deinde
1061 2281 1137 2332 mul-

64 2361 139 2411 senis.
149 2360 181 2412 ld
191 2372 242 2424 eat,
254 2358 331 2410 bouis
342 2378 386 2412 sen
398 2358 461 2410 lroni
472 2357 572 2410 studio·
622 2371 676 2413 tum
688 2361 782 2426 refert,
795 2372 880 2414 utrum
892 2359 1033 2434 pestilentia
1048 2361 1137 2414 omnia

64 2434 108 2498 sie,
124 2437 234 2490 stoicum
250 2437 279 2492 iu
294 2455 392 2489 morem
411 2449 436 2488 et
449 2455 572 2500 aeneum,
623 2455 728 2512 corpora
748 2435 868 2503 invadat,
887 2457 921 2490 an
941 2437 1028 2490 animo
1045 2435 1136 2509 cuique

63 2511 141 2584 lipsio
170 2513 313 2588 interprete.
339 2513 392 2567 Sed
419 2515 505 2567 neseio
529 2535 573 2568 cur
623 2513 1137 2589 periculumeitabire.Nemciutrum-

63 2607 111 2642 non
143 2592 294 2665 simpliciter
321 2592 353 2645 de
385 2593 465 2646 doctis
490 2591 574 2646 homi·
623 2595 771 2665 que‚qnnd
787 2593 830 2648 lric
843 2595 965 2669 ponitur,
981 2613 1069 2647 venun
1083 2606 1136 2654 eet,

62 2666 132 2722 tilam
163 2670 206 2724 hie
231 2672 355 2723 Nostrum
379 2669 494 2724 loentum
522 2691 573 2724 eece
623 2691 706 2744 neque
729 2673 858 2726 medicina
885 2672 938 2725 ulla
964 2670 1138 2724 commendari

63 2744 241 2822 intelligamus.
254 2751 336 2802 tom
350 2749 484 2812 Platonis,
497 2769 573 2822 quem
622 2764 720 2825 potest,
739 2770 823 2824 neque
840 2750 973 2815 remedia,
993 2767 1050 2821 qute
1066 2750 1139 2802 ellert
1199 2763 1205 2776 ·

62 2822 153 2897 Lipsius
164 2827 257 2891 affert,
275 2826 340 2879 bene
350 2825 401 2880 hnc
412 2828 471 2881 lecit
482 2845 489 2880 z
499 2847 574 2902 aega-
623 2831 734 2895 Noster,
756 2830 855 2884 laudari
876 2843 988 2906 possum.
1010 2829 1062 2883 Sed
1084 2849 1138 2882 non

61 2905 120 2968 cess
138 2905 289 2979 ingeniosos
316 2917 341 2956 et
359 2907 525 2959 memorioroa
545 2920 574 2959 ut
623 2909 1140 2981 eatiasnbtiliterextuliese‚quaesentireu

61 2979 198 3051 plurimum
209 2983 330 3036 etiamad
344 2983 502 3037 iracundiam
516 3004 574 3057 pro·
623 2989 715 3041 Noster
739 2989 866 3063 putandus
895 3001 938 3041 eet.
966 2991 1063 3042 Senem
1084 3001 1138 3042 eet:

61 3063 184 3132 pensiore:
201 3083 264 3116 eece.
279 3063 341 3115 Vid.
352 3063 472 3117 Theaetet.
484 3085 514 3136 p.
525 3065 570 3130 52,
624 3067 850 3134 Quemadmodum
867 3068 959 3140 cuique
976 3069 1076 3142 corpori
1091 3088 1139 3140 pe-

61 3159 81 3188 a.
93 3141 122 3193 T.
135 3143 160 3195 ll
171 3182 179 3208 ,
193 3141 246 3216 lrip.
257 3131 318 3194 dll'
333 3143 356 3192 el
366 3163 389 3193 τι
401 3143 474 3204 ὀξεῖς,
484 3162 505 3190 z·
518 3161 538 3192 τ.
552 3143 572 3190 l·
622 3143 732 3197 ticulum
745 3158 781 3196 eet
791 3165 805 3197 e
817 3144 977 3218 pestilentia,
992 3145 1042 3211 ita,
1056 3156 1103 3198 etc.

89 3221 320 3290 2·Simplic1'lal¹'s·
336 3218 375 3272 Cf·
386 3217 426 3282 ll,
443 3217 479 3270 15·
657 3225 681 3276 5.
691 3224 812 3277 Detinet!
828 3243 917 3294 omnep
934 3222 1007 3282 codd.
1024 3223 1101 3275 Mss.
1114 3235 1139 3276 et

89 3297 112 3348 3-
124 3297 333 3362 Facillimum·
345 3295 531 3349 &mitissimus-
624 3307 731 3356 retinere
749 3303 778 3356 in
800 3301 859 3355 edd.
876 3315 934 3355 vett
953 3321 974 3354 e.
987 3321 1008 3354 e.
1030 3301 1138 3355 Eraemi.

89 3375 120 3426 V.
132 3379 206 3428 Αιῦ.
222 3375 262 3427 Ad
278 3374 434 3450 propositum
452 3375 534 3448 pergit
549 3389 574 3428 et
624 3378 747 3433 Gruterus
762 3381 841 3434 tuitus
856 3393 895 3434 est
910 3379 985 3432 codd.
1001 3380 1139 3432 auctorite-

59 3453 145 3508 ordine
156 3453 329 3508 dicendorum
339 3453 480 3518 declarato,
492 3473 574 3505 reme·
622 3469 672 3510 tem
684 3496 692 3522 ‚
713 3459 785 3511 nulla
805 3472 891 3512 temen
912 3459 1010 3511 ratione
1032 3457 1136 3512 addite:

60 3534 98 3586 die
114 3539 195 3589 all'ert
213 3534 387 3588 contrairem.
405 3537 443 3588 Ac
455 3522 573 3610 'primum
622 3535 722 3608 Lipsius
735 3536 850 3591 effinxit:
863 3540 1007 3600 detumere,
1021 3536 1038 3590 i.
1057 3557 1078 3590 e.
1093 3537 1138 3590 de-

59 3628 107 3680 est,
119 3629 147 3672 ut
161 3616 227 3670 vitia
239 3653 247 3680 ‚
262 3634 318 3686 quae
329 3615 373 3669 ira·
385 3615 485 3688 proprie
496 3628 572 3680 sunt,
623 3625 767 3668 tumescere.
779 3616 803 3666 J.
818 3615 849 3670 F.
859 3614 974 3668 Gronov.
993 3615 1140 3668 emendavit

58 3696 126 3750 nobie
137 3696 253 3751 subinde
267 3713 456 3770 proponamus,
474 3707 498 3746 et
509 3695 573 3748 irem
622 3693 746 3745 desinere.
773 3691 913 3746 Enimvero
944 3692 986 3745 hic
1015 3707 1139 3768 exspectet

59 3774 241 3849 enmpeesimie
250 3772 573 3848 effectibuscompcremm.
623 3769 742 3836 verbnm,
763 3769 832 3840 quod
852 3771 960 3824 activum
976 3770 1029 3823 vim
1044 3772 1138 3836 helien

88 3854 395 3924 l-Inquietismore'bus.
407 3853 438 3905 ld
451 3866 501 3916 eet,
516 3852 574 3904 ani·
624 3848 718 3902 deinde
739 3850 856 3901 desinere
877 3861 914 3900 est
937 3869 1074 3922 synonym.
1095 3857 1138 3902 τοῦ

57 3953 96 3986 mo
116 3934 219 3987 inmite
235 3932 344 4003 ideoque
360 3929 409 3984 cibi
426 3929 495 3984 hand
510 3949 574 3984 eon·
623 3925 820 3980 moderatiorem
832 3926 1042 4001 esee,inl'recep.
1053 3927 1102 3996 35,
1115 3947 1137 3980 n.

55 4015 135 4068 stanti.
142 4015 247 4068 Vereor
256 4023 285 4064 ut
295 4009 343 4062 hoe
349 4009 433 4062 simile
440 4008 500 4060 eatis
507 4007 573 4060 bene
624 4008 744 4060 Retinere
754 4023 815 4057 vero
829 4004 934 4071 (idest,
946 4004 1062 4078 plaeere)
1073 4025 1140 4076 quo-

56 4105 179 4166 eongruat
192 4090 324 4143 invicem:
337 4086 428 4140 merito
440 4085 510 4139 enim
525 4084 575 4138 du·
624 4103 673 4156 que
691 4081 789 4135 bonum
810 4095 869 4136 eet:
888 4081 932 4135 ted
949 4083 1024 4136 codd.
1043 4083 1140 4137 obtem·

57 4167 116 4222 bites
129 4171 160 4223 de
174 4167 283 4222 veritate
291 4167 440 4232 sententie,
454 4183 530 4236 quem
542 4163 574 4217 de
623 4162 765 4237 perandum
776 4175 813 4216 eet
821 4161 885 4216 boni
893 4162 957 4234 quid
965 4163 1141 4218 eaedentibus.

57 4249 198 4318 pestilentia
218 4247 246 4300 in
263 4245 378 4299 medinm
392 4247 500 4318 profert,
521 4243 574 4296 eive
623 4241 870 4312 Tnearitequeeum
879 4241 1134 4306 Grutermdete'nm,

58 4327 185 4400 intelliges
213 4327 245 4380 tle
272 4325 315 4378 lue
339 4323 441 4396 alique,
465 4323 519 4376 eive
543 4321 574 4375 de
625 4320 641 4374 i.
656 4340 677 4372 e.
689 4319 821 4374 inhibere:
835 4321 866 4372 el.
878 4337 931 4392 cap.
948 4339 994 4384 re,
1009 4319 1081 4384 4,al.
