2896 4954
286 439 351 504 ,ιο
614 439 682 508 ou
706 421 1021 520 obuunnrrs
1110 520 1115 530 .

283 563 388 633 Arius
405 565 544 658 quidem
562 569 682 639 eodem
695 571 751 642 die
762 575 948 648 etriternm
962 579 1154 651 bmredem¹
1173 583 1343 678 perdidit,

283 680 346 748 sed
364 683 478 752 Caesttr
495 683 686 754 libertatem
707 693 885 762 mnunuc
908 717 977 764 sum
994 695 1140 767 redemit
1155 701 1182 766 ¹:
1199 713 1234 768 et
1258 715 1346 793 post·

1421 1797 1422 1852 i

1421 1859 1422 1918 i

1421 1999 1422 2040 ι

283 827 384 894 quam
403 808 604 900 approbavit
619 813 800 903 gratuitam
815 839 888 883 esse
900 820 1113 888 severitatem
1123 845 1240 904 ιιιιιιι,
1256 821 1345 916 quod

280 922 429 1015 principi
442 947 577 1017 semper
595 926 784 998 curandum
801 948 871 1014 est,
889 931 975 1002 dixit
990 961 998 1002 ι
1011 937 1245 1032 Relegnndum
1258 963 1343 1032 ,qno

238 1035 254 1088 ⁵
280 1039 370 1129 patri
386 1037 573 1108 videretur.
593 1043 669 1108 Non
683 1043 852 1129 culleum,
881 1071 951 1116 non
964 1067 1160 1143 serpentes,
1180 1075 1251 1122 non
1269 1077 1343 1122 mr-

280 1177 392 1222 cerem
412 1153 565 1224 decrevit
583 1149 610 1239 ³,
632 1183 760 1228 memor
776 1185 846 1230 non
865 1162 908 1232 de
927 1190 996 1258 qno
1013 1185 1187 1252 censeret,
1211 1169 1274 1238 sed
1291 1174 1344 1238 cni

279 1267 316 1334 in
342 1269 482 1337 consilio
505 1286 606 1338 esset.
638 1272 837 1344 Mollissimo
864 1301 991 1370 genere
1013 1303 1121 1373 poenae
1149 1298 1343 1352 couteuorm

278 1406 352 1452 esse
366 1383 493 1453 debere
511 1401 642 1477 patrem
662 1386 749 1457 dixit
765 1389 803 1458 in
823 1392 895 1462 titio
906 1393 1179 1480 adolescentulo,
1200 1401 1343 1493 impulso

275 1499 364 1568 inid
380 1503 511 1586 scelus,
531 1503 648 1596 inquo
665 1531 723 1588 se,
739 1507 832 1600 qnod
843 1512 1030 1603 proximum
1041 1515 1167 1584 erstnb
1177 1517 1342 1586 innocen-

278 1610 357 1698 tin⁴‚
373 1618 492 1687 timide
513 1622 671 1714 gessisset
684 1617 710 1688 ⁵:
723 1622 850 1694 debere
874 1626 970 1695 illum
982 1629 1027 1697 nb
1037 1628 1123 1699 urbe
1136 1647 1171 1700 et
1184 1655 1204 1700 s
1215 1657 1340 1727 paren·

274 1736 317 1804 tis
336 1737 443 1804 eculin
461 1738 667 1806 submoveri.

235 1867 245 1898 ¹
322 1852 748 1948 XVI.Odignum‚quem
760 1859 796 1926 in
806 1862 981 1931 consilium
992 1862 1333 1956 pstresadvocnrent!

272 1970 461 2065 odiguum‚
483 1995 585 2063 quem
598 1973 809 2044 cohaeredem
824 1978 1061 2050 innocentibus
1078 1981 1337 2051 liberisscribe·
1421 1975 1422 1978 ¹

271 2081 366 2154 rent!
398 2089 478 2154 Haec
507 2087 686 2156 clementia
710 2091 903 2184 Principem
925 2092 1038 2178 dccet,
1065 2112 1103 2164 ut
1122 2122 1335 2191 quocumque
1421 2115 1422 2124 ’

271 2205 422 2288 venerit,
445 2205 671 2273 mansuetiora
689 2207 801 2275 omnia
820 2209 932 2276 faciat.
952 2213 1058 2280 Nemo
1074 2215 1149 2307 regi
1173 2231 1243 2283 mm
1261 2215 1335 2284 vilis
1421 2219 1422 2292 i

268 2410 392 2466 beneficis
412 2433 426 2466 e
445 2413 585 2468 omnbus
608 2417 775 2490 accepissent,
826 2422 899 2487 (nne
921 2437 979 2472 cum
1000 2432 1129 2496 serpente,
1149 2421 1246 2486 simis,
1268 2421 1334 2496 geilo
1421 2447 1422 2486 3

267 2491 314 2544 bos
322 2493 374 2546 sire
386 2515 414 2547 es
425 2515 486 2557 esse.
496 2496 547 2549 sive
556 2519 584 2550 ex
591 2513 659 2571 parte
667 2499 778 2554 heredes
826 2498 965 2572 gallinaceo
978 2511 1086 2565 eterne,
1097 2521 1126 2552 er
1135 2500 1192 2574 lege
1205 2502 1331 2572 Pompeii,
1421 2495 1422 2504 ¹

266 2570 308 2622 vel
329 2571 501 2644 superstitibus
518 2574 604 2628 liberis
624 2576 774 2637 scriberent.
825 2575 840 2645 ς
851 2597 880 2647 9.
893 2575 972 2628 lussit.
984 2577 1017 2628 de
1027 2575 1131 2650 publicis
1144 2577 1271 2648 judiciis).
1282 2579 1333 2629 Jn-
1421 2595 1422 2624 t

265 2651 319 2701 inse
327 2649 497 2703 enarrabimus
504 2653 536 2705 ad
545 2651 648 2706 Consul.
658 2655 689 2707 sd
697 2656 775 2707 Merc.
824 2654 906 2708 senei.
916 2653 961 2706 lib.
970 2653 1057 2719 VIII,
1066 2675 1118 2727 cap.
1128 2657 1190 2722 ιιᾼ,
1204 2655 1240 2708 its.
1252 2657 1331 2730 intpp.

269 2745 311 2798 tq.
326 2748 350 2780 n.
365 2731 507 2799 Augustum
520 2730 623 2801 quidem
635 2730 773 2785 hmediu-
826 2729 879 2782 cie.
891 2731 923 2783 de
934 2730 1034 2786 intent.
1049 2730 1092 2786 lib.
1105 2729 1146 2794 11,
1159 2751 1213 2802 esp.
1229 2734 1271 2784 50.
1284 2733 1331 2785 Pro
1421 2735 1422 2738 ’

264 2816 301 2857 tes
312 2804 417 2859 minime
429 2807 575 2881 appetiisse,
585 2809 658 2862 docet
667 2809 774 2864 Sueten.
824 2809 891 2862 Sext.
903 2809 995 2862 Roscio
1006 2808 1119 2862 Ameria.
1127 2828 1181 2878 cap.
1192 2819 1234 2865 no.

264 2902 285 2934 c.
297 2882 345 2947 66,
361 2881 405 2934 bn.
416 2885 531 2955 quamvis
545 2899 646 2950 tamen,
661 2905 689 2940 ιιι
700 2907 774 2961 suprs
856 2887 879 2951 4.
891 2884 1051 2938 Proaet‘mum
1061 2894 1119 2938 erat
1132 2887 1169 2938 ab
1179 2888 1330 2938 immite.

263 2961 314 3034 jem
333 2963 494 3027 notavimus,
508 2983 537 3016 es
553 2964 693 3016 amicorum
712 2983 774 3016 rno-
823 2963 980 3018 innocentie
1007 2983 1060 3017 non
1082 2961 1266 3028 simillimum,
1286 2962 1330 3014 sed
1421 3027 1422 3036 ἵ

262 3038 381 3092 rientium
393 3042 548 3094 testamentis
558 3041 707 3115 quadragies
718 3040 773 3094 mil·
822 3043 971 3116 proximum.

261 3117 323 3182 lies,
336 3118 362 3170 b.
373 3138 395 3170 e.
412 3119 612 3184 4‚ooo‚ooo‚ooo
623 3120 656 3172 tt.
668 3120 694 3170 S.
706 3121 717 3184 (
727 3139 772 3172 ne·
856 3123 879 3172 5.
891 3120 976 3173 Sem...
988 3121 1079 3172 timide
1089 3123 1217 3187 pasceret.
1230 3119 1263 3172 Et
1275 3140 1330 3189 pro·

260 3209 317 3251 ιιιιο
329 3199 564 3252 monetefemtoc
574 3197 772 3264 mr'llt'oos)ac-
820 3211 874 3272 pter
885 3198 934 3251 boc
945 3199 1043 3260 iorsan,
1056 3197 1081 3249 in
1094 3195 1224 3270 parricidis
1235 3197 1330 3269 deprc-
1421 3227 1422 3238 ι

260 3275 371 3346 cepisset.
820 3273 912 3328 bencus
931 3287 1000 3328 esset.
1019 3273 1120 3327 Scilicet
1135 3273 1211 3344 petris
1227 3271 1330 3327 interfi-
1421 3293 1422 3296 ’

297 3371 316 3402 ι.
329 3355 413 3405 Arius
415 3389 498 3404 .........
513 3353 636 3419 perdidit.
654 3351 766 3416 Filium,
819 3353 903 3406 ciendi
912 3351 1043 3405 consilium
1053 3351 1164 3424 cepisset,
1175 3350 1331 3404 intboatnm·

258 3451 337 3500 quum
347 3431 463 3484 Cesarss
473 3430 616 3484 hereditate
624 3429 768 3482 sbdicssset.
818 3451 866 3502 qne
882 3449 934 3482 non
954 3429 1108 3500 perfecisset,
1124 3427 1153 3479 in
1170 3428 1330 3499 exsequentis
1421 3463 1422 3500 3

293 3529 315 3558 n.
328 3507 457 3560 Redemit.
471 3506 615 3579 Aptissime.
628 3505 769 3577 Fingamus
818 3505 1154 3579 cedetrepidusetberens.
1421 3529 1422 3560 1

257 3585 327 3638 cuitu
345 3586 422 3639 fuisse
437 3585 500 3638 Ario
522 3582 689 3656 quinquagies
701 3585 770 3651 (no-
853 3585 921 3636 xv1.
938 3586 1006 3636 Atto.
1027 3583 1168 3636 Clementis
1185 3583 1286 3654 itaque,
1303 3597 1330 3636 ιιι
1421 3577 1422 3580 ¹

256 3676 313 3716 ttrtc
329 3666 501 3718 monetaeicre
514 3661 700 3726 mamertium
719 3660 769 3731 jam
818 3663 908 3733 cuique
922 3661 1037 3727 bomini,
1055 3662 1089 3714 its
1102 3660 1240 3734 prsesertirn
1284 3660 1329 3711 'n-
1421 3657 1422 3660 '

256 3741 318 3794 emit
338 3747 469 3814 Angustus
492 3741 530 3814 jus
550 3739 623 3792 liberi
654 3737 769 3809 suffragii
819 3740 868 3816 cipi
878 3739 969 3793 honori
978 3739 1092 3792 ducenda
1103 3751 1146 3790 est
1155 3737 1233 3804 Quod
1245 3680 1329 3788 ibinus
1421 3741 1422 3758 ³

255 3819 332 3882 vicies
345 3819 479 3890 quinquies
495 3831 589 3870 sestert.
817 3818 920 3870 illorum
936 3815 1054 3890 exemplis
1065 3815 1155 3886 quibus
1166 3813 1330 3867 ‹lcminatio-
1421 3869 1422 3872 Ἴ

288 3897 312 3948 3.
327 3897 388 3948 Non
403 3899 513 3950 curteum
516 3934 555 3949 .....
573 3897 688 3948 decrevit.
703 3893 767 3966 Sup·
817 3895 856 3947 nis
865 3915 944 3966 genus
957 3894 1084 3964 quoddam
1094 3906 1143 3956 est,
1160 3893 1328 3964 petrinernpe

253 3975 327 4049 plicis
345 3975 523 4045 parricidarum
535 3975 667 4036 solennis,
681 3986 708 4024 ut
723 3993 764 4026 ca·
815 3973 842 4026 in
853 3972 960 4034 liberos,
975 3969 1118 4044 preceptori
1130 3969 1158 4020 in
1172 3969 1326 4041 discipulos,
1421 3971 1422 4004 ἶ

252 4053 303 4126 pite
313 4065 337 4105 et
349 4072 392 4104 ore
403 4053 529 4106 obvolutis
541 4053 569 4105 in
582 4070 705 4104 carcerem
718 4049 764 4102 tlu-
814 4047 965 4118 tribunoque
978 4047 1004 4098 io
1015 4046 1123 4106 militesr
1137 4045 1215 4097 immo
1223 4059 1249 4096 et
1261 4067 1326 4098 mu·
1421 4069 1422 4114 p

252 4131 302 4194 cti,
316 4131 409 4183 deinde
424 4131 451 4184 in
462 4132 568 4184 fluvium
580 4129 765 4200 conjicerentur
812 4140 896 4180 torum
904 4125 1050 4178 animalium
1060 4143 1116 4194 qo:
1124 4124 1249 4176 domandi
1258 4125 1325 4196 peri·
1421 4125 1422 4134 ’

252 4211 355 4276 colico,
372 4209 398 4263 id
416 4224 467 4276 est,
480 4231 551 4263 sacco
564 4210 677 4262 coriscco
688 4207 765 4260 insuti
814 4217 853 4256 tus
863 4201 1047 4274 benignepuuit
1058 4241 1064 4266 ,
1077 4201 1185 4271 benigne
1197 4201 1283 4264 docet,
1296 4215 1324 4256 ut
