2900 4944
475 458 652 531 CAPUT
677 461 751 528 111.
1077 458 1143 544 485

76 591 211 658 mallem
226 615 235 656 ι
253 588 421 682 quidquid
438 591 507 659 dixi
526 616 631 683 quum
646 593 814 685 recogito,
835 591 959 657 mutis¹
977 586 1113 658 invideo
1132 615 1140 654 ε

76 704 247 799 quidquid
260 708 385 799 optavi,
403 708 617 776 inimicorum
625 708 887 776 exsecrationem
897 720 981 799 puto
992 709 1026 789 ²3
1043 703 1144 797 quid·
1167 725 1184 778 3

73 817 159 912 quid
173 821 292 902 timui,
314 820 361 887 dii
380 819 462 889 boni
473 871 484 906 ,
501 836 628 914 quanto
641 821 762 888 melius
781 813 794 856 ³
815 821 890 906 fuit,
919 841 1021 911 quam
1047 817 1143 912 quod

74 937 255 1031 concupivi
266 933 280 1006 ?
291 939 376 1006 Cum
388 938 502 1006 multis
518 938 710 1005 inimicitias
724 935 825 1029 gessi,
846 951 881 1003 et
894 936 931 1002 in
945 935 1088 1028 gratiam
1103 959 1143 1003 ex

74 1051 154 1120 odio
168 1053 217 1142 (si
236 1051 336 1120 modo
353 1053 421 1122 ulla
431 1053 638 1122 intermalos
647 1053 756 1146 gratie
769 1052 835 1142 est)
847 1051 936 1123 redii
950 1078 958 1118 :
979 1053 1143 1146 mihiipsi

76 1165 231 1238 nondum
243 1168 372 1235 amicus
386 1192 473 1236 sum.
496 1168 639 1237 Omnem
658 1191 794 1261 operum
808 1167 912 1250 dedi,
930 1182 969 1236 ut
981 1191 1036 1236 me
1053 1167 1143 1236 mul-

74 1281 216 1352 titudini
230 1281 410 1352 educerem
425 1278 438 1326 ⁴
453 1333 462 1366 ,
486 1299 521 1351 et
534 1284 650 1376 aliqua
670 1284 749 1350 dote
770 1283 954 1351 notabilem
970 1281 1118 1352 facerem
1133 1305 1143 1351 ε

74 1394 162 1485 quid
175 1395 270 1466 uliud
285 1420 386 1487 quam
399 1395 476 1463 telis
487 1419 539 1464 me
552 1398 707 1490 opposui,
730 1410 764 1464 et
776 1395 1032 1482 malevolentiae,
1050 1395 1144 1487 quod

74 1509 266 1594 morderet,
285 1511 443 1581 ostendi?
461 1540 476 1576 o
506 1513 608 1582 Vides
623 1515 721 1594 istos,
745 1515 804 1606 qui
822 1513 1053 1604 eloquentiam
1070 1513 1140 1582 leu-

72 1622 166 1708 dam,
184 1630 246 1720 qui
260 1651 342 1721 opes
360 1644 562 1720 sequuntur,
576 1631 639 1720 qui
659 1629 775 1722 grstiae
791 1627 986 1714 adulantur,
1006 1629 1065 1720 qui
1079 1652 1140 1721 po-

70 1745 211 1812 tentium
223 1725 416 1814 extollunt?
435 1767 550 1813 omnes
570 1760 629 1812 aut
643 1759 723 1813 sunt
739 1743 874 1829 hostes,
898 1745 985 1834 ant(
996 1742 1089 1836 quod
1101 1746 1139 1814 in

68 1881 163 1951 aequo
179 1862 251 1949 est)
266 1885 339 1930 esse
360 1876 512 1954 possunt.
535 1861 648 1954 Quam
667 1871 810 1954 magnus
828 1861 1043 1945 mirantium,
1069 1876 1136 1934 tam

67 1999 209 2070 magnus
217 1977 443 2046 invidentium
457 1978 603 2072 populus
616 1994 677 2047 est.

114 2095 176 2162 111.
195 2094 292 2187 Quin
306 2095 418 2187 potius
430 2118 547 2186 quaero
561 2093 693 2186 aliquid
706 2119 771 2164 usu
783 2095 931 2182 bonum,
952 2094 1045 2204 quod
1057 2119 1135 2166 sen·

71 2210 161 2298 tiam,
184 2236 255 2280 non
269 2210 361 2304 quod
373 2211 546 2280 ostendam
558 2204 590 2297 ⁵3
608 2213 761 2305 istoque
776 2229 985 2306 spectentur,
1001 2213 1046 2284 sd
1058 2239 1141 2307 que.

74 2330 283 2412 oonsistitur‚
306 2351 381 2420 quae
406 2327 605 2397 alteralteri
628 2343 767 2420 stupens
785 2345 965 2412 monstrat,
988 2330 1070 2399 loris
1082 2331 1134 2397 ni·

76 2455 155 2526 tent,
176 2446 345 2513 introrsus
362 2445 491 2526 misere,
502 2458 582 2510 sunt
596 2438 622 2510 ⁶.
646 2443 847 2535 Quaeramus
865 2444 996 2537 aliquid
1014 2447 1139 2528 nonin

72 2562 215 2650 speciem
226 2543 366 2642 bonum,
388 2557 448 2628 sed
463 2557 607 2627 solidum
622 2574 656 2626 et
666 2559 851 2652 aequabile,
872 2575 906 2628 et
920 2562 1141 2638 useeretiore

73 2689 165 2764 parte
183 2676 381 2760 formosius3
402 2674 467 2742 hoc
486 2697 655 2744 eruemus.
685 2677 757 2744 Nee
778 2675 878 2769 longe
897 2678 1044 2770 positum
1060 2694 1132 2764 est3

72 2787 282 2876 invenietur3
301 2791 391 2859 scire
406 2803 535 2859 tantum
550 2813 635 2884 opus
649 2804 711 2874 est,
730 2814 797 2882 quo
814 2815 950 2859 manum
963 2797 1133 2887 porrigas.

106 3024 579 3097 uMnticinos'deoAErutericoniprae·
626 3024 693 3093 vita,
705 3027 862 3100 potissimum
877 3027 1015 3080 secundnm
1029 3027 1134 3082 Stoicos.

73 3099 173 3156 ferenda
181 3103 286 3156 lectioni
296 3139 304 3167 ,
314 3120 371 3174 qun
383 3101 460 3154 libros
471 3100 578 3153 insedit:
660 3106 684 3157 5.
704 3103 803 3157 Usum..
814 3107 963 3158 ostendam..
970 3104 1049 3176 Quod
1062 3125 1135 3178 expe·

74 3178 101 3227 ln
109 3182 199 3234 moltis
208 3181 285 3233 video
293 3219 301 3243 ,
310 3179 382 3232 nullo
391 3197 475 3232 sensu.
485 3178 580 3231 Sensus
627 3180 717 3234 rientin
728 3201 753 3233 se
764 3181 895 3244 othonum
902 3182 1120 3256 mihimrolsaverit
1126 3220 1134 3248 ,

77 3266 111 3305 est
125 3275 132 3306 ι
148 3276 228 3326 quum
235 3255 348 3330 recogito
364 3276 440 3310 omne
451 3255 496 3317 id,
510 3254 581 3325 quod
629 3272 655 3312 et
664 3279 714 3331 quo
724 3263 919 3327 mecumdrmr,
933 3263 1005 3315 omni
1018 3261 1137 3333 jactetio-

79 3329 142 3400 dixi,
156 3347 284 3388 mutorum
302 3332 438 3387 hominurn
456 3331 582 3386 conditio·
632 3357 664 3391 ne
676 3351 702 3390 et
712 3338 878 3392 ostentatione
889 3340 974 3394 vituts.

79 3413 254 3483 nemproeiero.
664 3413 760 3467 &Isto
762 3454 802 3470 .....
809 3420 989 3470 nuceretum.
1007 3418 1137 3488 Quando-

111 3507 133 3540 α.
144 3485 359 3544 &sectationem
367 3498 439 3557 polo.
450 3489 507 3541 Hoc
520 3487 583 3540 milti
631 3489 841 3564 quidem.vulgus
853 3493 1002 3566 plerumque
1017 3514 1062 3558 ea,
1080 3513 1137 3566 qun

79 3578 186 3636 optatum
197 3567 229 3621 ab
239 3567 344 3620 inimico
357 3567 402 3638 qui
411 3565 495 3618 Furiis
511 3577 584 3618 mccl
632 3587 690 3619 vere
701 3567 768 3620 bona
778 3583 856 3635 sunt,
876 3569 1014 3640 dijudicare
1028 3573 1136 3641 nequit,

81 3659 161 3696 meum
169 3656 244 3720 eaput
253 3645 415 3697 consecravit.
425 3641 584 3696 Emmaus»
632 3643 740 3715 ideoque
750 3665 779 3697 ea
788 3648 971 3715 tautummodo,
979 3667 1036 3719 quo
1045 3649 1073 3700 in
1083 3670 1139 3724 spe-

82 3716 229 3795 dlraepreces
240 3721 306 3775 male
320 3721 450 3795 precantis.
631 3721 693 3774 ciem
706 3722 844 3778 boumont
851 3763 860 3792 ,
872 3723 1045 3778 adrniraturet
1059 3726 1138 3780 laudi·

113 3798 273 3874 &Melius
286 3801 309 3854 E
323 3800 397 3854 codd.
408 3798 506 3873 praeluli
524 3797 581 3850 lec·
630 3798 676 3852 bus
689 3801 791 3854 extollit.
805 3801 894 3854 Sentit
900 3815 985 3856 noster
996 3823 1053 3855 cum
1064 3802 1138 3856 Pho·

83 3871 142 3928 doni
153 3879 280 3950 :leoiucfi
632 3876 720 3942 sione,
734 3878 789 3948 qui,
802 3878 922 3932 laudante
935 3880 1019 3952 ipsum
1033 3879 1137 3953 populo,

112 3951 134 4018 4.
143 3955 189 4009 Me
195 3958 362 4009 multitudini
370 3958 511 4010 educerem.
524 3956 544 4007 l.
559 3975 580 4007 e.
632 3955 797 4027 interrogasse
808 3956 917 4010 amicum
929 3956 1028 4010 dicitnr:
1039 3957 1143 4026 Ecquid

47 4025 50 4034 '
84 4046 111 4078 ex
121 4029 250 4105 vulgus:
263 4033 415 4108 ignobilium
426 4053 533 4087 numero
543 4053 583 4086 me
632 4031 701 4086 stulti
709 4033 1140 4088 meimeiodixitplumchfflhoc.

84 4109 237 4166 extraherem.
633 4112 820 4185 Apophtlregm.
833 4133 857 4183 p.
869 4113 926 4186 329.
935 4111 1030 4165 Eadem
1042 4111 1074 4164 de
1085 4113 1140 4164 An·

113 4185 157 4240 lll·
174 4191 242 4247 Alte.
256 4191 373 4246 Declartt
388 4191 452 4264 quid
464 4193 495 4246 sit
512 4192 582 4246 beata
632 4190 738 4244 tisthene
747 4203 804 4244 sunt
817 4210 855 4263 sp.
865 4190 942 4261 Diog.
950 4191 978 4242 L.
986 4190 1034 4258 ΙΙΙ,
1044 4189 1067 4244 8.
1076 4189 1146 4248 coo,
