2926 4958
340 461 484 548 cxxxviij
532 459 563 527 J.
590 461 752 532 LlPSll
776 465 1226 536 MANUDUCTIONIS

342 580 395 640 sed
408 591 509 640 tamen
525 599 560 640 ex
575 577 634 640 illis
652 603 659 636 τ
680 608 695 632 ιι
713 595 742 642 et
757 603 821 644 esse
832 583 864 643 in
881 583 990 646 animis
1002 584 1086 664 qtsasi
1095 584 1248 644 Virtutum
1261 583 1396 666 igniendus

342 697 372 745 et
383 685 519 757 semina,
535 706 599 766 quse
611 685 785 750 adolescere
799 689 824 750 si
837 689 964 766 liceret,
979 711 1036 753 nec
1047 711 1065 752 a
1076 691 1177 775 pravis
1192 691 1393 774 opinionibus,

342 811 399 852 ceu
419 790 512 873 spinis
528 793 783 856 succrescentibus
798 839 807 868 ,
828 795 1068 873 suffocarentur,
1083 798 1148 879 ipsa
1162 817 1218 858 nos
1231 799 1269 857 ad
1285 795 1396 858 beatam

342 897 435 958 vitam
449 900 656 981 perducerent.
671 927 686 955 ιι
703 897 786 982 (Cic.
801 899 817 962 Ι
831 899 881 964 De
894 901 987 985 Leg.)
1001 901 1122 966 Revera
1131 904 1211 965 enim
1224 903 1299 964 sicut
1310 925 1396 962 mem-

340 1003 397 1067 bra
412 1003 500 1066 nobis
513 1006 582 1067 data
599 1008 638 1068 ad
650 1007 744 1070 talem
754 1053 763 1085 ,
773 1021 803 1070 et
813 1007 923 1085 talem,
942 1011 1098 1072 decentem
1111 1021 1227 1069 motum
1237 1007 1285 1070 vel
1295 1030 1394 1068 usum:

340 1105 383 1167 sic
399 1130 413 1160 ιι
430 1103 586 1188 Appetitio
602 1108 696 1168 animi
708 1155 717 1183 ,
727 1129 793 1190 quse
807 1106 915 1173 Groeoe
932 1115 997 1194 ὁρμὴ
1011 1111 1138 1188 dicitur,
1153 1130 1214 1172 nou
1228 1109 1265 1170 ad
1281 1109 1396 1188 quodvis

338 1234 433 1296 genus
456 1213 541 1290 vitae,
563 1217 617 1276 sed
638 1218 677 1277 ad
695 1219 857 1297 quomdam
874 1218 1005 1280 sormam
1026 1219 1142 1280 videtur
1160 1219 1228 1278 data
1249 1239 1256 1277 ε
1275 1217 1397 1294 itemque

338 1317 450 1394 Ratio,
466 1334 496 1382 et
508 1317 647 1384 Perfecta
659 1320 762 1385 Ratio.
783 1351 798 1378 ι
816 1324 885 1405 (ΙΙΙ
898 1323 948 1386 De
964 1323 1086 1402 Finib.)
1104 1321 1151 1385 Ex
1170 1324 1207 1384 iis
1225 1322 1292 1385 dico
1313 1322 1397 1383 semi-

337 1428 426 1490 nibus
445 1472 453 1504 ,
471 1429 502 1489 in
519 1429 620 1490 animo
637 1443 667 1492 et
689 1427 820 1494 Ratione
842 1433 978 1515 sparsis,
996 1431 1143 1494 Doctrina
1163 1430 1316 1506 collectis,
1339 1430 1398 1488 vius

338 1535 413 1596 illud
422 1556 517 1618 genus
530 1536 677 1620 exsurgit,
694 1562 709 1594 ι
723 1557 784 1598 non
799 1537 974 1619 quodlibet,
986 1541 1039 1600 sed
1051 1540 1131 1619 quod
1143 1537 1398 1600 conveniensem-

339 1655 573 1724 sentanetnnque
584 1643 709 1706 dicimus
719 1672 734 1698 ι
746 1667 754 1704 z
767 1645 799 1706 id
810 1659 864 1716 est,
877 1643 1123 1708 chirtutc.lmo
1137 1665 1210 1707 vero
1220 1643 1302 1706 idem
1313 1643 1398 1724 scrip

339 1761 387 1809 tor
401 1749 559 1824 audacius,
570 1762 599 1810 et
613 1748 703 1832 plane
717 1772 774 1834 pro
786 1749 895 1814 Stoicis
909 1776 916 1812 ι
931 1781 946 1806 ιι
959 1751 1032 1814 Non
1044 1774 1108 1816 esse
1118 1773 1299 1834 quemquam
1309 1750 1399 1834 gentis

338 1854 447 1929 ullius,
465 1856 632 1936 quiducem
647 1857 798 1920 Naturam
808 1873 929 1937 nactus,
946 1862 984 1922 ad
997 1859 1150 1922 Virtutem
1162 1879 1223 1920 non
1234 1859 1329 1942 possit
1337 1877 1399 1940 per-

336 1961 451 2024 renire.
472 1991 487 2016 ι
508 1963 541 2040 (Ι
555 1961 606 2024 De
620 1960 719 2046 Leg.)
735 1963 781 2026 lta
797 1979 899 2026 noster
918 1963 1034 2028 Seneca
1054 1965 1243 2048 proclamat:
1259 1993 1274 2018 ιι
1299 1963 1400 2024 Virtus

337 2071 501 2132 secundum
512 2069 661 2132 Naturam
672 2085 727 2144 est,
737 2070 821 2133 Vitia
832 2073 954 2136 inimice
965 2087 994 2133 et
1004 2072 1110 2140 infesta
1125 2086 1199 2134 sunt.
1211 2071 1397 2150 iterumque:

340 2204 355 2230 ιι
369 2175 455 2238 Nulli
464 2196 520 2238 nos
529 2177 601 2238 vitio
611 2176 729 2240 Natura
740 2179 890 2256 conciliat,
902 2200 958 2240 nos
968 2179 1018 2240 illa
1030 2180 1160 2262 integros
1171 2178 1344 2258 liberosque
1355 2197 1400 2257 ge-

336 2281 409 2342 nnit
425 2309 439 2336 ιι
452 2279 569 2365 (Epist.
583 2286 632 2360 u.)
643 2282 735 2364 Quod
748 2299 849 2346 tamen
863 2284 1095 2348 modificandum
1109 2298 1173 2356 est,
1187 2285 1224 2346 de
1237 2283 1338 2366 prima
1352 2281 1399 2340 illa

337 2389 411 2452 etin
429 2387 561 2452 Ratione
580 2391 668 2452 insita
689 2415 697 2450 s
712 2413 777 2472 quse
793 2392 855 2452 vim
869 2413 954 2454 suam
968 2413 1024 2456 nec
1042 2392 1074 2452 in
1090 2391 1177 2452 malis
1191 2391 1281 2473 plane
1295 2389 1399 2452 amisit.

334 2495 579 2580 Argumentum?
597 2496 678 2563 Ecce
694 2502 770 2564 adeo
784 2500 915 2582 gratiosa
931 2514 975 2562 est
987 2499 1112 2572 Virtus,
1130 2513 1161 2560 ut
1177 2500 1301 2562 insitum
1314 2497 1401 2560 etiam

335 2602 425 2664 malis
441 2604 494 2678 sit,
509 2604 641 2687 probare
655 2605 792 2667 meliora.
808 2635 824 2660 ιι
840 2603 972 2687 Ideoque
991 2625 1053 2668 non
1065 2605 1255 2668 difficillimus
1272 2607 1315 2668 ad
1337 2623 1401 2664 eam

334 2709 447 2772 reditus
462 2733 469 2769 ε
485 2724 514 2772 et
528 2739 541 2765 ιι
555 2712 739 2774 sanabilibus
752 2713 809 2794 (ait
824 2709 956 2790 Seneca)
966 2725 1144 2796 aegrotamus
1158 2711 1260 2780 malim
1278 2711 1401 2792 ipsaque

335 2836 391 2878 nos
400 2817 431 2878 in
440 2832 557 2880 rectum
565 2821 681 2903 genitos
689 2819 806 2882 Natura
818 2819 1006 2882 siemendari
1015 2819 1143 2880 velimus
1155 2861 1163 2893 ,
1175 2819 1265 2899 juvat.
1279 2845 1295 2870 ι
1309 2813 1400 2895 (Son.

330 2921 386 2985 ·De
399 2923 506 2993 Benel.
520 2924 585 3003 lV,
598 2947 664 3010 cap.
679 2951 724 3011 ¹7·
739 2925 770 2987 ll
785 2927 835 2990 Dc
851 2927 902 2988 lra
917 2971 925 3002 ,
942 2949 967 2990 c.
981 2927 1047 3004 13.)
1061 2925 1135 2988 ttaec
1149 2925 1213 3000 illi,
1229 2925 1294 2988 baec
1309 2922 1402 2984 nostri

334 3026 430 3112 Sopbi
445 3051 546 3093 nonne
560 3035 688 3095 sonant?
706 3031 930 3118 Hieronymum
943 3034 1012 3096 audi
1029 3057 1037 3094 s
1058 3061 1073 3088 ι
1090 3031 1194 3094 Homo
1209 3030 1330 3092 Natura
1345 3031 1401 3089 bo-

333 3157 409 3210 nus,
426 3137 578 3199 voluntate
591 3139 685 3201 lactus
699 3153 744 3202 est
758 3139 866 3202 malus.
883 3167 898 3192 ι
917 3138 1008 3220 Quod
1024 3140 1055 3200 in
1069 3138 1259 3222 primogenio
1276 3137 1334 3198 illo
1345 3136 1402 3196 ob-

332 3243 428 3318 tinet,
443 3264 461 3304 a
476 3263 535 3324 quo
549 3245 642 3306 vitam
655 3247 822 3330 propagine
841 3247 977 3310 duximus
992 3269 1000 3306 ι
1014 3248 1067 3308 sed
1087 3246 1180 3326 quid?
1202 3245 1295 3328 plane
1315 3244 1402 3327 igitur

333 3348 397 3433 ipse
411 3363 463 3410 aut
477 3369 533 3410 nos
548 3349 618 3411 sacti
632 3351 727 3413 mali?
740 3330 842 3435 Negat
856 3354 1015 3433 additque:
1030 3379 1045 3406 ιι
1062 3349 1119 3414 Est
1129 3366 1231 3413 tamen
1248 3350 1281 3411 in
1293 3348 1403 3412 animis

333 3455 444 3518 nostris
458 3454 614 3518 Naturalis
629 3460 787 3538 qtsaedam,
803 3472 835 3519 ut
848 3460 889 3520 ita
903 3458 1030 3520 dixerim
1042 3503 1051 3534 ,
1061 3455 1225 3532 Sanctitas,
1242 3479 1311 3538 quae
1324 3455 1405 3518 volut

332 3563 364 3622 in
375 3583 445 3625 arce
459 3564 553 3624 animi
565 3565 746 3646 praesidens,
762 3579 882 3628 exercet
894 3563 973 3626 Boni
988 3562 1123 3644 Malique
1134 3563 1290 3644 judicium.
1304 3591 1321 3618 ιι
1344 3559 1404 3640 (Ad

331 3667 520 3734 Demetriad.
534 3668 585 3732 De
598 3670 772 3754 Virginib.)
787 3671 950 3734 Rationem
963 3693 1034 3734 eum
1044 3671 1160 3748 dicere,
1173 3669 1278 3753 palam
1289 3683 1355 3740 est;
1369 3669 1405 3730 de

331 3799 389 3856 qua
404 3793 434 3839 et
445 3777 649 3862 Augustinus:
666 3808 681 3834 ιι
697 3779 769 3844 Non
782 3793 828 3843 est
840 3781 872 3842 ln
889 3779 1013 3842 bomine
1030 3779 1147 3863 penitus
1162 3779 1314 3842 exstincta
1324 3777 1404 3840 scin-

330 3881 395 3943 tille
409 3881 563 3963 Rationis,
580 3886 611 3946 in
625 3907 683 3967 qua
697 3886 792 3950 [actm
806 3901 851 3949 est
865 3889 903 3948 ad
918 3887 1082 3970 imaginem
1094 3882 1166 3947 Dei.
1179 3911 1193 3940 ι
1211 3881 1341 3962 (ΧΧΙΙ
1356 3882 1406 3943 De

331 3984 421 4050 Civit.
437 4011 503 4074 cap.
518 3992 587 4072 24.)
603 3990 651 4056 Ea
664 3995 770 4078 ptuit,
791 3993 922 4070 clamat,
941 4007 972 4056 et
986 3994 1067 4056 velut
1086 3993 1176 4056 tacita
1193 3991 1242 4054 lex
1256 4006 1309 4056 est
1328 3990 1406 4050 Vir-

330 4097 410 4159 tutis.
433 4097 548 4161 lterum
567 4099 774 4187 Hieronymus
788 4126 796 4162 ε
822 4129 837 4158 ιι
856 4100 955 4185 liujus
969 4102 1044 4186 legis
1057 4101 1196 4164 meminit
1209 4099 1405 4182 Apostolus,

330 4222 422 4282 quam
436 4205 576 4268 omnibus
595 4207 768 4270 bominibus
790 4209 930 4282 insitum,
948 4207 1030 4272 velut
1045 4210 1076 4270 in
1090 4208 1271 4289 quibusdam
1293 4205 1407 4268 tabidis

330 4311 429 4372 cordis
442 4313 584 4396 scriptam
597 4335 662 4376 esse
674 4327 805 4378 testatur.
819 4341 836 4378 u
848 4317 926 4396 (Ubi
935 4317 1053 4398 supra.)
1065 4313 1143 4378 Sene
1157 4315 1294 4378 validam
1308 4339 1316 4376 s
1330 4316 1408 4376 adeo
