2926 4958
249 511 315 578 AD
338 511 507 581 STOIC.
533 511 726 582 Ptssnos,
752 509 848 577 LIB.
875 511 924 576 11·.
1019 515 1117 598 cxxxi

73 657 158 738 ltaque
166 651 314 718 videmilti
323 653 410 718 illum
419 654 749 738 compoeinmsemper
759 653 959 737 etplaoidunt,
968 675 1036 716 omn
1045 675 1120 737 pace

80 779 103 826 et
110 762 262 826 concordia
273 761 367 826 animi
380 807 388 837 ,
402 775 537 824 oretum
554 763 608 823 sed
619 763 791 824 modestum
804 807 812 836 ,
828 775 859 822 et
872 783 941 823 curn
952 775 1125 824 mansuetu-

74 873 128 932 dine
143 889 293 954 maguum.
310 865 400 930 llunc
414 882 537 942 antem,
557 867 676 950 quint«
692 864 836 946 Quotidie
847 887 927 928 nova
937 867 1005 929 vitae
1015 852 1127 929 lunda-

75 991 158 1038 nenta
171 989 357 1059 ponentem,
381 988 412 1036 et
431 993 526 1036 novas
550 995 618 1057 apes
635 974 726 1035 etiam
743 974 774 1034 in
793 973 874 1035 exitu
890 972 1090 1035 inchoantem.
1110 1001 1126 1030 n

74 1079 168 1164 (Epist.
177 1084 261 1158 xm.)
274 1079 357 1141 Nam
368 1079 420 1140 nbi
434 1079 560 1142 firmitas
571 1080 646 1154 itta,
661 1093 690 1140 et
703 1080 852 1142 rectitudo
865 1079 965 1164 judicii
981 1080 1128 1142 sultetratn

76 1202 201 1264 nonest,
223 1187 296 1269 qnid
310 1187 423 1248 mirum
439 1186 616 1248 inaedificata
635 1185 797 1263 vacillare,
818 1199 870 1247 ant
887 1186 996 1248 ruere?
1013 1214 1028 1240 «ι
1047 1184 1132 1248 luter

76 1305 165 1353 cetera
178 1292 258 1353 mala
272 1292 332 1354 hoc
344 1291 437 1357 habet
449 1288 599 1365 Stultitia,
618 1311 741 1375 semper
751 1291 857 1375 incipit
869 1292 982 1354 vivere.
994 1291 1134 1371 »(1bit.)

77 1397 159 1478 Atque
170 1413 203 1460 nt
217 1399 301 1460 idern
314 1411 417 1459 noster
429 1398 491 1459 ait:
508 1425 522 1452 ιι
536 1394 640 1459 Stultis
656 1419 821 1480 numquam
835 1397 913 1462 velle
928 1411 979 1460 aut
991 1397 1074 1460 nolle
1085 1400 1136 1461 de-

79 1517 176 1566 cretum
191 1517 247 1567 est.
264 1503 411 1566 Variatur
426 1505 558 1586 quotidie
577 1504 743 1586 judicium,
768 1518 799 1566 et
813 1505 844 1565 in
865 1506 1051 1567 eontrarium
1065 1525 1135 1566 rer-

78 1607 145 1670 titur.
162 1609 266 1690 ltaque
286 1607 439 1691 pictisque
456 1608 553 1691 agitur
570 1609 631 1668 rita
653 1630 710 1692 per
726 1609 835 1671 lusum.
855 1637 869 1662 ν
885 1607 963 1692 (Ep.
986 1611 1056 1686 xx.)
1075 1605 1139 1671 Sn-

78 1717 150 1792 crati,
162 1717 289 1800 opinor,
302 1715 361 1778 hoc
372 1714 532 1778 tribuitur:
547 1742 562 1768 «ι
571 1711 699 1776 Proteus
708 1716 830 1796 quidem
839 1714 987 1790 formam,
1002 1716 1140 1778 indoctus

80 1836 165 1884 antem
174 1824 217 1898 (id
226 1835 274 1886 est
285 1821 406 1899 stultus)
415 1821 598 1884 animumtd
608 1821 723 1905 singula
733 1834 840 1883 mittat.
849 1849 863 1875 »ι
877 1819 975 1902 (stou
982 1819 1050 1884 Ser.
1059 1819 1134 1898 Ν.)

81 1923 114 1986 Et
126 1925 233 1992 Smeca
248 1927 368 2002 aiebat,
390 1955 406 1980 u
426 1926 531 1990 Vitam
544 1948 600 2010 per
624 1927 724 1990 lusum
744 1927 896 2010 picit-inque
909 1927 958 2011 agi
979 1955 994 1980 n
1014 1948 1138 1989 tuonne

83 2033 144 2094 utet
156 2034 201 2096 isti
216 2047 288 2096 sunt
298 2033 311 2096 ?
320 2061 335 2088 u
346 2031 479 2114 Quidam
491 2031 614 2096 alternis
623 2033 681 2112 (ait
690 2033 786 2112 idem)
797 2032 913 2095 Vatinii
923 2079 932 2110 ‚
944 2033 1067 2096 alternis
1077 2031 1139 2098 Ca-

83 2151 243 2212 tonctsmtt3
259 2141 392 2201 etmodo
402 2159 510 2222 parurn
521 2138 767 2202 illissevernsent
777 2136 898 2218 Curius,
909 2161 1018 2224 parum
1029 2160 1146 2225 pauper

84 2241 233 2325 Fabricius,
245 2267 357 2330 parum
368 2246 446 2329 frugi
454 2259 485 2307 et
493 2259 650 2312 contentus
664 2245 715 2308 vili
729 2245 873 2324 Tubero,
886 2247 979 2310 ruodo
992 2243 1145 2309 licinium

84 2350 190 2430 divitiis,
205 2353 352 2437 Apicium
367 2353 477 2424 coenis,
499 2350 697 2416 Maecenatem
716 2353 833 2416 deliciis
847 2365 1023 2438 provocent.
1042 2351 1148 2414 Maxi-

86 2479 155 2522 nnn
169 2460 314 2522 indicium
324 2470 370 2520 eet
385 2459 472 2522 malae
483 2459 593 2522 mentis
603 2457 756 2523 fluctuatio
767 2505 776 2536 ,
791 2473 821 2520 et
831 2461 910 2522 inter
921 2460 1144 2522 simulationem

85 2565 208 2628 nouum
218 2587 420 2647 amoremque
438 2565 600 2640 vitiorum,
617 2566 736 2630 assidua
751 2567 879 2647 jactatio.
893 2593 907 2622 o
922 2565 1039 2652 (Epist.
1049 2567 1144 2644 cxx.)

86 2667 170 2750 Quin,
185 2675 270 2755 quod
284 2693 341 2736 nec
356 2691 485 2755 corpore
504 2673 692 2735 consistunt?

233 2817 318 2868 'l'nuta
330 2816 391 2868 muli
403 2829 521 2886 tanquam
532 2817 612 2871 moles
623 2817 651 2869 in
661 2830 759 2890 pertore
770 2829 873 2870 constat.
888 2817 985 2884 (Lucu.
995 2817 1054 2884 ΙΙΙ.)

88 2933 179 3018 ltnqnc
190 2939 355 3023 plerosque
371 2939 498 3000 istorum
508 2941 629 3015 videas,

238 3075 311 3144 Quid
320 3074 368 3127 tibi
378 3075 483 3148 quinque
492 3075 568 3140 velit,
581 3076 677 3128 nescire
689 3087 713 3128 et
722 3093 834 3144 quarere
843 3093 940 3146 tempor
950 3097 958 3140 ;

239 3163 513 3228 commentatorum,
527 3165 597 3234 quati
610 3185 674 3218 onus
684 3165 809 3238 deponere
821 3166 905 3240 possit.

90 3283 230 3351 Nimirum
238 3290 448 3352 internuntio
460 3301 490 3350 et
499 3289 595 3350 motio
607 3301 672 3349 est:
687 3288 770 3350 domi
780 3303 811 3350 et
821 3288 852 3350 in
864 3289 966 3352 animo
976 3289 1051 3352 nihil
1065 3291 1151 3354 inve-

90 3393 179 3474 niunt,
192 3400 274 3480 quod
283 3397 417 3481 placeat,
430 3409 519 3478 atque
529 3395 598 3458 ideo

239 3529 298 3582 noe
311 3528 453 3598 aequisque
464 3525 542 3580 modo
552 3526 636 3600 fugit,
649 3538 674 3580 at
683 3525 752 3595 quod
763 3525 858 3578 trilicet
866 3564 874 3592 ,
883 3539 912 3578 ut
922 3525 967 3591 lit,

242 3619 364 3692 Effugere
373 3618 443 3672 hund
451 3617 516 3689 potia
529 3629 581 3681 cat,
594 3615 700 3688 ingratia
712 3615 805 3680 haret,
819 3629 843 3668 et
852 3616 932 3689 angit

36 3793 37 3801 ,
94 3735 177 3816 Atque
190 3736 257 3800 haec
268 3737 340 3800 tatia
350 3756 407 3821 pro
418 3735 555 3798 Zenonia
566 3734 712 3798 sententia
724 3779 732 3812 ,
748 3735 772 3796 ei
783 3747 884 3796 umen
895 3735 1023 3798 firmiter
1034 3749 1079 3799 est
1092 3737 1155 3800 illa.

96 3837 276 3926 Utcumque,
301 3843 383 3904 utilis
401 3841 464 3906 hnc
484 3841 645 3925 explicatio
670 3865 677 3899 :
700 3860 792 3921 quam
813 3839 980 3902 monitione
1000 3843 1156 3926 consigno.

97 3944 244 4021 «tronea,
261 3963 293 4012 et
308 3963 377 4012 ante
392 3948 495 4010 omnia
506 3949 565 4010 hoc
575 3968 648 4009 cura
659 3993 667 4024 ‚
680 3959 840 4008 utconetes
850 3945 915 4006 tibi.
924 3943 1053 4028 Quoties
1066 3967 1156 4030 expe-

95 4056 139 4116 riri
153 4060 252 4136 voles,
275 4080 314 4120 an
330 4058 444 4139 aliquid
458 4069 557 4120 actum
574 4057 631 4130 sit,
647 4055 775 4116 observa
794 4075 832 4114 an
847 4057 953 4115 cadom
973 4053 1049 4116 velis
1064 4055 1154 4116 hodie

41 4139 43 4187 l
96 4181 149 4240 quc
160 4165 236 4228 lteri.
251 4165 383 4227 Mutatio
394 4163 555 4226 voluntatis
564 4161 675 4224 indicet
688 4163 824 4223 animum
839 4173 944 4227 natare
958 4160 1052 4222 aliubi
1068 4173 1157 4242 atque

97 4269 177 4334 alubi
189 4295 343 4357 apparere
354 4317 362 4339 ,
375 4285 467 4356 prout
475 4271 541 4332 tulit
554 4281 669 4331 ventus.
681 4267 752 4330 Non
763 4281 886 4350 vagatur
897 4312 905 4343 ,
916 4269 996 4347 quod
1012 4280 1056 4330 est
1066 4265 1157 4328 fixum

100 4389 123 4434 et
135 4363 323 4444 laudatum.»
339 4377 432 4458 (Son.
444 4375 503 4460 Ep.
514 4393 610 4438 xxxv.
619 4379 634 4456 )
643 4374 800 4456 Denique,
814 4387 846 4434 ut
856 4375 936 4436 idem
947 4371 1036 4434 alibi:
1049 4372 1161 4454 «Mag-
