2930 4958
296 422 342 508 xij
618 399 881 492 'anmoins
904 423 1040 494 Novr

299 540 343 608 de
362 541 562 626 Beneficiis,
585 545 836 638 Epigrammata
859 569 961 640 super
983 543 1102 614 exsilio
1127 557 1161 610 et
1188 539 1304 610 Ludus
1319 536 1362 606 da

298 670 406 724 morte
419 654 552 724 Claudii
572 658 712 726 Caesaris
731 655 990 753 continentur),
1008 659 1046 725 in
1059 654 1363 750 qua-exponitque

298 784 334 838 et
347 769 514 862 quomodo
534 796 624 840 nova
637 789 672 842 et
685 775 853 867 insperata
871 773 936 843 sibi
951 773 1163 842 occurrerint
1175 769 1313 838 auxilia.

352 909 369 947 a
386 882 501 978 Quum
516 885 692 954 Fesslerus
709 888 771 954 Vir
785 888 820 955 S.
845 888 887 954 V.
901 935 913 967 ,
933 886 976 954 de
990 885 1111 978 patriis
1130 883 1239 952 literis
1259 901 1366 975 expo·

297 999 420 1069 liendis
433 1000 662 1096 ornandisque
677 1018 713 1070 et
724 1001 768 1070 de
776 1002 992 1097 philosophia
1000 1001 1183 1072 excolenda
1191 997 1368 1068 meritissi-

299 1139 393 1200 mus,
418 1116 584 1186 decennio
603 1119 721 1187 ultimo
741 1117 855 1187 saeculi
877 1117 1086 1212 praeterlapsi
1111 1116 1291 1186 consillum
1305 1113 1368 1184 se-

300 1253 393 1299 necae
411 1231 606 1326 philosophi
625 1256 789 1327 operum,
811 1255 886 1325 quae
907 1246 1053 1318 restant,
1079 1232 1230 1301 omnium
1249 1227 1370 1298 critice

299 1341 510 1416 edendorum
525 1361 560 1416 et
570 1343 862 1416 observationibus
876 1348 951 1414 ciam
965 1341 1107 1416 aliorum
1118 1361 1189 1414 tum
1199 1345 1270 1414 suis
1279 1343 1373 1411 illus·

299 1459 498 1530 mandorum
510 1459 700 1554 prudenter
713 1457 856 1544 iniisset,
873 1476 997 1529 etvero
1011 1460 1118 1554 probe
1132 1457 1369 1544 intellexisset,

300 1577 424 1644 multos
438 1575 551 1644 adhuc
564 1574 699 1644 codices
712 1577 958 1666 manuscriptos
972 1577 1009 1644 in
1025 1574 1243 1644 bibliothecis
1264 1571 1375 1640 latere

301 1689 452 1760 nondum
466 1691 605 1760 collatos
617 1719 627 1776 3
638 1692 725 1759 nihil
739 1691 912 1782 antiquius
924 1692 1105 1784 potiusque
1118 1689 1253 1770 habuit,
1270 1709 1376 1780 quarn

300 1823 339 1876 ut
360 1806 511 1878 subsidia
528 1807 594 1876 sibi
612 1807 671 1875 illa
687 1806 909 1890 conciliaret,
930 1807 1033 1876 nullis
1045 1830 1190 1901 parcens
1209 1805 1377 1899 impensis

300 1921 564 2014 laboribusque,
582 1945 705 1990 nomen
729 1945 826 1990 suum
847 1937 882 1989 et
897 1919 1057 1989 auxilium
1073 1920 1223 1988 libenter
1241 1943 1322 1987 eum
1337 1941 1378 1986 eo

303 2039 573 2106 communicante
584 2038 715 2106 Kornio
724 2087 736 2124 ,
752 2036 892 2105 librario
904 2034 1104 2104 Wratislav.
1120 2033 1376 2102 honestissimo,

304 2153 377 2220 Nec
388 2150 499 2219 honus
515 2167 656 2220 eventus
673 2151 761 2218 votis
780 2149 888 2219 deluit
909 2174 1007 2220 :nam
1022 2147 1221 2242 praeclaram
1238 2150 1382 2217 Lectio·

305 2289 387 2332 num
400 2265 603 2334 variantium
621 2264 686 2332 sihi
703 2266 911 2357 comparavit
924 2265 1054 2357 copiam
1068 2287 1088 2332 e
1102 2261 1282 2332 codicibus
1301 2286 1383 2330 ma-

305 2379 489 2474 nuscriptis
508 2377 659 2446 nondum
679 2401 700 2446 a
724 2377 852 2446 criticis
867 2375 912 2446 ad
931 2380 1069 2447 Senecae
1087 2400 1192 2471 opera
1209 2377 1385 2470 pleraque

303 2497 516 2567 emendatius
533 2493 725 2588 praestanda
741 2491 906 2577 admotis,
928 2496 988 2586 qui
1011 2495 1049 2561 in
1073 2492 1302 2563 Ambrosiana
1325 2493 1385 2562 bi-

302 2615 476 2684 bliotheca
490 2635 565 2704 quae
583 2609 768 2679 Mediolani
784 2626 858 2691 est,
879 2608 1090 2679 Vindobona
1105 2660 1116 2694 ,
1131 2611 1382 2704 Argentorati,

304 2733 447 2812 Rernae,
474 2725 658 2808 Altdorfii,
683 2724 873 2807 Erlordiae,
901 2724 1129 2808 Helmstadii,
1158 2727 1322 2820 Erlangae
1352 2743 1390 2795 et

305 2843 521 2934 Guelferbyti
535 2855 763 2910 asservantur.
779 2837 987 2908 Moliebatur
999 2856 1111 2908 autern
1125 2840 1200 2908 haeo
1212 2842 1277 2910 Vir
1287 2865 1390 2934 egre·

307 2957 384 3049 gius
403 2978 443 3022 eo
464 2957 538 3048 ipso
557 2953 629 3020 fere
648 2967 822 3045 tempore,
841 2973 909 3043 quo
921 2967 1036 3021 nostm
1048 2950 1153 3020 editio
1168 2953 1285 3045 parari
1298 2969 1339 3022 et
1353 2955 1390 3021 in

306 3073 417 3140 lucem
438 3071 576 3164 prodire
595 3070 710 3163 coepit.

361 3218 378 3255 s
398 3195 504 3259 Nemo
521 3215 589 3258 non
605 3190 703 3258 facile
721 3188 914 3281 intelliget,
932 3191 988 3258 vel
1007 3215 1063 3260 me
1084 3215 1152 3260 non
1166 3195 1361 3285 profitente
1380 3245 1390 3277 ,

308 3329 411 3400 quam
425 3331 513 3400 saepe
530 3308 585 3374 his
594 3305 754 3398 proximis
762 3304 1143 3395 quatuorvoluminibus
1153 3309 1299 3398 (quihus
1313 3335 1396 3380 con-

309 3426 463 3492 tinentur
484 3422 594 3489 omnia
616 3423 752 3488 Senecae
776 3443 903 3512 opera,
931 3436 1058 3512 praeter
1082 3423 1302 3512 Quaestiones
1329 3429 1399 3493 Na-

312 3533 461 3630 turales)
473 3534 695 3628 profligandis
714 3549 895 3626 occupatus
912 3549 947 3600 et
967 3535 1139 3602 interdum
1157 3537 1254 3606 haud
1267 3563 1398 3632 parum

311 3668 448 3720 vexatus
478 3651 689 3743 optaverim,
721 3664 791 3732 ut,
820 3651 973 3740 quamvis
1003 3651 1288 3742 Recognitionem
1325 3680 1399 3722 non

311 3768 553 3862 Recepsionem
576 3781 686 3831 textus
711 3787 812 3854 quem
839 3778 959 3830 vocant
979 3767 1140 3856 paranti,
1160 3769 1248 3834 mihi
1278 3785 1403 3838 tamen

312 3903 380 3954 tam
392 3863 482 3955 lelici
495 3909 568 3953 esse
583 3884 700 3952 liceret
710 3933 720 3966 ,
731 3899 771 3950 ut
783 3881 933 3950 subsidia
942 3885 1059 3951 isthaec
1065 3886 1141 3954 Viri
1150 3887 1185 3955 S.
1196 3890 1240 3954 V.
1250 3893 1404 3984 egregia

310 4003 366 4069 vel
376 4002 495 4069 leviter
509 3999 689 4091 inspicere,
711 3997 770 4064 ubi
789 3999 894 4090 copiae
915 4021 997 4065 meae
1014 4013 1178 4082 tacerent,
1197 4001 1404 4076 identidem

314 4141 460 4210 possem.
478 4115 544 4186 Sed
566 4111 840 4204 quandoquidem
860 4113 922 4179 hac
944 4114 1074 4180 fortuna
1100 4117 1147 4182 uti
1175 4143 1247 4186 non
1274 4121 1402 4204 licuit,
