2910 4954
284 501 345 546 rao
714 483 784 550 DE
812 483 905 552 IRA

239 640 254 672 ι
279 637 381 708 qurum
397 629 451 682 eat
462 611 578 708 aprio,
598 614 684 684 telu¹
698 635 760 685 tua
771 618 892 686 attritu
902 615 1117 685 acuentibue.
1133 613 1258 708 Adjioe
1270 614 1353 682 arti-

278 729 433 800 culorum
445 731 626 823 crepitum,
635 755 742 824 quum
753 755 789 800 ae
798 733 880 826 ipae
887 755 1008 802 manua
1020 732 1184 826 frangunt
1195 737 1222 813 ²,
1236 747 1273 800 et
1282 730 1354 825 pul·

278 863 389 918 tatum
399 847 523 942 eaepiua
533 863 672 942 pectem
685 849 859 918 anhelitus
869 849 1027 932 crebrae,
1045 863 1239 942 tractosque
1250 849 1349 916 altius

280 967 447 1060 gemitus,
472 965 631 1036 instabile
648 989 795 1060 corpus,
819 969 950 1036 incerta
969 968 1076 1036 rerba
1097 966 1220 1037 enbitis
1243 965 1353 1034 exclu-

279 1083 507 1167 mationibua,
528 1085 709 1152 trementia
727 1083 846 1168 labra,
873 1083 1115 1178 interdumque
1130 1107 1348 1178 compressa,

275 1214 315 1267 et
330 1198 445 1268 dirum
464 1197 628 1291 quiddam
652 1198 879 1268 exsibilanda.
899 1202 1091 1284 Ferarum,
1112 1198 1348 1280 mehercules,

279 1313 351 1383 aive
364 1313 439 1382 illua
453 1313 558 1382 lumea
573 1313 742 1406 exagitat,
762 1315 833 1383 aive
845 1315 988 1383 infixum
999 1313 1189 1384 visceribus
1203 1315 1349 1394 ferrum,

279 1433 392 1500 minus
407 1447 495 1500 tetra
514 1431 618 1500 faciet
631 1446 706 1514 eat,
728 1431 831 1500 etiam
846 1455 955 1524 quum
967 1447 1163 1500 venatorem
1183 1455 1284 1499 auum
1302 1453 1353 1496 ae·

279 1548 458 1616 mianimea
482 1571 596 1615 moran
616 1546 736 1615 ultimo
761 1562 905 1641 petunt,
932 1571 1035 1640 quam
1052 1548 1202 1616 hominia
1221 1548 1275 1614 ira
1295 1546 1354 1614 fla-

238 1679 254 1732 t
281 1667 424 1760 grantia.
447 1665 542 1758 Age,
562 1666 593 1732 ai
609 1663 772 1733 exaudire
794 1687 894 1733 voees
916 1687 956 1732 ac
972 1665 1082 1732 minae
1097 1677 1218 1746 vacet,
1240 1661 1355 1754 qualia

279 1781 510 1850 excarnificati
521 1775 532 1815 ³
551 1781 656 1848 animi
667 1780 772 1850 rerba
785 1795 865 1848 eunt
876 1783 891 1848 t
902 1783 1022 1850 Nonne
1035 1803 1195 1849 revocare
1209 1801 1246 1846 ae
1257 1779 1354 1870 quia-

279 1921 347 1989 que
364 1897 409 1964 ab
428 1897 480 1964 ira
497 1897 609 1979 volet,
630 1921 735 1988 quum
753 1895 961 1963 intellexerit
979 1893 1071 1962 illam
1089 1918 1109 1961 a
1126 1917 1187 1962 suo
1204 1893 1355 1986 primum

278 2014 367 2082 malo
387 2015 567 2108 incipere?
582 2016 659 2081 Non
676 2007 754 2082 νὴ(
770 2035 853 2106 ergo
870 2011 1071 2080 admoneam
1087 2035 1167 2093 eoa,
1186 2011 1247 2102 qui
1269 2011 1354 2076 iram

278 2136 315 2201 in
341 2156 473 2202 summa
498 2131 652 2226 potentia
678 2144 864 2212 exercent,
897 2145 933 2198 et
963 2144 1202 2222 argumentum
1229 2129 1355 2196 virium

278 2253 492 2332 existimant,
517 2250 609 2317 etin
630 2249 764 2342 magnit
783 2271 915 2340 magnae
935 2247 1078 2314 fortunae
1100 2245 1201 2314 bonis
1221 2258 1356 2338 ponunt

276 2381 430 2461 paratam
449 2363 632 2446 ultionem,
650 2387 752 2454 quam
764 2385 833 2429 non
850 2361 894 2428 ait
910 2375 1053 2453 potena,
1070 2361 1171 2428 immo
1185 2383 1250 2427 nec
1265 2357 1357 2426 liber

238 2501 254 2567 4
278 2481 419 2576 quidem
430 2480 499 2549 dici
509 2479 636 2573 possit,
650 2479 710 2546 irae
721 2501 790 2546 euae
803 2493 922 2570 captua
935 2471 947 2514 ⁵
962 2479 1063 2545 i'Non
1074 2477 1125 2545 ria
1136 2475 1353 2551 admoneam,

278 2625 347 2695 quo
371 2599 571 2694 diligentior
593 2596 739 2689 quiaque
763 2595 830 2677 ait,
859 2609 894 2662 et
914 2593 987 2690 ipae
1009 2615 1046 2660 ae
1074 2591 1354 2685 circumspiciat,

278 2785 302 2824 et
313 2771 445 2824 devoratae
455 2765 621 2840 cupientium.
636 2761 744 2835 Lipsius.
757 2761 792 2814 At
873 2764 898 2828 4.
918 2759 979 2814 Non
998 2765 1047 2814 uis.
1067 2761 1191 2832 Deaignut
1206 2759 1357 2833 Peripateti·

277 2853 302 2906 J.
315 2851 352 2904 tl.
369 2847 534 2916 Heusinger,
549 2841 678 2896 Emeudd.
689 2863 713 2914 p.
724 2841 790 2912 293,
840 2859 897 2904 cot,
910 2859 1049 2910 conumque
1058 2837 1163 2892 asseclae
1175 2838 1203 2890 in
1217 2837 1253 2890 ira
1268 2838 1358 2890 desen-

277 2933 306 2983 τὶ
325 2947 381 2984 etse
402 2926 505 3000 exponit
526 2923 599 2987 rima,
623 2923 729 2986 audiri,
745 2920 792 2974 hac
841 2917 1069 2990 denda.Vid.Arg.
1078 2937 1130 2990 cap.
1141 2916 1195 2989 huj.
1203 2929 1258 2970 ete.
1273 2937 1297 2982 r,
1309 2915 1358 2968 fin.

278 3007 414 3062 verborum
424 3001 712 3058 collocutioneiuttituta
722 3019 728 3054 :
738 3001 792 3053 uli-
874 2997 966 3050 5.1roe
982 3016 1039 3050 suu
1052 3005 1145 3065 captiua
1159 3015 1189 3048 ex
1205 2995 1315 3046 Erasmo
1333 3007 1358 3046 et

279 3107 356 3160 quem
374 3085 506 3154 (meum)
522 3101 574 3138 ene
592 3081 630 3149 (i.
648 3101 670 3132 e.
687 3079 790 3148 audiri)
840 3074 1054 3130 eodd.nonnullia
1064 3075 1162 3147 lipaet
1172 3073 1246 3126 Grut.
1257 3075 1358 3147 recepi:

279 3165 452 3241 cupientium,
469 3163 480 3230 (
488 3160 553 3227 aed)
573 3179 627 3213 nou
644 3157 725 3212 ulium
743 3178 792 3212 eo-
841 3150 857 3202 l·
870 3172 891 3204 e·
903 3150 935 3203 ab
948 3151 986 3203 ira
995 3169 1041 3202 aua
1051 3149 1166 3223 abreptus
1175 3167 1182 3201 :
1191 3154 1357 3219 mpmsaeri-

279 3267 350 3302 num.
352 3282 393 3300 .....
408 3246 469 3296 Nou
483 3237 791 3312 intelligaa,eur11ipuii
839 3230 998 3284 mt'otcuttit
1007 3228 1075 3304 apud
1086 3229 1166 3282 'l'aeit-
1185 3228 1283 3282 Hister.
1295 3229 1357 3292 lll,

278 3326 427 3402 explicatio,
437 3341 515 3395 perte
526 3319 649 3372 naturalia
660 3331 684 3370 et
693 3317 789 3381 lucilia,
841 3309 880 3380 73-
892 3311 918 3362 J.
929 3309 967 3361 lll-
975 3307 1127 3378 Heusinger
1134 3307 1201 3360 hane
1214 3307 1358 3360 lectionem

277 3399 489 3460 huiediffieiliori
504 3397 583 3452 cedat.
599 3397 696 3451 Denter
714 3394 790 3449 talem
840 3401 927 3442 eontra
949 3387 1063 3462 Lipuinm
1087 3390 1135 3439 itm
1155 3405 1211 3438 suoe
1234 3389 1359 3454 captivus

278 3505 371 3540 aunum
398 3482 501 3543 edunt,
526 3477 609 3552 qualia
638 3491 674 3531 eut
701 3497 791 3530 eorum
840 3467 1042 3537 conluctantem,
1062 3467 1201 3540 quinione
1220 3481 1360 3522 eommut-

278 3566 324 3633 (e.
341 3585 367 3637 g.
382 3559 518 3636 aprorum)
538 3557 584 3630 qui
599 3555 720 3610 derorum
735 3553 791 3608 ali-
840 3549 937 3602 tionem
952 3549 1018 3602 hune
1034 3557 1076 3602 τοῦ
1093 3547 1282 3622 cuptaaslegere
1302 3569 1360 3602 uon

278 3661 355 3714 quem
368 3659 458 3715 cupere
473 3635 601 3690 videntur.
840 3628 1005 3694 meminerat,
1016 3626 1164 3692 defendens,
1173 3626 1262 3680 laudat
1267 3627 1363 3680 Vaeli-

314 3740 336 3776 1.
349 3719 427 3782 Tela,
440 3717 457 3770 i.
469 3735 489 3769 e
501 3715 597 3768 denter.
606 3715 704 3767 Notum
715 3731 790 3784 porro
840 3708 896 3762 neri
916 3707 1074 3762 Hellenolex.
1090 3709 1121 3772 1,
1143 3729 1177 3770 a,
1197 3707 1238 3761 23.
1259 3707 1361 3762 Bone-

277 3813 332 3866 eet,
350 3798 437 3852 solitos
452 3813 627 3870 apruuueuete
642 3793 729 3846 dentes
749 3811 790 3845 ar·
839 3809 928 3844 manu.
945 3789 978 3842 ad
997 3791 1107 3842 lactant
1117 3789 1231 3856 v11,4,
1248 3789 1274 3842 8.
1294 3789 1362 3844 Eme

277 3878 383 3935 boribue
394 3875 521 3930 aulearia.
839 3881 924 3922 autem
941 3887 1052 3943 grecam
1069 3869 1193 3931 formum,
1207 3867 1325 3940 primum
1345 3891 1362 3922 a

311 3953 790 4028 equumsetpsoemamssmgme
839 3947 939 4020 poetis,
965 3967 1025 4000 mox
1049 3966 1065 3999 u
1088 3945 1185 4000 ceteris
1208 3945 1362 4000 auctoribus

277 4039 350 4091 Dum
361 4035 408 4089 titi
424 4035 477 4106 ipae
492 4052 583 4086 munus
595 4031 753 4103 distorquet,
765 4041 791 4083 et
839 4041 983 4102 usurpatam
995 4067 1003 4094 ,
1017 4047 1086 4080 nune
1103 4026 1162 4080 tatia
1173 4038 1280 4079 mutat„
1294 4027 1363 4080 An-

276 4113 593 4188 uttieulouquuuifrungiu·
838 4111 950 4160 centra
962 4107 1238 4176 cmm-Imm
1249 4117 1360 4174 mptum,

310 4197 335 4250 ³.
345 4193 611 4265 Esmmfieatirlloe
619 4189 790 4258 ett,aeurui·
839 4187 857 4240 i.
875 4207 898 4240 e.
912 4185 945 4238 ul>
961 4185 999 4239 ire
1012 4205 1058 4238 uua
1072 4196 1174 4258 eaptus,
1190 4182 1361 4255 prepeditus.

274 4272 325 4328 irae
334 4271 444 4326 lacerati.
838 4266 899 4320 vid.
911 4285 978 4338 aupr.
990 4265 1016 4318 in
1027 4263 1075 4320 huc
1084 4263 1139 4316 ead.
1150 4275 1203 4316 not.
1215 4281 1268 4316 rur.
1280 4262 1344 4316 leet.
