2896 4958
234 416 299 510 iu
324 441 500 512 storo.
524 441 738 512 nntnos.
764 443 863 511 utn.
889 443 969 511 111.
1088 471 1145 514 ccv

77 579 174 662 turpia
189 578 287 652 velle,
302 597 358 639 nec
372 577 465 638 nimia
478 602 487 648 ;
504 575 535 638 in
549 579 683 660 seipsum
704 577 818 641 habere
834 579 999 640 maximam
1013 592 1151 662 potesta·

78 700 147 747 tem.
161 711 178 736 κ
193 682 285 764 (Sen.
298 681 394 767 Epist
406 685 522 761 ιω.)
537 681 626 746 lianc
639 681 833 768 Philosophia
843 698 950 768 parat,
967 681 1086 769 Sophus
1095 686 1150 748 lta·

78 791 135 852 bet
147 791 245 852 Vides
261 791 436 874 dignitatem
451 787 600 852 Paradoxi
609 789 717 870 hujus,
739 792 794 853 sed
807 804 838 853 et
853 791 1011 854 veritatem
1025 817 1032 862 ;
1057 815 1148 873 quam

80 913 178 960 noster
187 899 310 979 quidem
319 896 501 958 Ambrosius
511 909 574 958 tota
584 893 722 981 Epistola
742 899 872 979 quadam
885 899 1012 960 adstruit
1031 897 1146 984 (Epis-

79 1004 136 1067 tola
148 1007 239 1084 vtt);
258 1018 290 1068 et
300 1002 484 1087 Augustinus
499 1001 654 1065 breviter:
669 1001 796 1066 «Bonus
805 1004 922 1066 etiamsi
933 1006 1063 1084 serviat,
1074 1006 1152 1069 liber

82 1126 139 1179 esta
151 1111 272 1188 malus,
288 1110 406 1172 etiamsi
421 1122 546 1194 regnet,
563 1131 667 1173 servus
685 1125 749 1182 est;
769 1132 825 1174 nec
835 1111 922 1173 unius
932 1111 1064 1174 hominis
1076 1159 1085 1192 ‚
1099 1115 1153 1175 sed

81 1221 157 1299 qnod
168 1219 290 1302 gravius
304 1231 366 1294 est,
379 1218 644 1294 antoninorum,
658 1232 731 1300 quot
742 1219 893 1282 vitiorum.
903 1217 954 1282 De
966 1221 1073 1301 quibus
1083 1243 1152 1284 curn

80 1337 179 1406 ageret
189 1321 348 1407 Scriptura
362 1323 463 1384 divina
477 1346 484 1380 ε
500 1321 599 1404 Aquo
611 1325 691 1385 enirn
703 1325 790 1405 quis,
806 1326 922 1407 inquit,
938 1324 999 1406 (ll,
1016 1323 1080 1388 Pet.
1099 1323 1150 1408 a.)

82 1431 211 1494 devictus
223 1441 269 1492 est
281 1476 291 1506 ‚
304 1429 375 1491 huic
385 1443 415 1492 et
429 1450 532 1492 servus
542 1430 674 1492 addictus
686 1445 739 1492 est.
753 1459 768 1485 »ι
782 1429 843 1512 (IV
856 1429 906 1494 De
918 1429 1008 1496 Civit
1025 1456 1051 1496 c.
1067 1433 1113 1512 3.)

383 1665 722 1732 DtssERTATIO
749 1667 852 1731 Xlll.

287 1815 335 1875 XI
343 1813 451 1876 Pamd.
466 1816 561 1877 Solum
575 1817 738 1895 Sapientem
754 1817 860 1896 Regem
874 1837 941 1876 esse.
1004 1827 1009 1838 “

121 1989 187 2052 Snn
200 1991 278 2052 heus
288 2036 298 2060 .
310 1993 372 2074 jam
383 1989 459 2052 mihi
470 2009 578 2058 aurest
596 1990 680 2056 lubet

280 2128 357 2173 *sess
367 2121 410 2190 >dp
420 2121 446 2172 οὗ
459 2129 587 2190 spsspsims
596 2123 715 2184 αὗλιωιοις
726 2122 769 2173 i'rs·

281 2211 380 2264 Caruere
392 2223 466 2282 atque
477 2210 538 2266 flare
548 2232 601 2264 non
612 2212 717 2264 minutis
730 2212 806 2266 tibiis.

85 2345 174 2408 Abite
186 2341 311 2405 modica
327 2364 335 2402 z
351 2353 468 2424 sceptra
483 2354 514 2402 et
527 2339 696 2403 diademata
709 2341 843 2422 molior,
859 2357 890 2406 et
903 2342 1039 2428 Sapienti
1057 2361 1160 2409 nostra

88 2451 253 2514 circumdo.
267 2445 356 2531 Ego,
372 2467 412 2509 an
426 2447 490 2530 ipsa
503 2443 629 2510 Virtus?

289 2620 313 2641 a.
323 2621 430 2640 ....·..
441 2557 561 2660 Repetunt
571 2597 595 2638 et
606 2554 722 2639 diadema
733 2599 813 2640 tntum

292 2679 414 2730 Merena
424 2677 479 2743 uni,
491 2677 615 2743 (idotttr.
628 2679 639 2744 )

88 2815 187 2894 quise
204 2813 290 2876 colit.
306 2809 391 2874 Vere
405 2821 518 2882 mum,-
535 2831 608 2872 nam
623 2825 724 2874 cetera
740 2811 794 2875 illa
814 2812 932 2876 casibus
948 2827 999 2876 aut
1013 2813 1162 2896 suffragiis

87 2921 223 3004 subjecta
242 2920 345 2982 :istud

334 3061 494 3116 intaminatis
507 3060 587 3134 fulget
596 3061 750 3128 honoribus,

356 3151 413 3203 Nec
425 3151 504 3202 sumit
517 3163 560 3202 aut
571 3150 643 3224 ponit
656 3171 753 3204 secures

393 3239 507 3294 Arbitrio
519 3241 645 3316 popularis
653 3259 729 3294 anroe.
738 3243 747 3306 (
755 3241 852 3308 Intro.)

85 3371 155 3456 Age
167 3371 259 3453 igitur
269 3415 279 3447 ‚
291 3372 494 3440 adstruamus,
508 3367 681 3432 Stoicorum
692 3369 800 3432 scitum
813 3383 859 3432 est
872 3394 879 3430 :
895 3397 911 3424 u
925 3366 1032 3448 Solum
1043 3367 1169 3453 Sapien-

84 3493 151 3541 tem
169 3475 291 3562 Regem
306 3495 381 3537 esse.
403 3503 418 3528 »v
432 3471 563 3537 Anno
583 3476 628 3536 mi
640 3478 765 3552 doctor,
782 3495 874 3557 qnam
894 3497 966 3538 vere
981 3476 1036 3537 ista
1054 3497 1166 3538 nomen

84 3585 261 3661 vindicant,
278 3595 309 3644 et
318 3580 476 3665 inopinata
489 3580 574 3643 sunt?
585 3581 658 3662 qnid
671 3581 697 3642 si
711 3580 819 3642 stolida
833 3593 864 3642 et
877 3580 976 3642 latua?
991 3580 1168 3646 Plutarchus

84 3692 126 3754 ita
139 3689 256 3766 habet,
270 3709 328 3750 nee
341 3709 417 3749 unus
434 3710 442 3746 ε
457 3700 487 3750 et
498 3687 632 3749 suaviter
644 3707 716 3748 sane
731 3687 860 3769 exagitat
872 3731 881 3761 ‚
893 3687 1119 3771 praescriptione
1130 3690 1166 3751 li-

85 3799 183 3874 betti,
203 3825 219 3852 a
238 3794 358 3859 Stoicos
371 3795 468 3880 magis
480 3795 655 3878 inopinata,
672 3815 764 3875 quam
780 3807 881 3877 poetas
896 3793 993 3854 ellari.
1011 3821 1026 3848 »a
1046 3794 1090 3856 Ut
1108 3797 1169 3858 alia

86 3906 250 3980 naeinam,
265 3913 366 3986 potest
377 3901 475 3986 magis
489 3922 582 3983 quam
595 3900 691 3962 istud?
702 3896 915 3962 Dissimulavit
928 3899 1035 3982 aliquis
1045 3921 1167 3986 regem,

86 4013 140 4095 qui
153 4011 258 4095 reipsa
278 4021 374 4084 esset,
390 4022 422 4069 ut
441 4005 624 4070 Homericus
637 4005 763 4092 Ulysses
779 4029 786 4064 ε
804 4020 835 4066 at
848 4005 896 4068 isti
910 4027 1000 4088 quam
1019 4006 1118 4090 inepte
1140 4022 1170 4069 et

85 4117 167 4182 laiso
178 4113 385 4177 adsimulant?
397 4111 588 4177 Comoediarn
598 4111 647 4174 vel
659 4111 789 4172 mimum
800 4111 932 4192 aliquem
945 4112 1050 4175 ludere
1062 4133 1115 4175 eos
1126 4114 1169 4175 di·

86 4243 139 4288 eas
152 4247 161 4284 ε
176 4224 232 4284 sed
241 4219 323 4282 male
334 4219 425 4282 etiarn
437 4219 615 4282 sustinentes
624 4236 795 4300 personam.
807 4215 890 4279 Nam
901 4239 971 4281 ecce
981 4219 1082 4302 prodit
1093 4247 1108 4272 «ι
1119 4219 1171 4281 ille

85 4327 250 4392 aPorticu
263 4323 411 4408 Sapiens,
434 4325 568 4388 olamans
584 4323 677 4386 altum
694 4335 724 4385 et
741 4323 901 4401 intonans,
921 4320 990 4406 Ego
1010 4323 1092 4386 solus
1105 4323 1172 4386 Rex
