2900 4944
370 709 372 714 ·
434 693 802 760 ARGUMENTUM.

550 983 685 1009 ⁸*-

120 1234 201 1290 Seues
219 1237 288 1290 hune
305 1235 420 1292 libellum
440 1239 537 1315 scripsit
554 1241 670 1309 Seneca,
690 1254 715 1295 et
728 1243 797 1296 velut
814 1241 988 1296 defensionem
1001 1245 1153 1319 prescripsit

88 1330 171 1370 coutrs
181 1318 390 1386 calumniatores,
401 1320 447 1392 qui
459 1321 528 1395 Opes
539 1321 563 1375 ci
573 1333 599 1375 et
607 1323 685 1378 vitum
701 1321 858 1398 objectslssnt
869 1325 921 1390 (Cf.
931 1336 956 1378 et
967 1325 1014 1400 Ep
1026 1326 1067 1394 84.
1078 1327 1153 1382 Cou-

88 1401 151 1454 ricis
162 1402 326 1458 inimicorum
341 1407 369 1459 iu
383 1426 442 1459 euru
455 1423 592 1482 cognosces
609 1427 623 1460 e
637 1409 718 1462 Tucit.
731 1409 824 1464 Anusl·
846 1409 927 1476 Xlll,
947 1408 1151 1478 4³311v,65;

87 1484 151 1552 XV,
165 1487 198 1544 56
208 1500 233 1541 et
243 1486 276 1542 6ο
291 1509 328 1561 sq.
341 1491 446 1544 Suetou.
459 1493 522 1548 Ner.
534 1494 586 1560 34,
602 1497 675 1562 otu).
688 1493 794 1560 Bsstsm
811 1492 891 1546 vitum
906 1505 1029 1546 monstret
1045 1493 1073 1546 iu
1092 1495 1153 1548 rir-

85 1582 134 1626 tute
147 1593 200 1628 esse
208 1593 215 1628 ε
222 1575 267 1628 sed
276 1575 343 1630 huuc
357 1589 459 1630 exterus
471 1597 524 1632 nou
532 1596 648 1652 spernere
657 1616 665 1644 ‚
674 1578 698 1631 si
709 1577 836 1634 socedsut.
850 1577 967 1631 Sublime
976 1577 1097 1650 scripturn
1106 1589 1152 1650 est,

85 1656 281 1728 pulcherrimum
292 1661 461 1734 inpartibus,
477 1662 583 1734 etquod
602 1662 699 1716 mouits
714 1681 852 1734 sensusque
866 1680 956 1714 eureos
970 1659 1055 1714 hshet
1065 1663 1153 1715 Psrtes

83 1740 133 1812 ejus
143 1742 201 1797 dun
210 1757 287 1797 sunt:
302 1745 372 1814 Quid
382 1747 415 1800 sit
426 1746 499 1800 besto
509 1746 561 1800 rits
571 1745 584 1798 i
594 1758 619 1798 et
631 1745 770 1816 Quomodo
781 1766 811 1800 co
822 1745 993 1819 pervenietur.
1002 1747 1044 1800 De
1057 1746 1151 1820 priore,

83 1839 156 1896 negot
175 1826 202 1880 iu
217 1827 348 1902 Opinione
364 1840 408 1883 sut
420 1831 496 1884 More
513 1831 678 1901 quarendum
692 1847 756 1906 :per
773 1830 832 1883 tritu
841 1829 864 1882 si
876 1831 944 1895 itur,
957 1831 1060 1905 lougius
1070 1832 1103 1885 sb
1123 1853 1152 1887 es

83 1908 170 1964 abitur.
182 1913 259 1967 Ratio
272 1914 326 1967 sols
348 1915 475 1969 audiendo
487 1928 540 1982 cst}
556 1935 584 1969 es
596 1915 658 1970 dicit
669 1933 676 1968 ε
687 1915 793 1970 Beatum
803 1915 883 1970 vitum
893 1935 945 1968 esse
957 1917 1151 1973 convenientem

82 2005 174 2050 ustura
187 2013 242 2049 sun
255 2013 262 2047 t
276 1996 302 2048 id
316 2010 367 2063 est,
380 1997 488 2071 positum
500 1999 528 2051 iu
538 1999 647 2053 Virtute.
659 2001 720 2054 Non
736 1997 763 2053 iu
779 1997 932 2073 Voluptste,
949 2019 1008 2053 eum
1019 1999 1151 2074 Epicuro?

81 2077 205 2142 minime:
229 2091 255 2135 et
272 2081 362 2135 dillusc
375 2081 444 2138 hunc
459 2097 483 2136 et
496 2084 600 2136 ssseelss
618 2082 709 2136 refellit
726 2104 732 2135 τ
752 2102 832 2154 usque
843 2103 887 2147 eo,
898 2094 926 2136 ut
939 2103 986 2136 uec
1002 2084 1075 2158 jungi
1092 2105 1151 2139 curu

82 2162 169 2218 virtute
181 2165 336 2238 voluptatem
348 2167 427 2234 velit,
443 2181 467 2222 ct
482 2181 563 2222 toturn
578 2169 627 2223 hoc
640 2188 737 2222 nomeu
753 2167 877 2243 repudiet.
893 2168 956 2222 Huc
972 2167 1005 2221 sd
1015 2189 1069 2243 esp.
1081 2169 1150 2222 ΠΙ.

82 2249 141 2300 lude
148 2271 207 2325 psrs
215 2252 292 2306 ultera
302 2253 422 2325 sequitur.
430 2253 472 2307 dd
480 2255 680 2328 perveniendum
688 2254 766 2328 igitur
772 2253 826 2308 sols
833 2254 913 2306 virtus
920 2254 1096 2328 smplccteuds
1103 2267 1151 2324 cst,

81 2346 166 2388 cetero
177 2336 341 2409 spernendo?
351 2337 452 2412 ngsts
465 2338 564 2391 admitti
575 2339 785 2411 quislemcsterns
797 2356 884 2412 poste,
898 2337 942 2391 sed
954 2358 1008 2391 uou
1021 2352 1049 2392 ut
1059 2339 1147 2394 linem.

81 2417 160 2473 lrumo
173 2418 205 2472 iis
214 2458 222 2486 ,
232 2419 277 2492 qui
288 2420 316 2474 iu
326 2420 367 2474 ris
379 2410 463 2475 sdlru'c
473 2435 546 2488 suut,
559 2436 583 2475 et
595 2421 779 2496 proficientium
792 2442 898 2476 numero
908 2462 916 2490 ,
925 2443 988 2497 opus
1001 2443 1053 2478 esse
1064 2423 1150 2497 sliqus

80 2499 239 2577 indulgentis
248 2505 378 2562 Fortuna.
391 2505 441 2560 llic
452 2506 576 2582 privatum
589 2526 660 2560 susm
673 2527 774 2561 causum
785 2506 867 2561 calide
878 2507 930 2580 ism
940 2519 966 2560 et
976 2506 1077 2560 robusto
1085 2508 1148 2582 egit,

79 2598 103 2639 et
112 2589 274 2660 objicientem
286 2589 386 2643 inducit
404 2589 475 2643 :Gur
490 2603 518 2644 tu
532 2590 564 2644 de
573 2591 674 2645 Virtute
686 2591 723 2644 sic
733 2590 832 2644 locutus
843 2590 894 2644 slis
908 2590 983 2644 etism
993 2589 1091 2646 hobus?
1104 2611 1150 2646 cur

78 2689 161 2727 servos
171 2711 179 2740 ‚
188 2693 308 2727 nummos
316 2711 324 2740 ,
331 2673 418 2739 villan
429 2674 626 2750 suppellectilem
634 2673 731 2728 lVarie
743 2673 895 2750 respoudet:
908 2694 938 2727 sc
948 2674 1031 2748 primo
1042 2674 1151 2748 Sapien-

78 2767 126 2808 tem
136 2777 163 2810 se
177 2778 233 2812 nou
244 2778 315 2826 csse,
329 2759 374 2813 scd
388 2759 476 2812 cousri
489 2779 552 2812 esse.
560 2759 663 2814 Deinde
676 2759 733 2813 aliis
747 2759 916 2813 summotilsus
931 2758 993 2812 viris
1006 2795 1014 2824 ,
1028 2759 1146 2824 Plutoni,

77 2841 177 2897 Zcuoui
189 2884 197 2911 ‚
208 2844 336 2899 Aristoteli
347 2844 398 2918 jum
407 2844 470 2898 olim
481 2845 579 2919 objectu
591 2858 734 2900 occurrunt.
753 2845 861 2917 Atquin
873 2865 961 2898 omues
971 2844 1013 2898 isti
1022 2865 1075 2899 nou
1085 2866 1150 2918 quo-

76 2929 155 2983 modo
167 2929 302 2996 viverent,
318 2930 362 2984 scd
377 2930 517 2986 vivendum
533 2944 615 2997 esset,
629 2931 762 2985 docebunt.
776 2930 863 2984 Ardus
882 2950 938 2996 rcs,
952 2931 1046 2984 Virtus.
1056 2931 1149 3006 Suspi-

73 3013 158 3068 ciendi
175 3015 252 3068 etism
272 3015 317 3088 qui
329 3028 453 3069 consutor
469 3015 616 3080 escendere,
638 3016 684 3070 etsi
709 3014 831 3069 decidunt
846 3015 963 3082 iuterim,
983 3027 1027 3068 sut
1044 3015 1149 3072 herent.

76 3093 143 3149 'l'um
155 3097 188 3150 de
201 3096 299 3170 Opibus
312 3117 341 3150 es
359 3098 469 3172 professo
486 3098 570 3171 sgitur
587 3119 594 3150 :
609 3116 643 3150 sn
652 3097 777 3151 hobeudm
789 3095 925 3172 Supicutii
935 3117 950 3150 s
961 3115 1015 3169 esp.
1028 3097 1098 3149 XXI.
1116 3098 1148 3150 Et

77 3182 182 3247 merit,
192 3181 296 3244 lrsberi.
306 3183 351 3238 ctsi
365 3202 417 3236 nou
430 3181 511 3235 umeri
522 3181 656 3253 :quesitus
672 3193 757 3234 tumen
768 3181 889 3248 honeste,
904 3194 929 3234 ct
946 3180 1056 3254 benigue
1070 3181 1149 3235 emit-

77 3267 177 3336 tendus,
190 3281 234 3321 sut
245 3269 354 3323 smnus.
362 3267 472 3341 Insurgit
484 3266 575 3320 deiude
586 3268 613 3320 iu
622 3267 682 3320 istos
690 3267 882 3336 conviciatores,
893 3281 1071 3322 etmuorouem
1078 3267 1146 3338 styli,

74 3348 179 3404 Soerstc
192 3349 297 3404 inducto
308 3391 316 3419 ,
327 3350 428 3424 stringit
439 3367 446 3402 ι
457 3348 502 3402 scd
513 3346 573 3402 linis
584 3345 677 3402 delicit.
693 3349 764 3414 (Vid.
772 3347 817 3402 liu.
831 3347 908 3421 hujus
916 3351 1029 3423 argum)

107 3435 168 3490 Boe
179 3437 231 3488 lere
243 3447 421 3507 ugumeutum
429 3433 505 3507 hujus
516 3432 576 3486 lilsri
588 3445 624 3486 est
635 3451 650 3484 s
661 3431 748 3506 lipsio
761 3435 902 3507 profertum
915 3452 923 3488 ι
934 3433 1005 3505 cuius
1016 3433 1075 3496 viri,
1086 3431 1147 3486 dum

75 3517 102 3569 in
117 3516 187 3570 vivis
205 3529 284 3578 esset.
300 3515 439 3574 doctissimi
453 3529 478 3568 ct
490 3513 654 3587 ssgscissisni,
667 3513 833 3568 observantie
852 3533 916 3569 moe
925 3513 975 3569 hoc
984 3513 1146 3568 tribuendum

73 3603 135 3657 duxi
147 3642 156 3671 ,
170 3615 215 3668 ut.
228 3602 309 3657 sicubi
320 3601 369 3656 hoc
384 3621 428 3676 per
437 3601 543 3656 lectores
558 3597 615 3653 lieri
627 3611 727 3672 posset,
739 3613 875 3675 repeterem
882 3640 890 3666 ‚
902 3599 994 3672 quibus
1006 3599 1037 3654 de
1051 3601 1147 3654 Seuera

71 3691 180 3743 meritus
189 3687 230 3743 sit.

105 3777 177 3842 llos,
191 3793 248 3847 qun
263 3775 313 3829 lsou
326 3775 393 3828 libro
404 3785 557 3836 mutentur,
573 3773 624 3845 jum
637 3771 697 3825 iudc
707 3772 741 3825 sb
752 3792 782 3825 eo
795 3783 906 3847 tempore
916 3792 967 3844 quo
980 3772 1147 3844 Philosophia

71 3883 84 3916 e
95 3861 163 3916 otelo
176 3859 212 3914 sd
221 3872 313 3914 terrum
324 3873 348 3913 et
356 3861 434 3914 vitam
452 3860 590 3913 humanum
607 3857 729 3912 dcvocsts
740 3876 755 3911 s
767 3858 888 3923 Socrate,
901 3857 929 3910 iu
945 3857 1050 3910 urbibus
1066 3857 1147 3910 collo-

70 3957 127 3998 ests
139 3943 205 3997 etin
221 3945 310 3998 domos
323 3944 399 3998 etism
412 3942 556 3997 introductu
570 3941 622 4005 sit,
641 3939 756 3992 omnium
770 3939 913 4012 sapientum
926 3939 1024 3994 scholas
1034 3960 1147 4014 occupa-

70 4041 175 4084 verunt.
184 4027 258 4082 Plato
271 4027 376 4100 quidem
388 4037 411 4078 et
424 4025 568 4080 Aristoteles
585 4023 673 4080 multis
689 4021 752 4076 louis
763 4023 795 4076 de
806 4023 858 4076 vitu
873 4022 946 4076 bcsts
955 4063 963 4090 ,
973 4045 992 4077 s·
1004 4023 1035 4077 ds
1047 4043 1148 4077 summo

71 4112 144 4166 bono
156 4149 164 4178 ,
178 4110 248 4182 quod
260 4120 371 4172 vocent,
384 4107 487 4183 egregie
504 4107 669 4160 commeutsti
684 4117 751 4160 suut.
764 4105 870 4160 Secutus
884 4125 926 4160 eos
945 4118 981 4160 est
999 4107 1149 4180 Theophra-

70 4209 140 4260 stus,
155 4195 200 4268 qui
209 4195 368 4269 singularem
382 4191 476 4245 devito
487 4191 573 4255 besta,
588 4191 640 4259 περὶ
651 4190 797 4257 ιῦὃαιμονῖας
809 4191 832 4242 ά.
845 4187 938 4242 librum
951 4190 1063 4262 scripsit,
1077 4191 1149 4244 ecle-
