2894 4954
460 440 636 512 CAPUT
661 435 736 514 ill.
1061 451 1124 522 305

65 591 84 635 e
106 593 170 664 per
183 586 235 638 est
250 568 340 662 quod
360 570 486 653 obstet,
506 595 605 664 quaro
625 572 717 666 qnod
736 575 912 660 succedat,
930 602 950 646 n
966 579 1038 648 foro
1052 583 1130 674 qui·

66 713 83 748 r
105 685 184 753 dem
194 685 372 778 etpuhlico
385 684 612 756 recedendum
625 704 676 756 est
688 715 695 754 :
709 688 768 757 scd
782 689 904 774 hahet,
916 693 975 761 uhi
985 717 1020 763 se
1029 697 1129 764 etiem

67 831 84 866 n
108 804 145 870 in
155 803 286 895 privato
299 801 369 870 lare
385 801 529 893 explicet
536 827 677 896 mugnus
685 805 817 873 animus
829 833 838 891 3
850 831 933 890 nec,
949 824 987 876 ut
995 809 1130 878 leonum

66 943 84 978 n
108 913 373 1005 animaliumque
388 915 533 1005 impetus
545 915 861 1003 coveiscoercetnr3
878 921 1126 1006 sichominum,

67 1059 84 1092 n
107 1053 255 1120 qnorum
283 1031 425 1097 maxime
449 1029 486 1096 in
514 1027 651 1098 seducto
679 1033 828 1100 notiones
851 1039 858 1068 ¹
886 1051 976 1104 sont.
1003 1039 1053 1106 Ite
1080 1052 1171 1106 ter-3

65 1173 84 1208 n
109 1169 189 1214 men
203 1143 387 1226 delituerit,
401 1159 451 1226 ut,
465 1143 670 1237 ubicumque
680 1147 784 1216 otium
794 1173 890 1217 suum
900 1152 1128 1238 absconderit,

66 1290 83 1324 n
108 1259 271 1355 prodesse
289 1259 371 1330 velit
388 1274 422 1328 et
436 1258 579 1353 singulis
596 1272 631 1327 et
644 1263 834 1348 universis,
852 1267 1011 1361 ingenio,
1027 1295 1129 1353 voce,

65 1407 83 1442 n
108 1376 265 1448 consilio.
292 1379 363 1444 Neo
383 1377 473 1444 enim
492 1376 520 1442 is
536 1375 627 1444 solus
639 1377 877 1471 Reipubliooe²
893 1385 1050 1477 prodest,
1073 1390 1133 1480 qui

66 1521 85 1556 n
109 1489 309 1561 candidatos
323 1490 470 1559 extrahit
480 1482 507 1572 ³,
529 1505 563 1558 et
576 1506 692 1559 tuetur
708 1518 811 1579 reos,
833 1497 919 1566 etde
934 1524 1017 1592 pace
1028 1502 1135 1571 hello-

62 1746 138 1794 tnm‚
164 1729 231 1782 inter
254 1727 371 1782 Perusini
388 1727 449 1780 belli
467 1728 539 1780 initis
557 1739 581 1780 et
628 1749 703 1784 censs
712 1731 791 1786 elium
806 1741 1134 1813 sensumernitliublops,

63 1805 301 1860 Alexandrinorum
317 1804 414 1858 cledem
434 1804 538 1858 snn.U.
552 1805 581 1857 C.
628 1806 784 1882 illustratque
808 1813 844 1866 sic
865 1832 872 1866 e
894 1815 951 1868 Mos
975 1819 1135 1890 optimatibus

67 1885 135 1954 7²3·
152 1896 204 1936 snt.
220 1882 279 1936 Chr.
293 1885 351 1936 Not.
363 1881 403 1936 δι.
419 1882 544 1937 Ceterum
557 1896 580 1936 et
629 1897 688 1939 tunc
699 1900 766 1954 eret,
777 1901 806 1941 nt
815 1891 961 1946 candidatos
967 1896 1046 1967 gretie
1053 1915 1096 1949 sos
1108 1897 1135 1949 in

64 1961 365 2030 hoeeqneliomen'erum
375 1979 457 2014 rernm
465 1959 580 2012 notitiem
628 1963 748 2034 petitione
767 1965 896 2038 juverent,
916 1973 1095 2038 extraherent,
1108 1975 1134 2028 id
1181 1965 1185 1972 ¹

63 2042 96 2092 in
115 2051 219 2092 auctore
234 2057 280 2091 sno
298 2038 392 2104 tuine,
409 2031 581 2110 edelitisse‘que
630 2053 674 2101 est,
683 2042 890 2114 suffragarentur,
902 2048 1105 2103 commendando
1113 2066 1137 2104 et

64 2117 140 2169 bunc
152 2115 305 2188 temporibus
315 2115 467 2170 turbulentis
478 2118 581 2192 lleipn-
629 2116 905 2196 producendo.Sedego
913 2127 1138 2197 nequehgmnge

65 2194 159 2258 blica,
169 2193 263 2266 optime
273 2193 452 2266 comprobent,
463 2214 484 2246 e.
497 2213 518 2247 c.
531 2194 582 2247 leo·
630 2197 759 2262 assentior,
771 2217 853 2268 neque
862 2201 999 2272 Rublopff,
1012 2216 1136 2258 etutrum·

67 2294 153 2338 num,
167 2285 213 2324 etc.
227 2273 307 2324 cereis
320 2273 437 2326 coercitio
451 2286 475 2325 et
485 2292 580 2347 pugne:
629 2293 785 2343 querensnm
792 2273 841 2328 hoc
847 2277 924 2330 modo
931 2279 1136 2354 conjungendum

67 2365 94 2403 et
105 2367 164 2421 qun
177 2349 295 2423 deinceps
306 2350 479 2422 attinguntur,
493 2351 582 2404 oendl-
629 2363 697 2421 poto.
708 2352 887 2406 Athenodorus
905 2375 993 2427 nempe
1009 2349 1137 2430 llepuhli-

68 2427 192 2479 datorum
203 2427 329 2488 extractim
337 2429 438 2498 querele
446 2428 513 2498 quod
522 2428 582 2480 boni
631 2447 658 2479 ce
670 2427 751 2481 edhuc
765 2429 865 2501 rigente
877 2432 989 2505 scripsit;
1002 2435 1046 2488 sed
1061 2436 1138 2489 illene

68 2517 238 2580 preceptores
260 2503 354 2568 desint,
371 2515 417 2556 etc.
430 2504 539 2571 feriunt,
555 2517 583 2558 nt
631 2519 713 2557 exacte
723 2507 821 2578 scripsit
833 2527 889 2577 que
907 2511 1018 2563 huntus
1033 2515 1138 2566 narrat?

68 2583 267 2636 Atlrenodornm
278 2581 333 2635 btec
344 2581 432 2634 dixisse
444 2594 564 2654 putemus.
631 2587 691 2636 Non
700 2623 707 2647 ,
718 2605 757 2636 me
766 2587 870 2656 quidem
879 2586 962 2655 jndice
971 2627 978 2648 .
987 2589 1060 2652 lecit3
1069 2605 1139 2643 nem·

108 2682 130 2713 r.
159 2659 278 2729 Quorum
299 2663 420 2712 maxime
437 2661 465 2711 io
481 2663 583 2714 seducto
631 2681 680 2733 qne
690 2663 762 2732 pauci
772 2663 857 2714 minus
866 2662 910 2716 lidi
922 2683 998 2734 quem
1008 2667 1099 2718 Noster
1111 2668 1138 2720 in

67 2742 195 2792 artabus.
207 2737 273 2798 Alii3
287 2739 314 2788 r'n
325 2739 437 2789 seducto.
630 2737 770 2810 ellegandis
782 2751 825 2792 eut
836 2739 945 2792 historiis
955 2754 998 2793 eut
1008 2757 1138 2798 auctorum

106 2835 131 2867 ι.
142 2815 197 2868 Nee
209 2817 275 2866 em'm
286 2818 310 2866 s's
325 2817 396 2867 solus
408 2813 580 2883 Respublica,
631 2813 709 2876 locis;
723 2816 775 2868 sire
785 2815 812 2868 id
828 2837 841 2867 e
856 2816 1010 2889 negligentia
1023 2819 1069 2886 sit,
1085 2821 1139 2873 sive

68 2904 118 2948 etc.
128 2893 219 2962 Quum
230 2891 285 2945 hec
296 2903 407 2964 tempore
418 2891 489 2966 lieip.
497 2891 582 2946 liberte
631 2891 745 2944 consilio.
756 2891 836 2944 lllodo
849 2912 927 2963 quum
939 2917 952 2948 e
966 2897 1076 2950 Lucretii
1095 2895 1139 2951 lih.

70 2971 171 3044 scripte
193 2969 259 3032 sint,
284 2968 380 3042 explico
409 2967 439 3020 de
462 2967 582 3043 dignitate
631 2970 678 3034 ΙΙΙ,
691 2989 790 3021 versum
801 2970 988 3024 ettnlittelloc
999 2973 1138 3044 requieque

68 3047 290 3122 presumimus.
303 3065 324 3098 o.
332 3045 452 3097 senatoris
462 3044 583 3097 eliorum·
631 3047 708 3099 modo
718 3047 784 3119 fugit
792 3084 799 3112 ,
807 3069 820 3092 ν
829 3048 1021 3121 tempereresihi
1033 3049 1075 3102 ille
1086 3069 1139 3104 non

67 3148 124 3198 que
135 3123 276 3178 honoribus
293 3136 316 3176 et
334 3124 413 3196 gretie
424 3123 582 3191 florentium,
630 3124 711 3195 potuit
727 3125 789 3196 quin
808 3125 1005 3199 interpolatori}
1022 3147 1138 3198 semper,

68 3223 186 3276 qnorum
201 3202 356 3256 consuetudo
367 3223 419 3255 esse
435 3202 543 3274 solebat,
556 3217 584 3256 ut
632 3219 776 3254 mensurum
788 3217 967 3274 corrumperet.
978 3204 1080 3272 Quanto
1089 3205 1139 3280 ipi-

69 3281 268 3335 csndirlstornm
283 3279 424 3352 rogationes
438 3295 483 3331 suo
497 3279 583 3330 levore
632 3292 672 3332 tur
684 3279 783 3332 facilius
794 3292 948 3332 mutaturum
957 3301 1014 3333 enm
1026 3282 1140 3336 credide-

69 3361 233 3431 adjuvarent·
631 3357 680 3423 ris,
693 3355 737 3408 nbi
747 3357 826 3410 solute
837 3358 916 3410 oratio
928 3371 978 3422 est,
996 3357 1039 3410 ubi
1052 3379 1080 3411 er
1091 3359 1139 3412 eliu

108 3438 132 3489 3.
147 3435 312 3490 candidatos
321 3433 446 3488 exemtis.
459 3433 584 3488 Commo-
632 3433 721 3506 lingue
743 3435 827 3500 (nem
848 3434 937 3486 Grtece
964 3434 1141 3488 Athenodorus

69 3516 172 3570 melecit
182 3514 223 3567 hic
234 3515 353 3587 interpres
372 3535 445 3588 supra
457 3535 586 3568 commen·
633 3511 762 3583 scripserit
771 3514 780 3577 )
790 3511 816 3562 in
831 3512 946 3564 Latinum
954 3513 1141 3565 transferendus

70 3595 150 3646 datus
159 3594 298 3661 logronge
305 3630 311 3658 ,
318 3591 427 3646 multum
436 3593 585 3646 differentius
634 3609 715 3641 senno
726 3589 774 3641 tuit
785 3588 790 3639 !
805 3591 873 3660 Ergo
883 3589 973 3641 Noster
988 3589 1032 3641 illa
1043 3602 1141 3642 vertens

70 3671 142 3722 inter
153 3668 333 3741 imperatorum
345 3682 456 3744 tempore
469 3685 493 3722 et
502 3671 586 3744 reipu-
634 3684 691 3739 que
705 3679 762 3718 ante
778 3665 908 3718 Cesserunt
925 3665 1059 3737 imperium
1075 3666 1141 3720 dicte

71 3749 151 3801 blicte
161 3745 283 3800 stecsrlum
295 3748 413 3800 exstitisse
424 3786 431 3814 ,
442 3748 469 3800 in
478 3746 518 3799 his
530 3766 586 3818 quse
635 3756 715 3809 erent,
726 3741 910 3816 etlieipublicae
916 3761 998 3794 mores
1004 3743 1142 3814 spirabant,

72 3825 109 3877 ad
122 3823 314 3897 magistratuum
321 3823 473 3877 erectionem
480 3825 587 3896 pertine-
636 3820 725 3871 eodem
737 3819 814 3872 modo
828 3819 903 3872 vertit
915 3840 944 3872 ee
956 3820 977 3871 si
985 3839 1082 3874 coaevus
1092 3821 1143 3872 Ne-

71 3914 133 3955 rent
141 3920 149 3964 ς
157 3913 183 3952 et
192 3900 295 3952 lectores
304 3899 461 3960 cohortetur,
472 3913 499 3953 ut
509 3901 587 3954 Plinii
636 3897 706 3949 tonis
717 3895 894 3948 Athenodorus
906 3897 993 3949 suisset
1004 3933 1011 3961 ,
1030 3910 1054 3950 et
1067 3901 1143 3952 Can-

74 3977 194 4032 secundi
206 3977 310 4048 iunioris
324 3977 367 4030 lib.
380 3980 427 4044 ltt,
440 3978 488 4050 Ep.
504 3994 550 4043 xx,
565 3992 589 4032 et
637 3975 743 4026 didotos
763 3974 871 4027 extrahi
884 3973 1007 4037 narravit,
1029 3973 1144 4044 quemvis

72 4055 168 4109 Nostri
181 4055 228 4126 Ep.
237 4070 277 4107 vn
291 4055 387 4109 edeent.
399 4058 432 4108 m
442 4055 495 4110 brec
508 4045 590 4110 ¹Athe·
638 4065 697 4104 tunc
712 4051 758 4125 ipsi
773 4051 839 4125 apud
850 4052 948 4125 plebem
962 4051 1067 4125 gretiam
1080 4071 1144 4125 eap-

73 4133 192 4187 nodoros
205 4133 348 4208 reipublice
362 4134 516 4207 temporibus
533 4135 589 4188 seri·
639 4143 734 4198 terent,
748 4143 769 4182 et
785 4131 813 4182 in
826 4149 940 4204 eampum
953 4131 1075 4182 Mettium
1087 4149 1145 4184 cum

73 4213 142 4287 psit,
153 4231 209 4266 non
218 4211 354 4286 imperante
363 4213 479 4266 Octavio.
490 4211 548 4280 Qus
558 4210 589 4264 de
639 4208 771 4261 clientibus
783 4208 970 4261 descenderent.

220 4291 247 4360 l;
605 4347 608 4352 -
979 4311 1021 4350 2⁰
