2894 4954
403 453 574 524 cason
599 453 706 523 xiv.
1028 459 1093 552 ³37

57 580 178 674 losopho
195 596 356 676 tyrannus
375 600 528 666 mortem,
548 598 584 654 et
601 583 738 678 quidem
759 584 973 680 insepultam.
997 611 1013 650 u
1031 589 1097 654 Ha·

59 696 253 790 bes,inquit,
274 723 335 768 cur
358 698 420 767 tibi
436 698 570 794 placeas
596 727 603 768 :
628 703 764 770 hemina
782 702 957 796 sanguinis
981 703 1018 770 in
1040 719 1098 772 tun

58 830 199 906 potestate
216 831 288 900 est,
312 840 390 884 nam
414 813 509 908 quod
526 816 572 885 ad
597 817 802 911 sepulturam
824 820 999 912 pertinet,
1020 844 1039 888 o
1065 835 1099 887 te

58 928 210 1021 ineptum,
232 931 260 998 si
277 944 374 1024 putas
387 931 574 1016 interesse,
589 955 693 1026 supra
708 946 855 1016 terram,
872 956 916 1000 an
929 933 1020 1001 infra
1033 959 1099 1026 pu-

59 1042 195 1114 tresceml
216 1047 358 1116 »Canus
373 1046 494 1130 Julius,
507 1048 560 1115 vir
573 1047 728 1141 inprimit
745 1071 906 1140 magnus,
923 1049 1020 1141 cujus
1037 1048 1098 1121 ad·
1122 1066 1138 1118 3

58 1160 205 1229 mirationi
221 1185 265 1232 ne
282 1163 348 1230 hoc
361 1159 499 1256 quidem
517 1161 648 1244 obstat,
670 1160 762 1254 quod
775 1177 889 1232 nostro
903 1163 1024 1232 saeculo
1036 1188 1098 1233 na-

58 1288 196 1359 tuaest,
222 1300 299 1346 cum
324 1278 406 1347 Caio
429 1276 489 1346 diu
511 1277 724 1361 altercatus,
756 1288 933 1371 postquam
957 1278 1097 1348 abeunti

55 1385 188 1457 Phalaris
198 1389 255 1457 ille
267 1389 351 1457 dixit
364 1395 373 1425 ¹
389 1417 396 1456 :
417 1392 494 1458 «Ne
509 1389 596 1460 forte
611 1392 727 1485 inepta
742 1413 802 1485 spe
814 1391 877 1459 tibi
890 1390 1093 1476 blandiaris,

59 1527 71 1564 s
91 1499 160 1572 duci
171 1521 201 1573 te
206 1506 293 1599 jussi
308 1533 316 1572 :
334 1535 349 1570 o
364 1545 411 1560 -
425 1533 441 1570 o
454 1507 604 1590 Gratias,
617 1508 823 1600 inquit,sgo
835 1557 845 1589 ‚
859 1508 984 1600 optime
997 1510 1096 1603 prin-

58 1641 70 1676 s
89 1640 169 1712 ceps.
194 1648 210 1684 o
234 1619 329 1714 Quid
343 1621 486 1690 senserit
505 1620 623 1691 dubito
643 1649 651 1688 t
674 1622 779 1690 multa
796 1624 888 1693 enim
915 1639 1098 1693 occurrunt

54 1729 134 1796 nihi.
164 1733 430 1804 Contumeliosus
457 1758 530 1804 esse
557 1735 683 1818 voluit,
713 1751 748 1803 et
774 1735 952 1804 ostendere
972 1752 1098 1828 quanta

54 1845 215 1918 crudelitas
233 1865 343 1934 esset,
366 1853 403 1918 in
421 1875 489 1942 qua
508 1875 597 1920 mors
620 1852 822 1920 beneficium
849 1854 947 1922 erat?
967 1853 1022 1920 An
1042 1877 1099 1922 er-

54 1962 207 2050 probravit
238 1965 287 2034 illi
316 1967 547 2060 quotidianam
575 1966 809 2036 dementiam?
836 1968 982 2062 agebant
1007 1972 1098 2039 enim

53 2080 177 2167 gratias,
197 2097 233 2150 et
245 2106 389 2176 quorum
406 2083 507 2152 liberi
526 2086 653 2168 occisi,
675 2099 710 2154 et
725 2107 869 2176 quorum
884 2085 972 2154 bona
986 2086 1098 2156 ablata

52 2209 145 2262 eraut.
171 2195 225 2266 An
252 2213 412 2291 tanquam
431 2199 621 2269 libertatem
640 2197 787 2268 libenter
802 2199 959 2292 accepit?
981 2200 1094 2294 Quid·
1119 2220 1135 2285 4
1177 2261 1183 2271 .

52 2307 121 2396 quid
138 2328 208 2395 est,
224 2337 348 2406 magno
367 2315 478 2383 animo
495 2312 681 2407 respondit.
699 2315 798 2383 Dicet
815 2314 937 2406 aliquis
955 2341 963 2381 :
982 2318 1096 2385 Potuit

50 2439 111 2511 post
119 2423 318 2521 haecjubere
327 2429 422 2497 illum
433 2431 534 2499 Caius
544 2431 670 2499 vivere.
683 2431 759 2496 Non
770 2429 879 2498 timuit
887 2431 952 2497 hoc
964 2432 1089 2500 Canus:

49 2553 112 2605 nota
129 2559 200 2611 erat
216 2545 291 2613 Caii
311 2546 347 2612 in
363 2543 486 2612 talibus
502 2545 653 2637 imperiis
674 2543 769 2611 fides.
793 2542 975 2628 Credisne,
996 2546 1091 2614 illum

49 2646 147 2723 decem
163 2658 291 2728 medios
308 2683 417 2752 usque
439 2658 485 2727 ad
507 2660 710 2754 supplicium
730 2659 829 2729 dies'
848 2663 920 2730 sine
938 2661 1008 2730 ulla
1026 2663 1092 2732 sol-

47 2765 203 2843 licitudine
234 2777 410 2870 exegisse?
435 2776 618 2846 verisimile
644 2801 713 2846 non
742 2769 827 2860 est³,
855 2802 930 2870 quae
956 2782 1009 2848 vir
1033 2779 1091 2848 ille

46 2881 171 2975 dixerit,
188 2916 265 2984 quae
281 2893 421 2975 fecerit,
436 2915 536 2985 quam
550 2894 586 2961 in
609 2893 789 2986 tranquillo
804 2881 917 2962 brerii.
936 2895 1090 2965 Ludebat

47 3049 178 3123 cyreneum
206 3060 393 3128 Theodorum,
422 3059 533 3134 pbiloso-
581 3073 747 3134 comparatur.
775 3061 844 3115 Hinc
872 3063 944 3115 facile
963 3063 1087 3134 stallatis,

44 3131 109 3202 plum
121 3159 170 3191 non
184 3140 343 3214 ignobilem,
355 3159 441 3192 nonne
454 3137 533 3193 mba-
581 3141 649 3210 qnod
667 3139 780 3212 vulgatos
796 3139 874 3194 libros
892 3141 1000 3208 obtinet,
1018 3165 1054 3198 ex.
1066 3167 1087 3201 e.

45 3210 105 3262 mur?
114 3215 152 3266 rui
162 3237 240 3288 quum
252 3216 415 3290 Lysimachus
423 3237 466 3270 rex
476 3238 533 3271 cru-
581 3217 677 3269 Erasm.
699 3216 760 3269 oriri
781 3217 869 3290 potuit.
886 3218 985 3291 Regula
1002 3234 1086 3277 tamen

45 3289 529 3366 temminaretmtlstis,quteso,inquit,
581 3293 665 3346 critica
687 3313 787 3365 quoqne
812 3304 948 3366 warinum
971 3297 1086 3352 Siculum

44 3359 79 3412 ista
102 3365 228 3424 horribilia
250 3369 367 3423 minitare
391 3371 531 3444 purpuratis
580 3369 621 3422 hic
632 3383 730 3436 tuetur,
744 3389 793 3441 qna
811 3369 978 3445 difficiliorem
990 3373 1084 3429 librarii

42 3438 80 3490 luit
88 3441 224 3500 lTbeodori
231 3447 334 3519 quidem
344 3447 408 3501 nihil
415 3449 530 3517 interest,
580 3447 699 3502 doetrinae
710 3447 844 3501 lectionem
852 3449 958 3503 faciliori
970 3455 1084 3524 praeferre

42 3513 170 3576 hominess
177 3525 287 3578 sublime
294 3538 425 3598 putrescat.
432 3549 445 3574 s
455 3527 530 3580 Tusc.
578 3523 702 3596 jubemur.
712 3525 796 3600 lipsio
807 3527 884 3600 igitur
895 3529 994 3581 accedo.

42 3592 101 3669 θὴρ.
113 3598 154 3653 lib.
167 3603 202 3670 V,
215 3623 270 3677 cap.
289 3604 338 3669 io,
356 3615 414 3656 extr.
424 3625 438 3650 c
447 3603 531 3656 Theo·
612 3625 635 3655 a.
646 3604 801 3658 Decem.......
813 3605 880 3658 dies.
896 3607 932 3660 Ex
948 3607 1083 3664 Tiberiano

41 3671 531 3751 domsbysimacbo‚mortemminitanti:
579 3679 801 3733 Senatusconsnlto
810 3693 909 3734 mutum
920 3697 987 3752 erat,
1001 3697 1083 3758 utpu-

41 3769 144 3824 tnagnnm
165 3779 241 3826 vero,
260 3759 357 3830 inquit,
373 3758 493 3821 effecisti,
508 3757 530 3809 si
578 3775 611 3810 na
630 3756 805 3812 damnatorum
825 3759 852 3812 in
872 3760 996 3814 decimum
1015 3765 1083 3818 diem

38 3831 175 3888 cantharidis
187 3839 242 3890 vim
256 3850 381 3890 “secutus
391 3837 429 3890 es!
443 3859 456 3882 s
472 3837 528 3889 Hoc
577 3855 675 3909 semper
685 3836 835 3890 differretur.
847 3837 951 3890 Sueton.
963 3841 1019 3895 Tib.
1030 3862 1083 3916 cap.

38 3903 143 3964 innostm
155 3913 527 3984 lemtmsangutnts,idsst,
578 3917 617 3983 75.
630 3913 669 3966 Cf.
679 3913 790 3988 lipsium
803 3914 833 3966 ad
846 3915 924 3968 Tacit.
937 3920 1028 3972 Annal.
1038 3921 1083 3976 lib.
1170 3963 1171 3966 ,

38 3980 266 4044 ditnidiussextarius
277 3992 398 4064 exprimit.
577 3991 630 4054 tlt,
644 4011 697 4064 cap.
711 3995 751 4044 51.
825 4011 826 4014 ¹

65 4067 223 4122 t-Piralaris
241 4070 382 4122 illedixit.
403 4070 473 4124 Bene
492 4083 528 4144 ty·
610 4069 632 4121 3.
651 4070 799 4124 Verisimile
815 4091 865 4124 non
887 4085 931 4124 est.
953 4074 987 4125 H.
1004 4098 1025 4129 e.
1040 4080 1081 4134 vix

38 4154 119 4220 monus
133 4144 175 4198 ille
194 4146 397 4221 Agrigentinus,
416 4147 448 4201 de
468 4149 526 4215 lra,
576 4147 738 4222 credipotest,
753 4169 828 4220 qnam
846 4150 942 4202 fortiter
957 4150 1080 4208 istelocu.

37 4208 73 4264 td.
92 4217 132 4284 ll,
150 4241 201 4294 cap.
227 4225 259 4290 5,
282 4243 309 4287 ι,
331 4243 388 4277 cum
409 4224 526 4298 Caligula
576 4226 671 4294 tussit,
686 4239 730 4280 ete.
744 4229 797 4282 sine
812 4228 1015 4299 interrogatione.
1089 4233 1093 4241 '

95 4299 119 4364 l.
867 4331 912 4372 aa
