2910 4954
200 469 203 478 ’
307 479 370 548 ιοό
562 538 567 544 .
651 485 652 490 ’
740 483 805 548 DE
837 482 941 546 tttt‘

302 631 370 702 qus
389 621 480 676 tante
498 607 697 675 deformitas
711 609 784 700 ejus
803 624 854 676 est
871 633 934 701 per
947 632 1021 676 ossa
1039 631 1247 698 carnesque,
1271 623 1304 674 et
1320 623 1361 673 tot

303 722 573 816 impedimenta,
601 723 773 792 effluetitis
794 751 802 789 ε
824 723 908 815 quid
928 724 957 792 si
976 723 1086 791 nudus
1105 721 1363 792 ostenderetur?

308 868 324 906 o
340 839 485 932 Speculo
499 837 658 932 equidem
672 841 841 908 neminem
856 837 1057 906 deterritum
1070 838 1114 905 ab
1128 839 1180 906 ira
1189 837 1360 906 credisti

305 954 401 1048 Quid
417 957 525 1050 ergo?
544 957 615 1048 Qui
639 955 683 1024 ad
705 956 879 1050 speculum
901 971 1064 1034 venerat,
1085 970 1123 1023 ut
1142 978 1180 1022 se
1200 969 1361 1032 mumret,

301 1073 372 1166 jam
390 1077 614 1142 mutaverat².
635 1073 735 1140 Irstis
752 1070 891 1164 quidem
910 1071 1004 1140 nulla
1022 1086 1075 1140 est
1095 1071 1275 1140 formosior
1293 1070 1366 1137 effi·
1450 1129 1451 1144 ,

307 1189 402 1283 gies,
422 1211 524 1280 quam
538 1203 633 1256 strox
652 1203 688 1254 et
705 1186 866 1271 horrida,
885 1187 1071 1279 qualesque
1085 1211 1178 1269 esse,
1200 1188 1300 1255 etiam
1315 1188 1367 1253 vi·

162 1317 167 1324 '
266 1317 283 1371 ³
307 1305 382 1374 deri
400 1304 531 1373 nolunt.
553 1305 664 1396 Magis
681 1303 766 1372 illud
783 1302 967 1375 videndum
983 1321 1051 1386 est,
1069 1329 1174 1397 quam
1191 1304 1304 1372 multis
1320 1305 1371 1371 ira

306 1447 371 1518 per
388 1447 424 1490 se
439 1422 605 1490 nocuerit.
624 1420 692 1489 Alii
706 1421 811 1489 nimio
825 1421 958 1489 fervore
971 1443 1096 1513 rupere
1110 1445 1231 1503 venas,
1249 1436 1282 1487 et
1296 1444 1373 1487 san·

309 1542 445 1636 guinem
464 1563 568 1633 supra
583 1541 675 1608 vires
698 1538 806 1606 elatus
828 1538 955 1608 clamor
977 1540 1123 1632 egessit,
1151 1555 1185 1606 et
1209 1538 1372 1607 luminum
1450 1539 1451 1566 ¹

309 1652 449 1725 suffudit
468 1654 575 1721 aciem
588 1654 625 1720 in
640 1652 754 1721 oculos
773 1653 1006 1722 vehementius
1022 1654 1144 1722 humor
1160 1667 1316 1747 egestus,
1342 1669 1376 1720 et

309 1771 347 1837 in
364 1766 497 1836 morbos
513 1768 597 1860 aegri
610 1763 787 1852 recidere3
809 1767 903 1836 nullu
919 1767 1063 1836 celerior
1079 1767 1123 1835 ad
1139 1768 1304 1836 insaniam
1321 1767 1378 1834 via
1450 1751 1451 1808 l

311 1901 374 1954 est.
396 1885 497 1952 Multi
510 1885 624 1975 itaque
638 1885 922 1952 continuaverunt
933 1885 993 1951 irae
1011 1885 1159 1952 lusorem
1172 1912 1182 1966 3
1198 1907 1262 1951 nec
1273 1907 1377 1974 quam

271 1999 511 2093 tespulerant
537 2014 707 2081 mentem,
740 2023 889 2090 unquam
917 2014 1132 2092 receperunt.
1164 1990 1320 2092 Ajacem³
1342 2000 1377 2064 in

313 2133 453 2186 mortem
482 2117 553 2209 egit
579 2115 694 2198 furor,
721 2117 759 2182 in
787 2117 937 2184 furorem
967 2118 1031 2184 ira.
1062 2120 1206 2184 Mortem
1235 2115 1376 2194 liberis,

313 2249 496 2328 egestatem
512 2231 599 2314 sibi,
621 2235 755 2301 ruinam
774 2232 887 2301 domui
906 2235 1156 2327 imprecantur,
1173 2249 1208 2301 et
1224 2234 1328 2300 irasci
1345 2257 1380 2300 se
1450 2217 1451 2312 l

314 2364 459 2444 negant,
477 2372 547 2416 non
569 2349 681 2416 minus
699 2371 801 2440 quam
815 2350 985 2431 insanire,
1006 2351 1137 2419 furiosi.
1161 2349 1382 2417 Amicissimis

255 2541 262 2550 ,
314 2468 449 2546 hostes,
471 2463 668 2555 vitandique
687 2467 868 2566 carissimis
888 2493 895 2532 ι
913 2455 1052 2560 legum,
1070 2468 1217 2558 nisique
1237 2481 1379 2545 nocent,
1450 2449 1451 2504 l

258 2650 260 2658 ,
315 2581 612 2662 immemores‚ad
631 2582 771 2648 minima
787 2581 949 2662 mobiles,
971 2601 1226 2664 nosses-mone,
1243 2603 1313 2648 non
1330 2580 1384 2647 of·

317 2699 418 2778 ficio,
439 2691 556 2765 aditu⁴
577 2698 704 2764 faciles.
732 2698 856 2766 Omnis
870 2721 935 2788 per
955 2699 1024 2766 vim
1047 2715 1193 2791 gerunt,
1214 2696 1337 2790 gladiis
1353 2713 1387 2762 et

276 2846 291 2894 5
317 2835 471 2908 pugnare
493 2813 623 2905 parati,
654 2829 688 2878 et
707 2812 917 2880 incumbere.
946 2813 1129 2886 Maximum
1149 2815 1242 2880 enim
1262 2813 1387 2880 malum
1450 2829 1451 2882 t

318 2929 394 2997 illos
411 2931 524 3022 cepit,
546 2945 580 2996 et
595 2929 709 2995 omnio
726 2951 933 3021 exsuperans
951 2930 1043 2996 vitia.
1060 2929 1138 2998 Alia
1151 2929 1312 3021 paulatim
1331 2929 1389 2994 in·
1450 2959 1451 3032 p

320 3058 411 3110 trant
425 3070 434 3127 3
450 3043 629 3134 repentina
646 3057 681 3108 et
693 3042 853 3110 universa
864 3042 917 3110 vis
929 3042 1032 3134 liujus
1049 3058 1101 3110 est
1121 3072 1131 3126 3
1153 3067 1270 3111 omnes
1292 3041 1393 3109 deni-
1450 3035 1451 3076 ³

320 3178 388 3247 que
409 3154 493 3222 alios
515 3154 655 3222 affectus
680 3155 744 3222 sibi
770 3153 907 3247 subjicit
923 3185 932 3240 3
951 3180 1098 3225 amorem
1116 3153 1391 3224 ardentissimum

320 3263 458 3340 vincit⁵.
474 3265 747 3338 Transfoderunt
760 3271 874 3362 itaque
885 3287 993 3340 amata
1006 3296 1164 3365 corpora,
1182 3273 1264 3340 etin
1275 3294 1393 3340 eorum
1450 3279 1451 3282 ’

324 3483 419 3552 Quat.
432 3481 475 3534 lib.
491 3482 557 3545 Vll,
573 3499 628 3555 esp.
640 3481 685 3532 ult
698 3482 759 3532 item
775 3481 833 3533 Pto·
883 3482 913 3533 iis
925 3481 1082 3554 potissimum
1095 3484 1123 3534 in
1135 3483 1218 3534 verbis
1230 3499 1286 3554 que
1297 3493 1397 3532 motum

319 3560 469 3614 torentem.
479 3579 502 3630 7.
512 3561 617 3614 llntton.
628 3579 652 3632 p.
663 3557 718 3625 248.
733 3557 772 3612 Gl-
783 3553 834 3610 Fa·
879 3560 1013 3627 indittnt,
1026 3573 1054 3614 ut
1069 3571 1167 3614 vertere
1181 3579 1227 3635 pro
1243 3563 1322 3621 uerti,
1335 3578 1398 3609 mn-
1450 3589 1451 3594 =

323 3637 385 3689 uris.
400 3634 836 3706 Btbtiou.esaesv01.111,p.57t.
884 3645 942 3691 tm
953 3651 999 3712 pro
1012 3643 1125 3702 mutari,
1139 3651 1185 3690 ete.
1450 3639 1451 3644 ’

361 3733 381 3766 ι.
397 3715 497 3768 Oreste.
508 3717 532 3767 E
543 3715 614 3768 libris
622 3714 736 3767 ‹restituit
747 3725 771 3764 et
782 3716 836 3765 sirt-
920 3715 943 3768 3.
957 3716 1074 3782 Aiacem.
1088 3715 1236 3768 Telsnronis
1248 3711 1326 3765 lilium
1337 3747 1345 3774 ,
1357 3710 1401 3760 vel

326 3794 387 3846 dent
397 3793 544 3864 sequentis:
561 3791 726 3866 Quidergo?
889 3811 918 3846 es
936 3791 1131 3846 ostentatam.
1148 3794 1211 3846 ΧΠ]
1222 3831 1229 3856 ,
1240 3792 1294 3844 init.
1306 3802 1401 3841 notum
1450 3803 1451 3838 t

361 3887 383 3921 s.
396 3869 555 3924 Mutuoerot.
568 3871 624 3923 llos
637 3882 687 3933 ert,
701 3888 729 3922 se
744 3879 838 3920 msta-
888 3872 928 3935 si,
949 3873 991 3924 cni
1008 3871 1140 3946 Sophoclis
1157 3874 1215 3932 Αἴας
1231 3867 1404 3939 nemesim
1450 3897 1451 3922 t

328 3957 413 4009 errat,
432 3957 551 3999 mamus
567 3957 634 3999 esst.
654 3947 774 3999 sativum
791 3963 838 4018 pro
887 3951 916 4002 in
929 3950 1024 4003 deliciis
1035 3969 1087 4003 esse
1097 3951 1250 4023 tronpotuit.
1450 3951 1451 4020 j

324 4025 425 4097 pmsiro
437 4037 461 4076 st
472 4025 606 4089 sollerius,
621 4039 648 4077 ut
666 4025 800 4099 sepissime
811 4025 839 4076 in
922 4029 946 4093 4.
957 4028 1050 4080 Adina.
1061 4027 1123 4079 Sub.
1135 4045 1194 4080 mn.
1206 4027 1295 4078 lunen
1305 4024 1406 4094 quippe

330 4102 420 4176 gtlliet
440 4103 553 4176 lingue:
573 4101 651 4156 rarius
668 4103 769 4174 quidem
791 4102 840 4154 hoc
890 4106 1085 4158 ittsvorestss
1102 4107 1203 4179 gisseio,
1216 4103 1283 4175 qussi
1297 4101 1406 4154 dixisse

330 4181 400 4252 spntl
410 4183 516 4236 latinos
528 4197 603 4253 quant
615 4183 681 4253 apud
697 4199 743 4234 nos
754 4181 843 4234 sdvsr-
890 4183 976 4255 officio
985 4185 1120 4252 adituque.

331 4273 381 4312 tere
393 4273 443 4324 sst3
462 4259 599 4330 aliquado
611 4273 696 4312 umen
711 4261 842 4323 invmies,
925 4263 1081 4313 &Amorem
1088 4263 1299 4314 ardentissimum
1307 4259 1407 4307 vincit.
