<?xml version="1.0" encoding="UTF-8"?>
<!DOCTYPE html PUBLIC "-//W3C//DTD XHTML 1.0 Transitional//EN"
    "http://www.w3.org/TR/xhtml1/DTD/xhtml1-transitional.dtd">
<html xmlns="http://www.w3.org/1999/xhtml" xml:lang="en" lang="en">
 <head>
  <title>
</title>
<meta http-equiv="Content-Type" content="text/html;charset=utf-8" />
  <meta name='ocr-system' content='tesseract 3.04.00' />
  <meta name='ocr-capabilities' content='ocr_page ocr_carea ocr_par ocr_line ocrx_word'/>
</head>
<body>
  <div class='ocr_page' id='page_1' title='image "./lannsenecparspr01bouigoog_0083.png"; bbox 0 0 2918 4958; ppageno 0'>
   <div class='ocr_carea' id='block_1_1' title="bbox 294 411 1184 498">
    <p class='ocr_par' dir='ltr' id='par_1_1' title="bbox 294 411 1184 498">
     <span class='ocr_line' id='line_1_1' title="bbox 294 411 1184 498; baseline 0.008 -20"><span class='ocrx_word' id='word_1_1' title='bbox 294 411 375 498; x_wconf 78' lang='lat' dir='ltr'>lxxij</span> <span class='ocrx_word' id='word_1_2' title='bbox 474 413 506 479; x_wconf 82' lang='lat' dir='ltr'>J.</span> <span class='ocrx_word' id='word_1_3' title='bbox 533 411 696 482; x_wconf 76' lang='lat' dir='ltr'>mesu</span> <span class='ocrx_word' id='word_1_4' title='bbox 720 411 1184 485; x_wconf 80' lang='lat' dir='ltr'>nsuuuucmoms</span> 
     </span>
    </p>
   </div>
   <div class='ocr_carea' id='block_1_2' title="bbox 292 518 1367 748">
    <p class='ocr_par' dir='ltr' id='par_1_2' title="bbox 292 518 1367 748">
     <span class='ocr_line' id='line_1_2' title="bbox 292 518 1367 640; baseline 0.006 -26"><span class='ocrx_word' id='word_1_5' title='bbox 292 555 398 630; x_wconf 88' lang='lat' dir='ltr'>idest,</span> <span class='ocrx_word' id='word_1_6' title='bbox 415 555 492 616; x_wconf 76' lang='lat' dir='ltr'>adeo</span> <span class='ocrx_word' id='word_1_7' title='bbox 507 555 615 638; x_wconf 86' lang='lat' dir='ltr'>pauci,</span> <span class='ocrx_word' id='word_1_8' title='bbox 632 567 663 616; x_wconf 88' lang='lat' dir='ltr'>et</span> <span class='ocrx_word' id='word_1_9' title='bbox 675 555 718 617; x_wconf 90' lang='lat' dir='ltr'>sic</span> <span class='ocrx_word' id='word_1_10' title='bbox 731 555 827 638; x_wconf 88' lang='lat' dir='ltr'>pulsi,</span> <span class='ocrx_word' id='word_1_11' title='bbox 843 569 876 618; x_wconf 91' lang='lat' dir='ltr'>nt</span> <span class='ocrx_word' id='word_1_12' title='bbox 890 557 921 618; x_wconf 89' lang='lat' dir='ltr'>io</span> <span class='ocrx_word' id='word_1_13' title='bbox 942 555 1047 619; x_wconf 86' lang='lat' dir='ltr'>limine</span> <span class='ocrx_word' id='word_1_14' title='bbox 1061 557 1193 620; x_wconf 69' lang='lat' dir='ltr'>ltereant</span> <span class='ocrx_word' id='word_1_15' title='bbox 1210 518 1367 640; x_wconf 35' lang='lat' dir='ltr'>adlegem-</span> 
     </span>
     <span class='ocr_line' id='line_1_3' title="bbox 292 655 1121 748; baseline 0.01 -30"><span class='ocrx_word' id='word_1_16' title='bbox 292 671 367 720; x_wconf 88' lang='lat' dir='ltr'>sntn.</span> <span class='ocrx_word' id='word_1_17' title='bbox 379 655 497 723; x_wconf 89' lang='lat' dir='ltr'>Omitto</span> <span class='ocrx_word' id='word_1_18' title='bbox 513 683 521 719; x_wconf 79' lang='grc' dir='ltr'><strong>ι</strong></span> <span class='ocrx_word' id='word_1_19' title='bbox 536 659 660 746; x_wconf 83' lang='lat' dir='ltr'>proprie</span> <span class='ocrx_word' id='word_1_20' title='bbox 676 660 759 722; x_wconf 85' lang='lat' dir='ltr'>enim</span> <span class='ocrx_word' id='word_1_21' title='bbox 773 659 893 725; x_wconf 90' lang='lat' dir='ltr'>Stoicos</span> <span class='ocrx_word' id='word_1_22' title='bbox 908 683 971 726; x_wconf 92' lang='lat' dir='ltr'>non</span> <span class='ocrx_word' id='word_1_23' title='bbox 988 675 1121 748; x_wconf 83' lang='lat' dir='ltr'>tangtmt</span> 
     </span>
    </p>
   </div>
   <div class='ocr_carea' id='block_1_3' title="bbox 290 834 1445 4387">
    <p class='ocr_par' dir='ltr' id='par_1_3' title="bbox 517 834 1141 1050">
     <span class='ocr_line' id='line_1_4' title="bbox 598 834 1061 902; baseline 0.006 -5"><span class='ocrx_word' id='word_1_24' title='bbox 598 834 941 902; x_wconf 78' lang='lat' dir='ltr'>DlssEttTATto</span> <span class='ocrx_word' id='word_1_25' title='bbox 961 835 1061 900; x_wconf 87' lang='lat' dir='ltr'><strong>XIV.</strong></span> 
     </span>
     <span class='ocr_line' id='line_1_5' title="bbox 517 967 1141 1050; baseline 0 -20"><span class='ocrx_word' id='word_1_26' title='bbox 517 967 626 1030; x_wconf 81' lang='lat' dir='ltr'>Contra</span> <span class='ocrx_word' id='word_1_27' title='bbox 638 969 766 1042; x_wconf 66' lang='lat' dir='ltr'>Stoicum</span> <span class='ocrx_word' id='word_1_28' title='bbox 780 980 809 1030; x_wconf 82' lang='lat' dir='ltr'>ct</span> <span class='ocrx_word' id='word_1_29' title='bbox 819 989 883 1050; x_wconf 77' lang='lat' dir='ltr'>qua</span> <span class='ocrx_word' id='word_1_30' title='bbox 897 971 934 1036; x_wconf 74' lang='lat' dir='ltr'>tis</span> <span class='ocrx_word' id='word_1_31' title='bbox 946 969 1034 1050; x_wconf 79' lang='lat' dir='ltr'>objici</span> <span class='ocrx_word' id='word_1_32' title='bbox 1046 973 1141 1031; x_wconf 71' lang='lat' dir='ltr'>sodis.</span> 
     </span>
    </p>

    <p class='ocr_par' dir='ltr' id='par_1_4' title="bbox 290 1091 1367 1686">
     <span class='ocr_line' id='line_1_6' title="bbox 331 1091 1365 1178; baseline -0.001 -23"><span class='ocrx_word' id='word_1_33' title='bbox 331 1093 489 1156; x_wconf 72' lang='lat' dir='ltr'>Aunttott.</span> <span class='ocrx_word' id='word_1_34' title='bbox 507 1093 550 1156; x_wconf 78' lang='lat' dir='ltr'>At</span> <span class='ocrx_word' id='word_1_35' title='bbox 563 1113 620 1178; x_wconf 88' lang='lat' dir='ltr'>ego</span> <span class='ocrx_word' id='word_1_36' title='bbox 633 1091 752 1156; x_wconf 82' lang='lat' dir='ltr'>Stoicos</span> <span class='ocrx_word' id='word_1_37' title='bbox 768 1107 836 1154; x_wconf 86' lang='lat' dir='ltr'>tuos</span> <span class='ocrx_word' id='word_1_38' title='bbox 854 1107 964 1178; x_wconf 88' lang='lat' dir='ltr'>tango,</span> <span class='ocrx_word' id='word_1_39' title='bbox 980 1093 1006 1156; x_wconf 83' lang='lat' dir='ltr'>si</span> <span class='ocrx_word' id='word_1_40' title='bbox 1025 1093 1159 1178; x_wconf 88' lang='lat' dir='ltr'>linguam</span> <span class='ocrx_word' id='word_1_41' title='bbox 1175 1093 1250 1154; x_wconf 81' lang='lat' dir='ltr'>milti</span> <span class='ocrx_word' id='word_1_42' title='bbox 1270 1093 1365 1156; x_wconf 83' lang='lat' dir='ltr'>laxas.</span> 
     </span>
     <span class='ocr_line' id='line_1_7' title="bbox 292 1195 1366 1282; baseline 0.002 -22"><span class='ocrx_word' id='word_1_43' title='bbox 292 1195 431 1278; x_wconf 85' lang='lat' dir='ltr'>Laudas,</span> <span class='ocrx_word' id='word_1_44' title='bbox 447 1212 477 1262; x_wconf 88' lang='lat' dir='ltr'>et</span> <span class='ocrx_word' id='word_1_45' title='bbox 492 1198 552 1262; x_wconf 81' lang='lat' dir='ltr'>lanc</span> <span class='ocrx_word' id='word_1_46' title='bbox 570 1217 661 1262; x_wconf 74' lang='lat' dir='ltr'>vocas</span> <span class='ocrx_word' id='word_1_47' title='bbox 677 1223 686 1260; x_wconf 78' lang='grc' dir='ltr'><strong>ι</strong></span> <span class='ocrx_word' id='word_1_48' title='bbox 702 1218 794 1280; x_wconf 85' lang='lat' dir='ltr'>quam</span> <span class='ocrx_word' id='word_1_49' title='bbox 809 1199 896 1260; x_wconf 87' lang='lat' dir='ltr'>multi</span> <span class='ocrx_word' id='word_1_50' title='bbox 916 1199 1083 1262; x_wconf 78' lang='lat' dir='ltr'>retusam?</span> <span class='ocrx_word' id='word_1_51' title='bbox 1106 1197 1207 1264; x_wconf 86' lang='lat' dir='ltr'>Hodie</span> <span class='ocrx_word' id='word_1_52' title='bbox 1226 1199 1366 1282; x_wconf 83' lang='lat' dir='ltr'>plerique</span> 
     </span>
     <span class='ocr_line' id='line_1_8' title="bbox 292 1304 1367 1389; baseline 0.001 -22"><span class='ocrx_word' id='word_1_53' title='bbox 292 1325 397 1368; x_wconf 85' lang='lat' dir='ltr'>omnes</span> <span class='ocrx_word' id='word_1_54' title='bbox 409 1327 417 1366; x_wconf 77' lang='grc' dir='ltr'><strong>ι</strong></span> <span class='ocrx_word' id='word_1_55' title='bbox 428 1319 459 1368; x_wconf 89' lang='lat' dir='ltr'>et</span> <span class='ocrx_word' id='word_1_56' title='bbox 468 1305 555 1370; x_wconf 86' lang='lat' dir='ltr'>ludus</span> <span class='ocrx_word' id='word_1_57' title='bbox 568 1325 604 1367; x_wconf 84' lang='lat' dir='ltr'>ae</span> <span class='ocrx_word' id='word_1_58' title='bbox 616 1307 701 1388; x_wconf 85' lang='lat' dir='ltr'>jocus</span> <span class='ocrx_word' id='word_1_59' title='bbox 712 1318 746 1368; x_wconf 92' lang='lat' dir='ltr'>tn</span> <span class='ocrx_word' id='word_1_60' title='bbox 754 1317 846 1386; x_wconf 81' lang='lat' dir='ltr'>atque</span> <span class='ocrx_word' id='word_1_61' title='bbox 858 1326 915 1389; x_wconf 88' lang='lat' dir='ltr'>ego</span> <span class='ocrx_word' id='word_1_62' title='bbox 927 1305 1036 1382; x_wconf 88' lang='lat' dir='ltr'>simus,</span> <span class='ocrx_word' id='word_1_63' title='bbox 1051 1306 1103 1387; x_wconf 85' lang='lat' dir='ltr'>qui</span> <span class='ocrx_word' id='word_1_64' title='bbox 1116 1305 1167 1368; x_wconf 86' lang='lat' dir='ltr'>hic</span> <span class='ocrx_word' id='word_1_65' title='bbox 1181 1305 1293 1370; x_wconf 77' lang='lat' dir='ltr'>smus.</span> <span class='ocrx_word' id='word_1_66' title='bbox 1304 1304 1367 1369; x_wconf 85' lang='lat' dir='ltr'>Sed</span> 
     </span>
     <span class='ocr_line' id='line_1_9' title="bbox 293 1410 1367 1494; baseline 0.002 -22"><span class='ocrx_word' id='word_1_67' title='bbox 293 1423 324 1472; x_wconf 87' lang='lat' dir='ltr'>et</span> <span class='ocrx_word' id='word_1_68' title='bbox 336 1411 415 1474; x_wconf 88' lang='lat' dir='ltr'>inter</span> <span class='ocrx_word' id='word_1_69' title='bbox 427 1411 564 1494; x_wconf 87' lang='lat' dir='ltr'>priscos,</span> <span class='ocrx_word' id='word_1_70' title='bbox 579 1431 671 1492; x_wconf 85' lang='lat' dir='ltr'>quarn</span> <span class='ocrx_word' id='word_1_71' title='bbox 681 1410 768 1474; x_wconf 87' lang='lat' dir='ltr'>multi</span> <span class='ocrx_word' id='word_1_72' title='bbox 781 1431 889 1494; x_wconf 83' lang='lat' dir='ltr'>graves</span> <span class='ocrx_word' id='word_1_73' title='bbox 904 1412 911 1472; x_wconf 86' lang='lat' dir='ltr'>l</span> <span class='ocrx_word' id='word_1_74' title='bbox 925 1424 956 1473; x_wconf 91' lang='lat' dir='ltr'>et</span> <span class='ocrx_word' id='word_1_75' title='bbox 968 1412 1072 1494; x_wconf 83' lang='lat' dir='ltr'>gravia</span> <span class='ocrx_word' id='word_1_76' title='bbox 1082 1413 1218 1492; x_wconf 65' lang='lat' dir='ltr'>quadam</span> <span class='ocrx_word' id='word_1_77' title='bbox 1229 1412 1294 1474; x_wconf 89' lang='lat' dir='ltr'>istis</span> <span class='ocrx_word' id='word_1_78' title='bbox 1308 1413 1367 1474; x_wconf 87' lang='lat' dir='ltr'>ob-</span> 
     </span>
     <span class='ocr_line' id='line_1_10' title="bbox 290 1515 1364 1599; baseline 0.005 -23"><span class='ocrx_word' id='word_1_79' title='bbox 290 1516 415 1597; x_wconf 88' lang='lat' dir='ltr'>jiciunt,</span> <span class='ocrx_word' id='word_1_80' title='bbox 439 1528 492 1578; x_wconf 85' lang='lat' dir='ltr'>aut</span> <span class='ocrx_word' id='word_1_81' title='bbox 511 1518 679 1599; x_wconf 86' lang='lat' dir='ltr'>imponunt.</span> <span class='ocrx_word' id='word_1_82' title='bbox 693 1515 752 1582; x_wconf 76' lang='lat' dir='ltr'>Vis</span> <span class='ocrx_word' id='word_1_83' title='bbox 769 1535 895 1599; x_wconf 88' lang='lat' dir='ltr'>pergam</span> <span class='ocrx_word' id='word_1_84' title='bbox 913 1517 1035 1580; x_wconf 80' lang='lat' dir='ltr'>dicere?</span> <span class='ocrx_word' id='word_1_85' title='bbox 1057 1515 1142 1581; x_wconf 85' lang='lat' dir='ltr'>Ltes.</span> <span class='ocrx_word' id='word_1_86' title='bbox 1155 1517 1209 1580; x_wconf 89' lang='lat' dir='ltr'>Me</span> <span class='ocrx_word' id='word_1_87' title='bbox 1224 1518 1364 1590; x_wconf 85' lang='lat' dir='ltr'>lubente;</span> 
     </span>
     <span class='ocr_line' id='line_1_11' title="bbox 293 1619 724 1686; baseline -0.002 -4"><span class='ocrx_word' id='word_1_88' title='bbox 293 1642 364 1683; x_wconf 78' lang='lat' dir='ltr'>nem</span> <span class='ocrx_word' id='word_1_89' title='bbox 377 1635 458 1686; x_wconf 84' lang='lat' dir='ltr'>recte</span> <span class='ocrx_word' id='word_1_90' title='bbox 470 1621 545 1684; x_wconf 88' lang='lat' dir='ltr'>olim</span> <span class='ocrx_word' id='word_1_91' title='bbox 557 1619 705 1686; x_wconf 84' lang='lat' dir='ltr'>Comicus</span> <span class='ocrx_word' id='word_1_92' title='bbox 716 1645 724 1681; x_wconf 87' lang='lat'>:</span> 
     </span>
    </p>

    <p class='ocr_par' dir='ltr' id='par_1_5' title="bbox 485 1755 1022 1912">
     <span class='ocr_line' id='line_1_12' title="bbox 485 1755 999 1826; baseline 0.006 -17"><span class='ocrx_word' id='word_1_93' title='bbox 485 1757 595 1810; x_wconf 62' lang='lat' dir='ltr'>astreis</span> <span class='ocrx_word' id='word_1_94' title='bbox 612 1756 727 1825; x_wconf 65' lang='grc' dir='ltr'>ἀκροατὴς</span> <span class='ocrx_word' id='word_1_95' title='bbox 743 1755 852 1820; x_wconf 57' lang='lat' dir='ltr'>Martae</span> <span class='ocrx_word' id='word_1_96' title='bbox 865 1759 999 1826; x_wconf 67' lang='grc' dir='ltr'>ιαθῆμνος·</span> 
     </span>
     <span class='ocr_line' id='line_1_13' title="bbox 487 1847 1022 1912; baseline 0.002 -10"><span class='ocrx_word' id='word_1_97' title='bbox 487 1847 594 1902; x_wconf 78' lang='lat' dir='ltr'>Molesta</span> <span class='ocrx_word' id='word_1_98' title='bbox 604 1867 642 1900; x_wconf 82' lang='lat' dir='ltr'>ret</span> <span class='ocrx_word' id='word_1_99' title='bbox 653 1860 701 1912; x_wconf 81' lang='lat' dir='ltr'>est,</span> <span class='ocrx_word' id='word_1_100' title='bbox 709 1849 799 1912; x_wconf 43' lang='lat' dir='ltr'>,fatuus</span> <span class='ocrx_word' id='word_1_101' title='bbox 811 1848 912 1904; x_wconf 83' lang='lat' dir='ltr'>auditor</span> <span class='ocrx_word' id='word_1_102' title='bbox 924 1849 1022 1903; x_wconf 82' lang='lat' dir='ltr'>sedent.</span> 
     </span>
    </p>

    <p class='ocr_par' dir='ltr' id='par_1_6' title="bbox 290 1957 1445 4387">
     <span class='ocr_line' id='line_1_14' title="bbox 333 1957 1367 2047; baseline 0.003 -23"><span class='ocrx_word' id='word_1_103' title='bbox 333 1959 468 2026; x_wconf 78' lang='lat' dir='ltr'>Ostende</span> <span class='ocrx_word' id='word_1_104' title='bbox 482 1984 591 2047; x_wconf 87' lang='lat' dir='ltr'>capere</span> <span class='ocrx_word' id='word_1_105' title='bbox 606 1978 636 2026; x_wconf 90' lang='lat' dir='ltr'>te</span> <span class='ocrx_word' id='word_1_106' title='bbox 651 1985 659 2022; x_wconf 79' lang='grc' dir='ltr'><strong>ι</strong></span> <span class='ocrx_word' id='word_1_107' title='bbox 675 1977 705 2028; x_wconf 87' lang='lat' dir='ltr'>ot</span> <span class='ocrx_word' id='word_1_108' title='bbox 717 1965 831 2047; x_wconf 73' lang='lat' dir='ltr'>aliquid</span> <span class='ocrx_word' id='word_1_109' title='bbox 845 1957 1007 2042; x_wconf 78' lang='lat' dir='ltr'>intersere,</span> <span class='ocrx_word' id='word_1_110' title='bbox 1018 1978 1051 2027; x_wconf 89' lang='lat' dir='ltr'>nt</span> <span class='ocrx_word' id='word_1_111' title='bbox 1063 1963 1171 2046; x_wconf 69' lang='lat' dir='ltr'>(Caelii</span> <span class='ocrx_word' id='word_1_112' title='bbox 1181 1965 1255 2028; x_wconf 89' lang='lat' dir='ltr'>olim</span> <span class='ocrx_word' id='word_1_113' title='bbox 1266 1967 1367 2044; x_wconf 76' lang='lat' dir='ltr'>dimo)</span> 
     </span>
     <span class='ocr_line' id='line_1_15' title="bbox 290 2070 1368 2157; baseline 0.002 -25"><span class='ocrx_word' id='word_1_114' title='bbox 290 2073 349 2132; x_wconf 90' lang='lat' dir='ltr'>duo</span> <span class='ocrx_word' id='word_1_115' title='bbox 364 2073 465 2134; x_wconf 79' lang='lat' dir='ltr'>simus</span> <span class='ocrx_word' id='word_1_116' title='bbox 478 2071 564 2132; x_wconf 80' lang='lat' dir='ltr'>Auo.</span> <span class='ocrx_word' id='word_1_117' title='bbox 585 2070 670 2156; x_wconf 87' lang='lat' dir='ltr'>Ergo</span> <span class='ocrx_word' id='word_1_118' title='bbox 685 2071 782 2149; x_wconf 81' lang='lat' dir='ltr'>facio,</span> <span class='ocrx_word' id='word_1_119' title='bbox 806 2086 836 2135; x_wconf 90' lang='lat' dir='ltr'>et</span> <span class='ocrx_word' id='word_1_120' title='bbox 855 2073 923 2136; x_wconf 87' lang='lat' dir='ltr'>dico</span> <span class='ocrx_word' id='word_1_121' title='bbox 940 2073 1031 2157; x_wconf 83' lang='lat' dir='ltr'>objici</span> <span class='ocrx_word' id='word_1_122' title='bbox 1046 2073 1085 2136; x_wconf 86' lang='lat' dir='ltr'>iis</span> <span class='ocrx_word' id='word_1_123' title='bbox 1105 2073 1162 2135; x_wconf 87' lang='lat' dir='ltr'>ista</span> <span class='ocrx_word' id='word_1_124' title='bbox 1176 2073 1292 2135; x_wconf 82' lang='lat' dir='ltr'>Zenoni</span> <span class='ocrx_word' id='word_1_125' title='bbox 1304 2073 1368 2157; x_wconf 88' lang='lat' dir='ltr'>pri-</span> 
     </span>
     <span class='ocr_line' id='line_1_16' title="bbox 293 2179 1368 2263; baseline 0.002 -25"><span class='ocrx_word' id='word_1_126' title='bbox 293 2198 396 2253; x_wconf 90' lang='lat' dir='ltr'>mum,</span> <span class='ocrx_word' id='word_1_127' title='bbox 415 2179 517 2261; x_wconf 91' lang='lat' dir='ltr'>primo</span> <span class='ocrx_word' id='word_1_128' title='bbox 530 2179 663 2256; x_wconf 86' lang='lat' dir='ltr'>auctori,</span> <span class='ocrx_word' id='word_1_129' title='bbox 678 2179 901 2242; x_wconf 72' lang='lat' dir='ltr'>aemulationem</span> <span class='ocrx_word' id='word_1_130' title='bbox 915 2193 946 2242; x_wconf 87' lang='lat' dir='ltr'>et</span> <span class='ocrx_word' id='word_1_131' title='bbox 962 2179 1123 2254; x_wconf 80' lang='lat' dir='ltr'>invidiam,</span> <span class='ocrx_word' id='word_1_132' title='bbox 1137 2201 1202 2260; x_wconf 70' lang='lat' dir='ltr'>quse</span> <span class='ocrx_word' id='word_1_133' title='bbox 1217 2179 1368 2263; x_wconf 77' lang='lat' dir='ltr'><strong>originem</strong></span> 
     </span>
     <span class='ocr_line' id='line_1_17' title="bbox 293 2281 1368 2363; baseline 0.002 -17"><span class='ocrx_word' id='word_1_134' title='bbox 293 2285 409 2348; x_wconf 81' lang='lat' dir='ltr'>dederit</span> <span class='ocrx_word' id='word_1_135' title='bbox 422 2285 617 2363; x_wconf 80' lang='lat' dir='ltr'>dissensioni,</span> <span class='ocrx_word' id='word_1_136' title='bbox 635 2300 666 2348; x_wconf 92' lang='lat' dir='ltr'>et</span> <span class='ocrx_word' id='word_1_137' title='bbox 678 2283 784 2350; x_wconf 77' lang='lat' dir='ltr'>Sectis.</span> <span class='ocrx_word' id='word_1_138' title='bbox 800 2285 836 2347; x_wconf 88' lang='lat' dir='ltr'>ln</span> <span class='ocrx_word' id='word_1_139' title='bbox 850 2285 1041 2350; x_wconf 77' lang='lat' dir='ltr'>Academicis</span> <span class='ocrx_word' id='word_1_140' title='bbox 1051 2300 1133 2361; x_wconf 89' lang='lat' dir='ltr'>erat,</span> <span class='ocrx_word' id='word_1_141' title='bbox 1152 2287 1183 2348; x_wconf 93' lang='lat' dir='ltr'>id</span> <span class='ocrx_word' id='word_1_142' title='bbox 1200 2281 1245 2348; x_wconf 84' lang='lat' dir='ltr'>cst</span> <span class='ocrx_word' id='word_1_143' title='bbox 1261 2283 1368 2348; x_wconf 80' lang='lat' dir='ltr'>Plato-</span> 
     </span>
     <span class='ocr_line' id='line_1_18' title="bbox 292 2389 1366 2475; baseline 0.002 -23"><span class='ocrx_word' id='word_1_144' title='bbox 292 2392 368 2455; x_wconf 89' lang='lat' dir='ltr'>nicis</span> <span class='ocrx_word' id='word_1_145' title='bbox 385 2415 392 2451; x_wconf 82' lang='grc' dir='ltr'><strong>ι</strong></span> <span class='ocrx_word' id='word_1_146' title='bbox 409 2389 585 2456; x_wconf 86' lang='lat' dir='ltr'>Polemonis</span> <span class='ocrx_word' id='word_1_147' title='bbox 594 2393 712 2456; x_wconf 80' lang='lat' dir='ltr'>auditor</span> <span class='ocrx_word' id='word_1_148' title='bbox 725 2415 733 2454; x_wconf 75' lang='grc' dir='ltr'><strong>ι</strong></span> <span class='ocrx_word' id='word_1_149' title='bbox 746 2391 785 2455; x_wconf 88' lang='lat' dir='ltr'>lis</span> <span class='ocrx_word' id='word_1_150' title='bbox 798 2392 901 2456; x_wconf 80' lang='lat' dir='ltr'>incidit</span> <span class='ocrx_word' id='word_1_151' title='bbox 915 2413 984 2456; x_wconf 86' lang='lat' dir='ltr'>curn</span> <span class='ocrx_word' id='word_1_152' title='bbox 995 2390 1133 2455; x_wconf 81' lang='lat' dir='ltr'>Arcesila</span> <span class='ocrx_word' id='word_1_153' title='bbox 1144 2389 1366 2475; x_wconf 82' lang='lat' dir='ltr'>condiscipulo,</span> 
     </span>
     <span class='ocr_line' id='line_1_19' title="bbox 293 2496 1366 2584; baseline 0 -24"><span class='ocrx_word' id='word_1_154' title='bbox 293 2499 449 2584; x_wconf 89' lang='lat' dir='ltr'>ingenioso</span> <span class='ocrx_word' id='word_1_155' title='bbox 463 2499 529 2560; x_wconf 84' lang='lat' dir='ltr'>viro</span> <span class='ocrx_word' id='word_1_156' title='bbox 543 2521 550 2558; x_wconf 91' lang='lat'>:</span> <span class='ocrx_word' id='word_1_157' title='bbox 564 2498 604 2560; x_wconf 87' lang='lat' dir='ltr'>ab</span> <span class='ocrx_word' id='word_1_158' title='bbox 617 2499 683 2583; x_wconf 89' lang='lat' dir='ltr'>ipso</span> <span class='ocrx_word' id='word_1_159' title='bbox 695 2509 725 2559; x_wconf 91' lang='lat' dir='ltr'>et</span> <span class='ocrx_word' id='word_1_160' title='bbox 734 2497 842 2582; x_wconf 86' lang='lat' dir='ltr'>priscis</span> <span class='ocrx_word' id='word_1_161' title='bbox 850 2497 1002 2570; x_wconf 85' lang='lat' dir='ltr'>discessit,</span> <span class='ocrx_word' id='word_1_162' title='bbox 1017 2510 1047 2559; x_wconf 89' lang='lat' dir='ltr'>et</span> <span class='ocrx_word' id='word_1_163' title='bbox 1057 2523 1071 2552; x_wconf 76' lang='grc' dir='ltr'><strong>α</strong></span> <span class='ocrx_word' id='word_1_164' title='bbox 1084 2517 1195 2559; x_wconf 84' lang='lat' dir='ltr'>novam</span> <span class='ocrx_word' id='word_1_165' title='bbox 1206 2496 1366 2574; x_wconf 67' lang='lat' dir='ltr'>haeresim,</span> 
     </span>
     <span class='ocr_line' id='line_1_20' title="bbox 295 2603 1368 2690; baseline -0.002 -22"><span class='ocrx_word' id='word_1_166' title='bbox 295 2621 328 2668; x_wconf 91' lang='lat' dir='ltr'>ut</span> <span class='ocrx_word' id='word_1_167' title='bbox 337 2606 489 2669; x_wconf 86' lang='lat' dir='ltr'>Varronis</span> <span class='ocrx_word' id='word_1_168' title='bbox 503 2606 604 2669; x_wconf 80' lang='lat' dir='ltr'>verbis</span> <span class='ocrx_word' id='word_1_169' title='bbox 617 2607 732 2683; x_wconf 71' lang='lat' dir='ltr'>dioem,</span> <span class='ocrx_word' id='word_1_170' title='bbox 743 2627 824 2668; x_wconf 84' lang='lat' dir='ltr'>novo</span> <span class='ocrx_word' id='word_1_171' title='bbox 837 2606 950 2690; x_wconf 84' lang='lat' dir='ltr'>paxillo</span> <span class='ocrx_word' id='word_1_172' title='bbox 967 2607 1129 2689; x_wconf 86' lang='lat' dir='ltr'>suspendit.</span> <span class='ocrx_word' id='word_1_173' title='bbox 1141 2632 1157 2659; x_wconf 75' lang='lat' dir='ltr'>u</span> <span class='ocrx_word' id='word_1_174' title='bbox 1169 2603 1256 2668; x_wconf 80' lang='lat' dir='ltr'>Fecit</span> <span class='ocrx_word' id='word_1_175' title='bbox 1268 2605 1368 2666; x_wconf 87' lang='lat' dir='ltr'>simile</span> 
     </span>
     <span class='ocr_line' id='line_1_21' title="bbox 296 2710 1370 2790; baseline -0.005 -15"><span class='ocrx_word' id='word_1_176' title='bbox 296 2715 347 2775; x_wconf 90' lang='lat' dir='ltr'>ille</span> <span class='ocrx_word' id='word_1_177' title='bbox 355 2714 451 2788; x_wconf 87' lang='lat' dir='ltr'>alter,</span> <span class='ocrx_word' id='word_1_178' title='bbox 461 2735 480 2774; x_wconf 86' lang='lat' dir='ltr'>a</span> <span class='ocrx_word' id='word_1_179' title='bbox 491 2713 593 2777; x_wconf 80' lang='lat' dir='ltr'>calore</span> <span class='ocrx_word' id='word_1_180' title='bbox 606 2713 843 2790; x_wconf 86' lang='lat' dir='ltr'>contentionum,</span> <span class='ocrx_word' id='word_1_181' title='bbox 853 2725 887 2773; x_wconf 91' lang='lat' dir='ltr'>ut</span> <span class='ocrx_word' id='word_1_182' title='bbox 896 2711 930 2774; x_wconf 87' lang='lat' dir='ltr'>lit</span> <span class='ocrx_word' id='word_1_183' title='bbox 939 2756 948 2789; x_wconf 93' lang='lat'>,</span> <span class='ocrx_word' id='word_1_184' title='bbox 958 2725 989 2774; x_wconf 92' lang='lat' dir='ltr'>et</span> <span class='ocrx_word' id='word_1_185' title='bbox 996 2710 1107 2772; x_wconf 77' lang='lat' dir='ltr'>Nouum</span> <span class='ocrx_word' id='word_1_186' title='bbox 1120 2710 1307 2772; x_wconf 76' lang='lat' dir='ltr'>Academiam</span> <span class='ocrx_word' id='word_1_187' title='bbox 1318 2731 1370 2772; x_wconf 84' lang='lat' dir='ltr'>ex-</span> 
     </span>
     <span class='ocr_line' id='line_1_22' title="bbox 296 2817 1369 2903; baseline -0.003 -21"><span class='ocrx_word' id='word_1_188' title='bbox 296 2821 406 2882; x_wconf 82' lang='lat' dir='ltr'>citarit.</span> <span class='ocrx_word' id='word_1_189' title='bbox 422 2819 509 2884; x_wconf 82' lang='lat' dir='ltr'>Tuus</span> <span class='ocrx_word' id='word_1_190' title='bbox 527 2821 618 2903; x_wconf 87' lang='lat' dir='ltr'>quid?</span> <span class='ocrx_word' id='word_1_191' title='bbox 636 2841 748 2883; x_wconf 85' lang='lat' dir='ltr'>novam</span> <span class='ocrx_word' id='word_1_192' title='bbox 763 2817 938 2895; x_wconf 88' lang='lat' dir='ltr'>Porticum,</span> <span class='ocrx_word' id='word_1_193' title='bbox 959 2819 1127 2881; x_wconf 89' lang='lat' dir='ltr'>inauditum</span> <span class='ocrx_word' id='word_1_194' title='bbox 1140 2831 1228 2880; x_wconf 87' lang='lat' dir='ltr'>antea</span> <span class='ocrx_word' id='word_1_195' title='bbox 1245 2837 1369 2879; x_wconf 87' lang='lat' dir='ltr'>nomeu.</span> 
     </span>
     <span class='ocr_line' id='line_1_23' title="bbox 295 2922 1369 3009; baseline -0.002 -21"><span class='ocrx_word' id='word_1_196' title='bbox 295 2925 337 2988; x_wconf 87' lang='lat' dir='ltr'>Et</span> <span class='ocrx_word' id='word_1_197' title='bbox 353 2948 419 2989; x_wconf 89' lang='lat' dir='ltr'>rem</span> <span class='ocrx_word' id='word_1_198' title='bbox 435 2928 461 2988; x_wconf 88' lang='lat' dir='ltr'>si</span> <span class='ocrx_word' id='word_1_199' title='bbox 475 2928 632 3002; x_wconf 70' lang='lat' dir='ltr'>sensuris,</span> <span class='ocrx_word' id='word_1_200' title='bbox 648 2927 696 2986; x_wconf 85' lang='lat' dir='ltr'>vix</span> <span class='ocrx_word' id='word_1_201' title='bbox 711 2927 743 2986; x_wconf 92' lang='lat' dir='ltr'>iu</span> <span class='ocrx_word' id='word_1_202' title='bbox 761 2945 796 2988; x_wconf 90' lang='lat' dir='ltr'>ea</span> <span class='ocrx_word' id='word_1_203' title='bbox 810 2945 928 3009; x_wconf 87' lang='lat' dir='ltr'>pugna,</span> <span class='ocrx_word' id='word_1_204' title='bbox 945 2925 1042 2987; x_wconf 86' lang='lat' dir='ltr'>sedin</span> <span class='ocrx_word' id='word_1_205' title='bbox 1057 2923 1157 2987; x_wconf 83' lang='lat' dir='ltr'>verbis</span> <span class='ocrx_word' id='word_1_206' title='bbox 1170 2922 1369 3005; x_wconf 79' lang='lat' dir='ltr'>lormnlisque</span> 
     </span>
     <span class='ocr_line' id='line_1_24' title="bbox 296 3029 1369 3114; baseline -0.003 -20"><span class='ocrx_word' id='word_1_207' title='bbox 296 3033 360 3094; x_wconf 87' lang='lat' dir='ltr'>fuit.</span> <span class='ocrx_word' id='word_1_208' title='bbox 376 3029 486 3096; x_wconf 88' lang='lat' dir='ltr'>Cicero</span> <span class='ocrx_word' id='word_1_209' title='bbox 505 3055 514 3090; x_wconf 80' lang='grc' dir='ltr'><strong>ι</strong></span> <span class='ocrx_word' id='word_1_210' title='bbox 533 3059 548 3086; x_wconf 75' lang='grc' dir='ltr'>«ι</span> <span class='ocrx_word' id='word_1_211' title='bbox 566 3031 649 3093; x_wconf 78' lang='lat' dir='ltr'>Zeno</span> <span class='ocrx_word' id='word_1_212' title='bbox 664 3051 784 3113; x_wconf 82' lang='lat' dir='ltr'>quoque</span> <span class='ocrx_word' id='word_1_213' title='bbox 799 3051 907 3092; x_wconf 85' lang='lat' dir='ltr'>eoram</span> <span class='ocrx_word' id='word_1_214' title='bbox 921 3031 1079 3114; x_wconf 87' lang='lat' dir='ltr'>princeps,</span> <span class='ocrx_word' id='word_1_215' title='bbox 1101 3049 1164 3094; x_wconf 92' lang='lat' dir='ltr'>non</span> <span class='ocrx_word' id='word_1_216' title='bbox 1181 3041 1246 3090; x_wconf 77' lang='lat' dir='ltr'>tarn</span> <span class='ocrx_word' id='word_1_217' title='bbox 1263 3050 1369 3092; x_wconf 88' lang='lat' dir='ltr'>rerum</span> 
     </span>
     <span class='ocr_line' id='line_1_25' title="bbox 295 3132 1368 3218; baseline -0.005 -18"><span class='ocrx_word' id='word_1_218' title='bbox 295 3139 434 3200; x_wconf 78' lang='lat' dir='ltr'>inventor</span> <span class='ocrx_word' id='word_1_219' title='bbox 443 3136 499 3198; x_wconf 85' lang='lat' dir='ltr'>suit</span> <span class='ocrx_word' id='word_1_220' title='bbox 508 3157 600 3218; x_wconf 88' lang='lat' dir='ltr'>qnam</span> <span class='ocrx_word' id='word_1_221' title='bbox 610 3136 774 3199; x_wconf 82' lang='lat' dir='ltr'>verborum</span> <span class='ocrx_word' id='word_1_222' title='bbox 787 3157 946 3198; x_wconf 82' lang='lat' dir='ltr'>uovormn.</span> <span class='ocrx_word' id='word_1_223' title='bbox 961 3163 977 3191; x_wconf 78' lang='grc' dir='ltr'>ι»</span> <span class='ocrx_word' id='word_1_224' title='bbox 992 3135 1053 3216; x_wconf 91' lang='lat' dir='ltr'>(lll</span> <span class='ocrx_word' id='word_1_225' title='bbox 1067 3135 1118 3200; x_wconf 80' lang='lat' dir='ltr'>De</span> <span class='ocrx_word' id='word_1_226' title='bbox 1129 3133 1214 3212; x_wconf 76' lang='lat' dir='ltr'>Pin.)</span> <span class='ocrx_word' id='word_1_227' title='bbox 1227 3132 1345 3197; x_wconf 87' lang='lat' dir='ltr'>lterum</span> <span class='ocrx_word' id='word_1_228' title='bbox 1360 3159 1368 3194; x_wconf 89' lang='lat'>:</span> 
     </span>
     <span class='ocr_line' id='line_1_26' title="bbox 298 3240 1371 3330; baseline -0.004 -23"><span class='ocrx_word' id='word_1_229' title='bbox 298 3275 313 3300; x_wconf 70' lang='lat' dir='ltr'>c«</span> <span class='ocrx_word' id='word_1_230' title='bbox 329 3244 455 3307; x_wconf 74' lang='lat' dir='ltr'>Aduena</span> <span class='ocrx_word' id='word_1_231' title='bbox 469 3243 607 3324; x_wconf 77' lang='lat' dir='ltr'>quidm,</span> <span class='ocrx_word' id='word_1_232' title='bbox 626 3255 657 3304; x_wconf 91' lang='lat' dir='ltr'>et</span> <span class='ocrx_word' id='word_1_233' title='bbox 669 3241 810 3326; x_wconf 79' lang='lat' dir='ltr'>ignobilis</span> <span class='ocrx_word' id='word_1_234' title='bbox 823 3242 988 3306; x_wconf 79' lang='lat' dir='ltr'>verborum</span> <span class='ocrx_word' id='word_1_235' title='bbox 1004 3243 1113 3327; x_wconf 79' lang='lat' dir='ltr'>opifex.</span> <span class='ocrx_word' id='word_1_236' title='bbox 1131 3271 1150 3330; x_wconf 58' lang='lat' dir='ltr'>»g</span> <span class='ocrx_word' id='word_1_237' title='bbox 1163 3241 1212 3326; x_wconf 84' lang='lat' dir='ltr'>(V</span> <span class='ocrx_word' id='word_1_238' title='bbox 1226 3240 1371 3321; x_wconf 75' lang='lat' dir='ltr'>Tuscus.)</span> 
     </span>
     <span class='ocr_line' id='line_1_27' title="bbox 295 3345 1371 3433; baseline -0.006 -19"><span class='ocrx_word' id='word_1_239' title='bbox 295 3351 400 3433; x_wconf 85' lang='lat' dir='ltr'>ltaque</span> <span class='ocrx_word' id='word_1_240' title='bbox 415 3370 482 3431; x_wconf 78' lang='lat' dir='ltr'>quoe</span> <span class='ocrx_word' id='word_1_241' title='bbox 503 3347 556 3409; x_wconf 82' lang='lat' dir='ltr'>alli</span> <span class='ocrx_word' id='word_1_242' title='bbox 579 3347 676 3410; x_wconf 81' lang='lat' dir='ltr'>adhuc</span> <span class='ocrx_word' id='word_1_243' title='bbox 695 3349 769 3408; x_wconf 81' lang='lat' dir='ltr'>bona</span> <span class='ocrx_word' id='word_1_244' title='bbox 779 3345 907 3425; x_wconf 70' lang='lat' dir='ltr'>firmana</span> <span class='ocrx_word' id='word_1_245' title='bbox 923 3359 974 3409; x_wconf 83' lang='lat' dir='ltr'>aut</span> <span class='ocrx_word' id='word_1_246' title='bbox 998 3351 1138 3430; x_wconf 72' lang='lat' dir='ltr'>corpores,</span> <span class='ocrx_word' id='word_1_247' title='bbox 1160 3347 1210 3410; x_wconf 86' lang='lat' dir='ltr'>ltlc</span> <span class='ocrx_word' id='word_1_248' title='bbox 1229 3348 1371 3430; x_wconf 74' lang='lat' dir='ltr'>pmdicta</span> 
     </span>
     <span class='ocr_line' id='line_1_28' title="bbox 297 3452 1370 3552; baseline -0.007 -32"><span class='ocrx_word' id='word_1_249' title='bbox 297 3457 405 3520; x_wconf 88' lang='lat' dir='ltr'>maluit</span> <span class='ocrx_word' id='word_1_250' title='bbox 418 3456 518 3519; x_wconf 91' lang='lat' dir='ltr'>dicere</span> <span class='ocrx_word' id='word_1_251' title='bbox 535 3478 543 3515; x_wconf 81' lang='grc' dir='ltr'><strong>ι</strong></span> <span class='ocrx_word' id='word_1_252' title='bbox 559 3477 625 3536; x_wconf 70' lang='lat' dir='ltr'>qun</span> <span class='ocrx_word' id='word_1_253' title='bbox 646 3453 691 3515; x_wconf 92' lang='lat' dir='ltr'>illi</span> <span class='ocrx_word' id='word_1_254' title='bbox 712 3455 791 3514; x_wconf 83' lang='lat' dir='ltr'>muln</span> <span class='ocrx_word' id='word_1_255' title='bbox 810 3455 946 3537; x_wconf 82' lang='lat' dir='ltr'>ejusdem</span> <span class='ocrx_word' id='word_1_256' title='bbox 964 3453 1102 3537; x_wconf 86' lang='lat' dir='ltr'>generis,</span> <span class='ocrx_word' id='word_1_257' title='bbox 1119 3453 1170 3516; x_wconf 87' lang='lat' dir='ltr'>hic</span> <span class='ocrx_word' id='word_1_258' title='bbox 1181 3452 1370 3552; x_wconf 42' lang='lat' dir='ltr'>pp&#39;e‘ctomm</span> 
     </span>
     <span class='ocr_line' id='line_1_29' title="bbox 299 3557 1371 3645; baseline -0.007 -19"><span class='ocrx_word' id='word_1_259' title='bbox 299 3578 328 3626; x_wconf 92' lang='lat' dir='ltr'>et</span> <span class='ocrx_word' id='word_1_260' title='bbox 348 3563 419 3626; x_wconf 81' lang='lat' dir='ltr'>talia</span> <span class='ocrx_word' id='word_1_261' title='bbox 439 3561 606 3645; x_wconf 86' lang='lat' dir='ltr'>complura.</span> <span class='ocrx_word' id='word_1_262' title='bbox 625 3559 739 3621; x_wconf 87' lang='lat' dir='ltr'>Totum</span> <span class='ocrx_word' id='word_1_263' title='bbox 761 3557 852 3620; x_wconf 92' lang='lat' dir='ltr'>etiam</span> <span class='ocrx_word' id='word_1_264' title='bbox 874 3559 1006 3622; x_wconf 86' lang='lat' dir='ltr'>discendi</span> <span class='ocrx_word' id='word_1_265' title='bbox 1028 3579 1122 3642; x_wconf 88' lang='lat' dir='ltr'>genus</span> <span class='ocrx_word' id='word_1_266' title='bbox 1141 3557 1304 3621; x_wconf 88' lang='lat' dir='ltr'>obscurum</span> <span class='ocrx_word' id='word_1_267' title='bbox 1318 3571 1371 3620; x_wconf 85' lang='lat' dir='ltr'>aut</span> 
     </span>
     <span class='ocr_line' id='line_1_30' title="bbox 297 3663 1370 3752; baseline -0.005 -19"><span class='ocrx_word' id='word_1_268' title='bbox 297 3685 387 3734; x_wconf 90' lang='lat' dir='ltr'>tenue</span> <span class='ocrx_word' id='word_1_269' title='bbox 405 3693 413 3730; x_wconf 76' lang='grc' dir='ltr'><strong>ε</strong></span> <span class='ocrx_word' id='word_1_270' title='bbox 430 3669 507 3731; x_wconf 80' lang='lat' dir='ltr'>nihil</span> <span class='ocrx_word' id='word_1_271' title='bbox 530 3667 711 3752; x_wconf 86' lang='lat' dir='ltr'>procopia,</span> <span class='ocrx_word' id='word_1_272' title='bbox 734 3664 894 3748; x_wconf 82' lang='lat' dir='ltr'>dignitate,</span> <span class='ocrx_word' id='word_1_273' title='bbox 910 3677 961 3726; x_wconf 88' lang='lat' dir='ltr'>aut</span> <span class='ocrx_word' id='word_1_274' title='bbox 973 3664 1041 3727; x_wconf 88' lang='lat' dir='ltr'>lnce</span> <span class='ocrx_word' id='word_1_275' title='bbox 1061 3665 1262 3746; x_wconf 85' lang='lat' dir='ltr'>antiquorum.</span> <span class='ocrx_word' id='word_1_276' title='bbox 1283 3663 1370 3729; x_wconf 87' lang='lat' dir='ltr'>ldern</span> 
     </span>
     <span class='ocr_line' id='line_1_31' title="bbox 300 3767 1445 3856; baseline -0.004 -16"><span class='ocrx_word' id='word_1_277' title='bbox 300 3775 411 3840; x_wconf 87' lang='lat' dir='ltr'>Cicero</span> <span class='ocrx_word' id='word_1_278' title='bbox 424 3779 478 3856; x_wconf 88' lang='lat' dir='ltr'>(et</span> <span class='ocrx_word' id='word_1_279' title='bbox 495 3775 562 3856; x_wconf 88' lang='lat' dir='ltr'>quis</span> <span class='ocrx_word' id='word_1_280' title='bbox 575 3772 686 3834; x_wconf 89' lang='lat' dir='ltr'>melior</span> <span class='ocrx_word' id='word_1_281' title='bbox 703 3769 754 3832; x_wconf 83' lang='lat' dir='ltr'>laio</span> <span class='ocrx_word' id='word_1_282' title='bbox 775 3769 881 3852; x_wconf 81' lang='lat' dir='ltr'>judex?</span> <span class='ocrx_word' id='word_1_283' title='bbox 894 3771 909 3847; x_wconf 90' lang='lat'><em>)</em></span> <span class='ocrx_word' id='word_1_284' title='bbox 921 3793 928 3829; x_wconf 92' lang='lat'><strong>:</strong></span> <span class='ocrx_word' id='word_1_285' title='bbox 942 3797 957 3824; x_wconf 74' lang='grc' dir='ltr'>α</span> <span class='ocrx_word' id='word_1_286' title='bbox 978 3767 1149 3834; x_wconf 88' lang='lat' dir='ltr'>Stoicorum</span> <span class='ocrx_word' id='word_1_287' title='bbox 1169 3793 1231 3833; x_wconf 94' lang='lat' dir='ltr'>non</span> <span class='ocrx_word' id='word_1_288' title='bbox 1248 3771 1371 3855; x_wconf 87' lang='lat' dir='ltr'>ignoras</span> <span class='ocrx_word' id='word_1_289' title='bbox 1444 3823 1445 3834; x_wconf 65' lang='grc'>,</span> 
     </span>
     <span class='ocr_line' id='line_1_32' title="bbox 300 3875 1370 3966; baseline -0.006 -21"><span class='ocrx_word' id='word_1_290' title='bbox 300 3904 391 3966; x_wconf 84' lang='lat' dir='ltr'>quarn</span> <span class='ocrx_word' id='word_1_291' title='bbox 404 3883 443 3944; x_wconf 92' lang='lat' dir='ltr'>sit</span> <span class='ocrx_word' id='word_1_292' title='bbox 454 3881 582 3953; x_wconf 83' lang='lat' dir='ltr'>subtile,</span> <span class='ocrx_word' id='word_1_293' title='bbox 599 3878 649 3940; x_wconf 77' lang='lat' dir='ltr'>vel</span> <span class='ocrx_word' id='word_1_294' title='bbox 663 3877 818 3960; x_wconf 73' lang='lat' dir='ltr'>spinosum</span> <span class='ocrx_word' id='word_1_295' title='bbox 830 3875 949 3959; x_wconf 86' lang='lat' dir='ltr'>potius,</span> <span class='ocrx_word' id='word_1_296' title='bbox 966 3875 1130 3938; x_wconf 64' lang='lat' dir='ltr'>ducemndi</span> <span class='ocrx_word' id='word_1_297' title='bbox 1144 3897 1249 3961; x_wconf 87' lang='lat' dir='ltr'>genus.</span> <span class='ocrx_word' id='word_1_298' title='bbox 1268 3904 1284 3932; x_wconf 74' lang='lat' dir='ltr'>u</span> <span class='ocrx_word' id='word_1_299' title='bbox 1302 3876 1370 3956; x_wconf 95' lang='lat' dir='ltr'>(lll</span> 
     </span>
     <span class='ocr_line' id='line_1_33' title="bbox 299 3982 1371 4066; baseline -0.007 -13"><span class='ocrx_word' id='word_1_300' title='bbox 299 3990 350 4053; x_wconf 85' lang='lat' dir='ltr'>De</span> <span class='ocrx_word' id='word_1_301' title='bbox 360 3985 536 4065; x_wconf 75' lang='lat' dir='ltr'>Fin.)lllibi</span> <span class='ocrx_word' id='word_1_302' title='bbox 550 4009 557 4044; x_wconf 89' lang='lat'>:</span> <span class='ocrx_word' id='word_1_303' title='bbox 572 4013 587 4039; x_wconf 75' lang='grc' dir='ltr'><strong><em>κ</em></strong></span> <span class='ocrx_word' id='word_1_304' title='bbox 596 3983 725 4046; x_wconf 87' lang='lat' dir='ltr'>Vellunt</span> <span class='ocrx_word' id='word_1_305' title='bbox 733 3985 772 4045; x_wconf 91' lang='lat' dir='ltr'>de</span> <span class='ocrx_word' id='word_1_306' title='bbox 781 3982 890 4066; x_wconf 82' lang='lat' dir='ltr'>spinis,</span> <span class='ocrx_word' id='word_1_307' title='bbox 902 3995 990 4064; x_wconf 82' lang='lat' dir='ltr'>atque</span> <span class='ocrx_word' id='word_1_308' title='bbox 1000 4003 1067 4046; x_wconf 90' lang='lat' dir='ltr'>ossa</span> <span class='ocrx_word' id='word_1_309' title='bbox 1078 3987 1204 4046; x_wconf 73' lang='lat' dir='ltr'>nudant.</span> <span class='ocrx_word' id='word_1_310' title='bbox 1215 4011 1229 4040; x_wconf 74' lang='grc' dir='ltr'><strong>α</strong></span> <span class='ocrx_word' id='word_1_311' title='bbox 1241 3982 1305 4063; x_wconf 81' lang='lat' dir='ltr'>(tv</span> <span class='ocrx_word' id='word_1_312' title='bbox 1317 3982 1371 4046; x_wconf 86' lang='lat' dir='ltr'>lle</span> 
     </span>
     <span class='ocr_line' id='line_1_34' title="bbox 300 4087 1372 4175; baseline -0.003 -17"><span class='ocrx_word' id='word_1_313' title='bbox 300 4095 389 4174; x_wconf 83' lang='lat' dir='ltr'>Fin.)</span> <span class='ocrx_word' id='word_1_314' title='bbox 403 4094 600 4173; x_wconf 78' lang='lat' dir='ltr'>lterumque:</span> <span class='ocrx_word' id='word_1_315' title='bbox 623 4119 639 4146; x_wconf 76' lang='lat' dir='ltr'>u</span> <span class='ocrx_word' id='word_1_316' title='bbox 653 4087 807 4174; x_wconf 88' lang='lat' dir='ltr'>Pungunt,</span> <span class='ocrx_word' id='word_1_317' title='bbox 824 4091 909 4172; x_wconf 77' lang='lat' dir='ltr'>qtsasi</span> <span class='ocrx_word' id='word_1_318' title='bbox 928 4091 1057 4168; x_wconf 88' lang='lat' dir='ltr'>aculeis,</span> <span class='ocrx_word' id='word_1_319' title='bbox 1078 4091 1372 4175; x_wconf 84' lang='lat' dir='ltr'>interrogatiunculis</span> 
     </span>
     <span class='ocr_line' id='line_1_35' title="bbox 300 4197 1372 4286; baseline -0.005 -20"><span class='ocrx_word' id='word_1_320' title='bbox 300 4202 417 4286; x_wconf 77' lang='lat' dir='ltr'>angusti</span> <span class='ocrx_word' id='word_1_321' title='bbox 442 4224 450 4261; x_wconf 82' lang='grc' dir='ltr'><strong>ι</strong></span> <span class='ocrx_word' id='word_1_322' title='bbox 472 4198 579 4283; x_wconf 82' lang='lat' dir='ltr'>quibus</span> <span class='ocrx_word' id='word_1_323' title='bbox 604 4197 696 4260; x_wconf 84' lang='lat' dir='ltr'>etiam</span> <span class='ocrx_word' id='word_1_324' title='bbox 720 4197 772 4278; x_wconf 85' lang='lat' dir='ltr'>qui</span> <span class='ocrx_word' id='word_1_325' title='bbox 798 4198 1019 4274; x_wconf 82' lang='lat' dir='ltr'>assentiuntur,</span> <span class='ocrx_word' id='word_1_326' title='bbox 1043 4197 1119 4258; x_wconf 89' lang='lat' dir='ltr'>nihil</span> <span class='ocrx_word' id='word_1_327' title='bbox 1140 4214 1372 4262; x_wconf 88' lang='lat' dir='ltr'>commoventur</span> 
     </span>
     <span class='ocr_line' id='line_1_36' title="bbox 299 4301 1371 4387; baseline -0.002 -17"><span class='ocrx_word' id='word_1_328' title='bbox 299 4308 402 4372; x_wconf 87' lang='lat' dir='ltr'>auimo</span> <span class='ocrx_word' id='word_1_329' title='bbox 420 4331 427 4368; x_wconf 78' lang='grc' dir='ltr'><strong>ι</strong></span> <span class='ocrx_word' id='word_1_330' title='bbox 445 4319 475 4370; x_wconf 86' lang='lat' dir='ltr'>et</span> <span class='ocrx_word' id='word_1_331' title='bbox 490 4305 582 4367; x_wconf 88' lang='lat' dir='ltr'>iidem</span> <span class='ocrx_word' id='word_1_332' title='bbox 597 4303 726 4382; x_wconf 88' lang='lat' dir='ltr'>abeunt,</span> <span class='ocrx_word' id='word_1_333' title='bbox 740 4303 793 4387; x_wconf 84' lang='lat' dir='ltr'>qui</span> <span class='ocrx_word' id='word_1_334' title='bbox 805 4317 950 4369; x_wconf 71' lang='lat' dir='ltr'>venerant</span> <span class='ocrx_word' id='word_1_335' title='bbox 965 4331 980 4360; x_wconf 72' lang='lat' dir='ltr'>n</span> <span class='ocrx_word' id='word_1_336' title='bbox 1001 4302 1117 4386; x_wconf 85' lang='lat' dir='ltr'>(lbid.)</span> <span class='ocrx_word' id='word_1_337' title='bbox 1127 4301 1188 4367; x_wconf 88' lang='lat' dir='ltr'>Sed</span> <span class='ocrx_word' id='word_1_338' title='bbox 1203 4317 1233 4367; x_wconf 89' lang='lat' dir='ltr'>et</span> <span class='ocrx_word' id='word_1_339' title='bbox 1246 4303 1317 4383; x_wconf 85' lang='lat' dir='ltr'>alii,</span> <span class='ocrx_word' id='word_1_340' title='bbox 1330 4306 1371 4368; x_wconf 90' lang='lat' dir='ltr'>ab</span> 
     </span>
    </p>
   </div>
   <div class='ocr_carea' id='block_1_4' title="bbox 0 0 1478 4958">
    <p class='ocr_par' dir='ltr' id='par_1_7' title="bbox 0 0 1478 4958">
     <span class='ocr_line' id='line_1_37' title="bbox 0 0 1478 4958; baseline 0 0"><span class='ocrx_word' id='word_1_341' title='bbox 0 0 1478 4958; x_wconf 95' lang='lat' dir='ltr'> </span> 
     </span>
    </p>
   </div>
  </div>
 </body>
</html>
