2910 4954
127 533 129 538 J
209 651 276 770 L.
315 649 620 772 Auum
663 649 1035 776 sunnon
1154 793 1162 814 ⁸

446 965 578 1109 DE
625 963 805 1110 IRA

352 1297 548 1384 LIBER
588 1297 889 1385 TERTIUS.

420 1559 423 1568 ¹
479 1553 767 1593 -ι--οο-ι--ἓ-

95 1769 169 1838 Cir.
187 1775 215 1840 1.
237 1737 368 1864 Quen
385 1777 529 1846 maxime
542 1775 765 1860 desiderasti,
781 1777 930 1858 Novate,
947 1799 1041 1845 nuno
1054 1777 1165 1846 facere
1195 1821 1205 1854 2

96 1889 320 1974 tentabimus,
337 1891 423 1958 iram
440 1891 598 1961 excidere
610 1893 754 1976 animis,
771 1906 830 1959 aut
844 1906 937 1960 certe
955 1892 1163 1974 neumare,

97 2019 129 2070 et
146 2007 295 2101 impetus
314 2008 389 2100 ejus
406 2009 578 2079 inhibere.
596 2009 637 2079 ld
650 2008 834 2104 aliquando
851 2009 962 2103 palam
980 2026 1168 2104 aperteque

96 2119 289 2190 faciendum
307 2140 383 2207 est,
401 2125 462 2192 ubi
476 2127 587 2194 minor
598 2127 650 2194 vis
662 2125 740 2194 maii
754 2127 884 2220 patitur
899 2153 909 2211 3
924 2125 1108 2218 aliquando
1126 2149 1168 2194 ox

95 2237 248 2322 occuito,
268 2239 329 2307 ubi
341 2241 484 2308 nimium
497 2241 617 2326 ardet,
639 2243 799 2335 omnique
815 2239 1059 2336 impedimento
1071 2266 1168 2311 exas-

96 2372 236 2444 peratur
253 2371 288 2423 et
306 2358 439 2425 crescit.
459 2359 600 2442 Refert,
622 2374 766 2452 quantas
783 2358 895 2442 vires,
920 2383 1091 2452 quamque
1116 2360 1170 2428 in·

93 2487 207 2564 tegnas
220 2473 346 2541 habeat
361 2503 370 2560 3
385 2491 545 2542 utrumne
558 2473 771 2544 verberando
785 2479 793 2510 ¹
810 2491 845 2541 et
857 2473 992 2568 agenda
1006 2491 1099 2543 retro
1110 2477 1166 2560 sit,
1269 2564 1272 2576 Ι

124 2669 236 2722 [Ano.
248 2671 290 2722 ire
305 2671 397 2722 rnimis
414 2658 551 2724 excidenda
565 2683 608 2723 ent
657 2669 742 2722 brevia
755 2689 806 2723 esse
815 2657 951 2736 videntur,
965 2683 1127 2724 consectetur.
1136 2672 1171 2723 At

93 2759 157 2798 terte
177 2747 339 2802 refrenanda
352 2787 360 2812 ,
380 2748 482 2820 ejusque
501 2749 608 2823 impetus
656 2767 717 2800 vero
729 2748 778 2800 boe
789 2748 821 2800 ab
829 2769 859 2802 eo
871 2748 971 2801 dicendi
982 2769 1088 2824 genere,
1100 2751 1171 2824 quod

92 2824 252 2880 inhibendus
272 2841 315 2880 est.
334 2828 418 2880 Docet
436 2841 536 2892 autem,
558 2829 608 2880 boc
657 2825 748 2877 Noster
759 2826 885 2900 pretulit,
904 2827 988 2880 incisis
1001 2839 1025 2880 et
1044 2827 1170 2880 antithesi·

93 2923 145 2956 non
155 2923 214 2958 uno
233 2905 373 2978 eodemque
390 2907 468 2960 modo
485 2905 540 2960 beri
558 2905 610 2958 ‹le-
658 2903 705 2955 bus
724 2903 886 2970 abundante,
904 2903 974 2958 bend
993 2906 1067 2959 ieciie
1086 2925 1170 2980 segre·

93 2979 150 3034 bere
159 3019 168 3046 ,
178 2982 227 3034 sed
236 3003 282 3056 pro
291 2983 404 3036 moribus
414 2985 535 3056 cujusque
545 3005 610 3039 eon·
660 2982 773 3055 gendum
784 2995 828 3036 est.
849 2981 1004 3054 anquem
1015 3003 1073 3036 enm
1084 2984 1170 3058 lipsio

91 3059 177 3112 silium
189 3061 344 3134 capiendum
353 3083 405 3116 esse
417 3063 609 3138 ,objurgatione
659 3059 833 3114 confitendum
841 3075 894 3128 est,
905 3061 1046 3114 orationem
1054 3061 1103 3114 boe
1113 3061 1170 3114 loeo

93 3157 114 3187 e.
130 3159 152 3190 e.
164 3139 350 3206 meticulosos,
365 3161 500 3216 generosos
512 3163 541 3197 ac
554 3165 611 3218 pro-
660 3159 712 3191 esse
736 3138 905 3211 eltiioqnem,
929 3157 1112 3203 numerosam,
1132 3149 1171 3191 so-

92 3214 136 3268 bos
154 3218 322 3270 confessione
341 3232 415 3290 utque
429 3219 542 3294 pudore,
564 3235 610 3275 etc.
660 3229 779 3282 nentem,
792 3228 817 3270 et
833 3217 986 3292 imaginibus
1003 3217 1171 3290 exemplisque

91 3293 122 3344 eb
135 3295 175 3346 ire
187 3295 368 3351 cohibendos:
385 3317 481 3352 rnorem
497 3319 556 3352 vero
567 3321 611 3354 seu
660 3295 694 3347 ed
713 3295 757 3347 itte
777 3295 898 3348 ieroeiem
919 3296 1074 3350 efferendum
1093 3296 1172 3350 edhi-

92 3369 249 3425 diletionem
274 3373 410 3428 novissime
432 3374 611 3430 adhibendam.
660 3371 718 3424 bitis
732 3373 831 3446 egregie
844 3373 995 3427 distinctum.
1010 3375 1135 3428 Ceterum
1148 3388 1173 3427 et

90 3453 152 3506 Περ
165 3453 256 3528 prime
268 3453 348 3526 capita
368 3457 378 3520 (
392 3453 471 3519 1-4)
490 3455 612 3513 introdu-
661 3447 703 3502 hie
718 3451 838 3503 Nostrum
853 3466 939 3505 contre
950 3453 1109 3506 Aristotelem
1126 3475 1172 3528 pn-

91 3529 185 3583 etionis
199 3543 264 3583 eunt
280 3531 337 3585 loeo
350 3532 378 3586 iu
390 3531 610 3604 disquisitionem,
661 3547 754 3602 gnate,
765 3530 810 3601 qui
824 3529 893 3583 bunc
904 3531 1024 3583 affectum
1037 3551 1172 3584 excusave-

88 3629 168 3679 quam
182 3609 234 3664 lib.
244 3609 279 3674 ΙΙ,
287 3630 308 3663 e.
318 3611 349 3664 ¹8
356 3624 530 3686 proposuerat,
538 3631 612 3664 mon·
661 3619 699 3660 ret
707 3645 715 3673 ,
723 3607 831 3662 breviter
840 3627 981 3662 monemus.

90 3690 613 3760 mmmquomodoimitretmmda.
698 3705 720 3739 ι.
733 3687 857 3759 Μαι-1....
869 3699 989 3740 utrumne
1002 3687 1174 3740 verberando.

91 3766 216 3822 Procedit
230 3767 316 3840 itaque
328 3768 407 3821 oratio
425 3769 458 3821 ed
477 3767 612 3822 discrimen
662 3764 749 3818 bettio
761 3764 816 3818 ben
827 3765 892 3818 bene
903 3784 929 3817 se
936 3763 1027 3818 babet:
1037 3785 1120 3838 neque
1130 3766 1174 3820 ed·
1240 3823 1242 3828 ,

89 3847 132 3898 ire
147 3867 163 3900 a
183 3847 286 3900 ceteris
297 3846 429 3900 eiieetibus
441 3847 613 3899 demonstran·
662 3844 784 3898 mittenda
796 3856 833 3896 est
842 3844 867 3896 J.
878 3843 914 3896 tt.
923 3842 1078 3917 Heusingeri
1088 3863 1174 3897 emen·

90 3923 168 3979 dnm:
180 3945 239 3996 qna
251 3923 314 3977 inre
323 3923 482 3998 repetitiones
491 3922 612 3994 quosdam
663 3921 732 3975 detio
747 3920 889 3990 (Emendd.
901 3940 959 3995 pag.
979 3921 1063 3988 232),
1085 3931 1174 3975 utrum

88 4023 229 4058 eeeurrere
252 4001 323 4056 tacite
340 3999 476 4074 intelliges.
487 4001 533 4052 Est
545 4001 612 4052 enirn
663 3999 858 4054 reverberanda.
880 3997 997 4052 Occurrit
1017 3998 1121 4070 quidem
1147 4004 1175 4054 eb

87 4081 137 4136 boe
155 4083 187 4138 in
203 4079 278 4134 vitiis
293 4079 410 4144 Seneca,
428 4091 475 4144 ut,
493 4077 614 4136 brevitate
663 4079 824 4131 reverberare
838 4077 906 4154 apud
917 4076 1055 4143 Nostrum,
1069 4081 1175 4155 exempli

88 4160 240 4217 identidem
256 4157 358 4212 obseura
376 4158 480 4230 quesite
492 4195 500 4220 ,
514 4156 614 4231 proliri-
663 4175 754 4224 eeuse,
770 4157 896 4211 Clement-
910 4155 955 4211 lib.
966 4157 1038 4221 lt,e
1049 4159 1080 4222 5,
1090 4159 1135 4214 ubi
1144 4161 1176 4213 de

87 4255 165 4295 tatem
176 4239 240 4294 eliis
249 4235 325 4307 loeis,
334 4237 448 4308 adeoque
457 4236 485 4288 in
496 4235 527 4290 iis
537 4273 544 4302 ,
557 4255 613 4306 que
664 4235 773 4308 sapiente
784 4254 791 4289 t
804 4255 927 4290 «omnem
938 4237 1046 4291 fortune
1057 4237 1120 4292 irem
1131 4253 1178 4292 re-

161 4325 193 4393 1.
985 4317 1067 4380 8·
