2930 4956
314 434 383 502 lxiv
503 431 534 498 J.
561 431 729 502 LIPSII
754 433 1210 506 MANUDUCTIONIS

312 575 419 656 inquit,
431 594 524 656 quum
534 573 703 658 Antigonus
716 573 970 638 Acrocorinthum
982 598 1051 638 etun
1065 577 1167 640 valido
1180 575 1324 660 praesidio
1335 577 1392 640 ob-

313 683 423 744 tineret
434 725 443 760 ,
456 701 550 762 quum
564 680 641 742 alios
654 701 755 765 pugna
765 680 860 743 victos
870 681 1026 745 interemit
1038 729 1047 760 ,
1061 696 1127 746 tum
1138 685 1238 768 ipsum
1254 683 1393 746 custodis

311 785 672 873 praelectumPersaeum.
688 814 703 841 n
728 784 816 866 (Lib.
844 785 903 872 ll.)
925 787 1021 852 Iterat
1043 789 1102 854 hoc
1127 791 1228 874 ipsum
1252 802 1360 872 postea
1385 813 1391 849 :

314 892 451 955 «Aratus
465 903 495 954 et
505 888 641 976 Sicyonii
655 891 827 974 praesidiuru
837 890 1051 956 Acrocorinthi
1067 907 1164 956 totum
1176 895 1352 978 ejecerunt,
1368 907 1396 954 et

311 999 527 1062 interfecerunt
547 994 702 1060 Perssemn
726 997 826 1081 ipsum
844 997 884 1060 ab
903 997 1058 1084 Antigono
1080 1001 1318 1085 praepositum.»
1337 1002 1351 1078 (
1361 998 1395 1061 ln

310 1104 433 1170 Achaic.
444 1102 469 1166 l.
483 1101 668 1185 thuaneus
680 1101 744 1166 haec
755 1103 828 1166 talia
840 1119 962 1182 namat,
981 1105 1112 1170 illudens
1122 1105 1392 1190 Philosophastro,

311 1226 342 1275 et
362 1212 405 1274 ait
423 1231 514 1286 eurn,
542 1235 557 1262 ιι
571 1210 642 1270 dtmr
666 1209 793 1271 assiduis
813 1210 1091 1295 compotationibus
1111 1213 1268 1298 indulget,
1292 1234 1395 1275 arcem

312 1320 411 1402 ipsam
423 1337 493 1380 cum
504 1309 656 1379 Corintho
669 1315 826 1388 amisisses
842 1315 929 1378 illrun
941 1361 951 1394 ,
965 1318 1016 1399 qni
1027 1331 1117 1382 autea
1131 1319 1163 1381 in
1177 1320 1239 1383 suis
1249 1322 1289 1382 ad
1299 1320 1396 1382 Zeno-

313 1445 386 1488 nem
407 1421 549 1506 Dialogis
564 1423 777 1494 contenderat,
797 1419 912 1484 omma
928 1426 1125 1508 nctesacere
1141 1428 1307 1509 sapientem
1316 1468 1327 1498 ,
1347 1437 1397 1486 at-

313 1552 368 1613 que
380 1530 505 1588 unr'cum
519 1525 593 1586 belli
604 1523 711 1586 ducem
724 1549 798 1588 esse.
810 1555 825 1582 u
842 1525 932 1608 (Lib.
943 1527 1001 1590 IV.
1011 1531 1026 1608 )
1036 1529 1137 1613 Atque
1152 1531 1218 1614 ipsc
1229 1529 1397 1594 Plutarcho

313 1634 460 1719 propior,
481 1637 595 1694 ἐκπεσεῖν
605 1633 747 1694 duntaxat
757 1675 766 1706 ,
778 1634 923 1696 excs'drise
937 1655 1008 1698 eum
1020 1636 1143 1710 scribit,
1161 1658 1224 1698 non
1236 1637 1398 1700 interiisse.

313 1739 440 1823 Scripsit
454 1737 603 1821 Dialogus
623 1736 837 1814 Conviviales,
863 1760 900 1801 ex
917 1742 1027 1812 eodem
1048 1740 1196 1804 Athenaeo
1213 1764 1222 1814 ς
1240 1757 1271 1805 et
1286 1764 1398 1826 parum

315 1847 394 1908 seria
407 1844 542 1926 qcmdam
552 1842 611 1906 alia
623 1856 705 1906 certe
715 1862 825 1927 partun
835 1843 909 1927 ipse.
923 1841 1035 1908 Cicero
1046 1845 1126 1910 huuc
1135 1849 1331 1910 nominatum
1342 1869 1399 1910 vo-

313 1951 369 2014 luit
382 1973 389 2009 :
405 1947 556 2010 «Perseus
569 1947 702 2010 monis
716 1947 845 2026 auditor,
860 1969 914 2012 eos
925 1950 996 2015 dicit
1008 1950 1129 2016 habitos
1142 1951 1243 2031 Deos,
1256 1976 1274 2016 a
1289 1955 1400 2036 quibus

314 2075 424 2139 magua
437 2053 550 2115 utilitas
563 2054 602 2115 ad
616 2053 681 2113 vitae
693 2054 807 2116 cultum
818 2068 897 2117 esset
910 2055 1042 2120 inventa.
1055 2085 1070 2112 υ
1086 2057 1121 2146 (l
1130 2057 1182 2122 De
1191 2057 1267 2122 Nat.
1277 2059 1399 2138 Deor.)

315 2159 357 2222 Et
366 2181 438 2222 mox
455 2181 463 2219 ε
478 2156 631 2220 «Perseus
641 2155 779 2222 Cittieus.
791 2186 805 2213 »ι
820 2157 882 2222 Sed
893 2161 1054 2244 utrobique
1068 2163 1208 2228 Persoeus
1222 2167 1402 2248 rescriben-

316 2268 388 2340 dus,
402 2265 473 2346 qnia
487 2277 659 2327 constanter
674 2261 774 2326 Graeci
785 2279 909 2350 Περσαῖον
920 2267 1032 2330 dicunt.

355 2361 517 2449 Eutuuus,
538 2371 600 2434 sive
615 2371 715 2456 potius
729 2370 912 2451 Haustus,
934 2375 986 2456 qui
1000 2378 1105 2440 omnia
1118 2381 1158 2441 ad
1171 2379 1336 2443 scientiam
1349 2401 1403 2442 re-

314 2480 449 2555 vocavit,
467 2492 497 2541 et
511 2499 580 2541 eam
593 2499 688 2540 uuum
704 2475 827 2540 Bonm
840 2501 916 2544 esse.
931 2478 1044 2547 Cicero
1058 2485 1220 2566 aliquoties
1231 2487 1402 2550 meminit:

314 2599 345 2650 et
354 2585 510 2670 Diogenes
522 2583 594 2646 satis
605 2583 700 2661 dicet,
716 2584 768 2666 qui
782 2587 911 2650 seorsim
926 2587 1095 2674 descripsit.

352 2693 474 2754 Autsuo
489 2689 585 2756 Chius
604 2713 622 2752 a
641 2691 761 2775 patria,
782 2691 856 2754 item
875 2694 954 2782 inter
971 2695 1105 2761 Zenonis
1126 2710 1293 2786 γνωρίμους,
1306 2704 1339 2766 id
1360 2718 1405 2766 ess

313 2799 488 2880 discipulos,
504 2795 782 2880 philosophantium
794 2795 906 2882 lingua.
918 2798 1012 2864 Huuc
1023 2801 1202 2882 Athenaeus,
1214 2829 1254 2869 ex
1262 2807 1404 2872 Timone

311 2902 466 2976 Phliasio,
490 2901 633 2964 describit
648 2929 663 2954 s
672 2900 804 2964 Zenonis
817 2903 1004 2986 auditorem,
1027 2910 1082 2970 sed
1096 2910 1293 2976 adulatorem
1309 2930 1343 2979 et
1353 2937 1406 2978 as-

313 3008 427 3071 seclam
443 3006 575 3084 Persaei,
597 3007 660 3090 jam
681 3005 774 3082 dicti,
798 3007 868 3090 quia
885 3007 1041 3096 Antigono
1061 3015 1128 3100 regi
1150 3019 1269 3082 amicus
1291 3035 1372 3084 erat.
1390 3049 1402 3074 »ι

314 3106 405 3186 (Lib.
420 3106 497 3186 tv.)
510 3102 623 3169 Cicero
638 3105 798 3187 aliquoties
811 3122 979 3189 memorat,
994 3125 1025 3174 et
1042 3133 1061 3174 a
1074 3113 1202 3180 Zenone
1214 3139 1272 3181 suo
1288 3120 1406 3184 abiisse

312 3215 451 3278 ostendit.
462 3210 546 3274 Nam
560 3211 689 3273 «Aristo
704 3209 798 3274 Chius
806 3258 817 3290 ,
828 3213 942 3296 inquit,
955 3218 1134 3302 praefractus
1139 3266 1149 3298 ,
1165 3223 1310 3301 ferreus,
1328 3227 1407 3289 nihil

312 3322 447 3398 bonum,
466 3319 523 3380 nisi
540 3319 621 3401 quod
635 3331 751 3380 rectum
765 3331 796 3380 et
810 3318 970 3385 honestum
985 3338 1055 3406 est,
1074 3349 1141 3392 csse
1160 3330 1298 3396 dicebat.
1314 3362 1332 3388 r»
1351 3333 1407 3414 (ln

313 3425 507 3489 Hortenses
522 3419 669 3506 Fragm.)
684 3419 745 3484 Sed
759 3423 889 3506 explicat
901 3430 1018 3513 magis,
1042 3445 1072 3493 et
1083 3435 1167 3497 addit
1187 3460 1195 3497 ι
1219 3465 1234 3491 e
1244 3437 1410 3526 Arissqnjs

312 3526 435 3609 explosa
452 3521 598 3585 sententia
618 3535 683 3599 est,
701 3521 827 3584 dicentis
842 3523 918 3586 uihil
933 3527 1057 3592 differre
1075 3531 1160 3596 aliud
1174 3537 1217 3600 ab
1230 3537 1324 3619 alio,
1351 3563 1409 3602 nec

311 3653 361 3693 res
377 3651 442 3693 esse
456 3627 551 3702 ullas,
568 3639 678 3709 praeter
693 3625 816 3689 virtues
833 3641 864 3691 et
877 3629 968 3710 vitia,
986 3633 1066 3697 iuter
1079 3658 1157 3719 quas
1166 3643 1346 3726 quidquam
1360 3648 1409 3709 in·

309 3748 446 3799 teresset.
457 3762 472 3786 »
488 3731 566 3812 (lv.
577 3729 628 3793 De
646 3729 766 3811 Fiuib.)
781 3731 886 3816 ltaque
904 3738 1005 3798 Mediis
1019 3743 1125 3805 omnia
1139 3749 1285 3828 sustulit,
1303 3754 1411 3816 necin

310 3844 350 3905 iis
365 3853 520 3902 momenta
535 3839 615 3915 ulla,
633 3859 696 3920 quae
713 3838 797 3900 Zeno
810 3842 984 3905 censuisset.
1000 3842 1063 3910 Sed
1078 3850 1170 3934 plura
1186 3855 1225 3918 de
1241 3860 1316 3940 ejus
1329 3863 1413 3946 dog-

310 3961 393 4010 mate
414 3943 591 4028 Diogenes,
618 3944 649 4004 in
669 3943 737 4026 tine,
748 3944 889 4007 Zenonioe
906 3948 982 4012 vitae.
999 3950 1117 4018 Seneca
1138 3959 1240 4022 virum
1257 3968 1413 4030 nominat

311 4053 385 4116 alibi
400 4051 459 4112 hoc
471 4047 542 4114 Chii
558 4048 760 4132 cognomine,
786 4050 859 4112 alibi
873 4051 968 4118 Stoici
986 4079 993 4116 :
1012 4071 1093 4120 etex
1107 4062 1176 4145 ipso
1192 4066 1297 4149 liquet
1316 4095 1412 4136 emn-

313 4159 384 4219 dem
398 4175 472 4218 esse.
488 4152 644 4238 (Epistola
659 4168 778 4213 txxxtx
790 4168 820 4216 et
836 4163 945 4241 ων.)
959 4157 1026 4224 Etsi
1037 4163 1089 4226 alii
1102 4169 1197 4233 etiam
1210 4171 1409 4255 Aristoncs,

312 4279 343 4326 et
361 4265 420 4326 duo
435 4261 557 4344 quidem
568 4257 769 4343 Peripatetici.
