2930 4956
819 297 834 334 l

277 419 347 488 an
372 418 548 488 srorc.
573 417 785 488 Portos.
812 416 908 485 tro.
935 418 963 485 1.
1080 417 1150 506 1215

103 563 129 626 io
147 559 253 626 Seneca
276 560 452 644 exemplum
472 557 624 624 Demetrii
646 582 654 619 e
681 559 733 642 qui
757 572 810 622 eut
834 557 991 623 familiaris
1016 558 1061 622 illi
1075 603 1084 632 ,
1100 571 1152 624 aot

104 670 189 732 doctor
201 667 276 746 fnit,
295 681 329 732 et
338 667 491 752 plerisque
507 667 584 730 item
603 666 741 730 melioris
760 665 854 730 enimi
872 679 923 729 aut
937 665 1026 730 studii
1044 662 1151 729 Romae

103 790 194 852 mors,
217 788 248 837 et
267 795 366 839 canes.
387 772 440 836 De
459 793 519 856 qno
543 772 595 836 ille
617 793 708 856 qtram
730 771 923 835 honorifice!
947 770 1154 834 «Demetrius

101 879 232 968 Cynicus,
259 883 311 945 eir
337 879 536 964 meoiudicio
558 900 712 965 maguus,
738 881 830 943 etiam
853 879 879 943 si
902 877 1041 942 maximis
1063 897 1154 941 com-

101 1003 212 1072 parentr.
228 1019 244 1046 a·
259 987 347 1070 (Vll
367 988 419 1052 De
440 985 548 1054 ltenet
563 1009 632 1072 cap.
649 992 695 1068 r.)
717 983 759 1052 Et
781 1005 854 1050 meo
875 985 1033 1064 hercules,
1060 1005 1096 1048 ex
1116 985 1154 1048 iis

99 1117 152 1176 «pue
163 1099 198 1160 de
207 1097 280 1181 ipso
300 1097 430 1182 sparsim
445 1096 526 1180 lego.
544 1085 629 1160 Narri
644 1110 675 1160 et
693 1095 817 1161 Tacitus
833 1091 1024 1160 laudabiliter
1040 1093 1155 1156 memi-

99 1203 154 1266 oitr
168 1217 195 1266 et
207 1217 315 1268 noster
328 1203 440 1267 iterem
457 1201 570 1279 effusa,
589 1204 643 1266 sod
655 1223 695 1266 en
716 1203 811 1266 enimi
824 1221 935 1279 man,
956 1199 1152 1264 laudatione:

99 1311 152 1390 quis
165 1311 243 1374 euim
263 1309 409 1376 mendico
433 1309 594 1374 adnletm?
614 1324 720 1374 noster
738 1309 861 1392 inquam
879 1331 887 1369 e
905 1335 922 1366 u
940 1306 1155 1384 Demetrium,

97 1435 173 1496 qoem
186 1415 262 1478 milri
278 1417 398 1480 videtur
410 1437 517 1480 rerum
531 1430 640 1482 natura
655 1417 766 1480 nostrie
778 1416 881 1480 tulisse
895 1415 1105 1505 temporibus,
1122 1425 1156 1476 nt

98 1525 249 1590 ostenderet
260 1543 323 1588 nec
335 1523 449 1586 illuma
464 1522 555 1586 uobis
566 1523 741 1607 eorrumpi,
754 1533 784 1588 et
797 1543 855 1585 noe
863 1523 976 1608 corripi
990 1543 1096 1607 poete,
1109 1521 1154 1582 vi-

97 1647 152 1689 rum
163 1643 288 1704 exactet,
306 1629 377 1692 licet
396 1629 462 1713 ipse
481 1643 587 1714 neget,
604 1627 774 1714 sapientia,
798 1629 950 1712 fimumque
968 1630 1002 1692 in
1020 1630 1068 1693 his
1085 1650 1151 1712 qum

96 1737 237 1818 proposuit
246 1735 433 1799 eon'stantiae.
450 1733 639 1819 Eloquentiae
653 1757 746 1810 vero.
763 1758 828 1818 queo
840 1758 890 1800 res
904 1738 1083 1800 fortissimas
1096 1738 1152 1800 de-

96 1854 165 1918 ceat,
177 1863 238 1904 non
247 1843 456 1920 concinnam,
468 1865 526 1907 nec
538 1845 570 1906 in
582 1843 675 1908 verbe
685 1843 835 1922 sollicite,
847 1847 900 1908 ned
912 1845 1025 1929 ingenti
1036 1845 1150 1921 animo,

96 1961 170 2032 prout
187 1943 319 2034 impetus
333 1949 418 2029 tulit,
435 1971 485 2014 res
501 1971 569 2014 suas
584 1951 804 2034 prosequentis.
819 1951 944 2032 ›·(1ht‹t‚
959 1973 1025 2036 cap.
1037 1951 1083 2028 8.)
1090 1949 1152 2016 Sed

96 2065 120 2113 et
137 2053 203 2116 alibi
221 2055 401 2140 profitetur,
428 2085 443 2111 u
466 2055 661 2120 Demetrium
677 2057 814 2122 virorum
841 2060 1011 2144 optimum,
1037 2079 1150 2140 wem,

96 2159 191 2242 nquit,
205 2185 332 2228 mecum
345 2164 526 2229 circumfero
543 2164 589 2246 (in
602 2165 746 2228 comitatu
758 2165 890 2245 habeo),
904 2181 936 2230 et
950 2166 1063 2229 relictis
1072 2186 1151 2240 ¹con-

94 2267 231 2352 chyliatis.
247 2293 321 2334 crnu
334 2271 388 2332 illo
401 2273 557 2336 seminudo
571 2272 701 2354 loquor,
713 2272 800 2336 illum
813 2274 956 2336 admiror.
971 2271 1084 2354 Quidni
1098 2275 1149 2336 ad·

92 2375 193 2438 mirer?
205 2379 269 2441 ridi
285 2377 360 2440 oiltil
370 2379 398 2442 ei
414 2380 528 2442 deesse.
539 2407 554 2436 ι
570 2377 691 2464 (Epist.
706 2383 802 2458 tent.)
815 2379 921 2464 Sapie,
935 2377 1064 2454 Seneca;
1081 2379 1149 2464 plns

92 2503 142 2544 uua
152 2483 225 2547 lrora
239 2485 298 2548 oti
310 2486 363 2548 ille
381 2487 534 2565 conferet,
550 2507 642 2568 qoem
655 2487 708 2550 alii
721 2487 824 2550 multis
839 2488 935 2552 annis.
949 2515 965 2542 «ι
981 2486 1087 2563 Nihil,
1104 2488 1149 2550 in·

91 2589 163 2670 quit,
177 2593 271 2654 deest.
287 2620 303 2650 ιι
321 2590 389 2656 luto
405 2593 509 2656 omnia
524 2595 648 2669 desunt,
665 2593 773 2657 sitem
791 2608 927 2677 spectas,
945 2594 970 2656 si
986 2595 1146 2669 animum,

91 2693 165 2758 nihil.
178 2696 294 2761 lterum
307 2713 435 2762 noster:
455 2728 470 2754 ιι
489 2697 557 2784 Ego
574 2714 656 2767 certe
675 2701 764 2764 aliter
783 2701 890 2779 audio,
911 2721 975 2783 quoe
995 2701 1067 2776 dicit
1080 2699 1149 2764 De-

91 2804 203 2868 metrius
220 2820 341 2883 noster,
356 2828 455 2888 ¹quum
476 2807 563 2869 illmn
579 2809 638 2870 eidi
659 2809 793 2883 nudum,
811 2808 1035 2889 quantominus
1056 2829 1148 2890 qrrem

90 2912 249 2976 manentis
262 2913 475 2975 incubantem?
499 2913 588 2976 Tunc
607 2916 690 2978 enirn
713 2935 776 2977 non
802 2928 967 2998 praeceptor
991 2914 1074 2991 veri,
1096 2917 1149 2977 sed

89 3018 162 3078 testis
176 3033 231 3082 eet.
254 3047 271 3074 »
286 3017 405 3103 (Epist.
419 3023 494 3098 xx.)
511 3019 562 3082 Da
581 3041 670 3084 aures
685 3021 798 3102 aliquid
813 3043 830 3084 e
847 3034 951 3083 nostro
965 3022 1074 3087 seculo
1094 3043 1148 3085 ac-

88 3128 292 3190 commodanti.
307 3127 486 3210 Coppner'rros
500 3129 573 3192 istos
591 3149 667 3210 qnos
680 3129 828 3204 dicimus,
844 3151 923 3192 retae
936 3130 1072 3205 virtutis,
1089 3151 1148 3213 pa-

87 3230 206 3310 tientiae,
226 3233 354 3317 inopiae,
375 3248 407 3296 et
423 3234 527 3317 (qnod
545 3214 679 3318 antiquis
695 3235 810 3312 deluit)
829 3237 947 3320 pietatis
970 3237 1148 3320 exemplar,

88 3338 146 3416 qnls
159 3339 224 3402 sine
238 3341 334 3404 enimi
347 3341 448 3423 aliquo
463 3355 550 3406 motu
559 3355 591 3404 et
600 3342 733 3425 impulsu
743 3343 843 3405 videt?
856 3343 924 3424 quis
935 3363 996 3410 oon
1010 3342 1058 3404 vel
1069 3344 1149 3408 visos

85 3445 217 3510 toulene
233 3451 274 3510 ad
287 3450 395 3512 eadem
410 3449 462 3512 illa
477 3451 580 3534 putet?
594 3470 653 3534 ego
668 3468 777 3515 censeo
794 3471 801 3510 e
820 3463 851 3514 et
863 3449 940 3512 tales
950 3449 1074 3512 omnino
1085 3447 1152 3536 cy-

88 3552 264 3618 nicosinisse
277 3556 416 3640 :excipio
429 3557 587 3640 pietatem,
603 3570 636 3618 nt
645 3557 722 3632 diri,
737 3570 769 3618 et
780 3556 1010 3621 verecundiam:
1024 3575 1151 3636 quarum

88 3658 163 3724 illam
180 3683 281 3724 sevum
295 3663 419 3725 illorum
436 3664 557 3740 abnuit,
574 3663 653 3727 ltauc
669 3664 845 3727 institutum.
867 3660 1004 3746 Carpere
1019 3662 1101 3730 enim
1123 3677 1153 3726 et

88 3767 232 3851 corrigere
244 3767 386 3834 volebant
400 3791 408 3826 ε
424 3781 513 3850 atque
529 3790 583 3832 ore
601 3782 631 3832 et
643 3770 745 3832 animo
762 3769 800 3830 ad
814 3789 882 3831 eam
893 3790 960 3830 rem
972 3789 1059 3851 opus,
1074 3767 1152 3832 See-

89 3883 143 3934 nn
152 3875 254 3938 rides:
267 3874 361 3938 altam
369 3874 459 3940 simul
468 3889 499 3938 et
508 3874 658 3958 abjectam
669 3921 679 3949 ‚
692 3875 769 3938 nihil
782 3874 930 3959 populere
943 3919 952 3950 ,
965 3874 1040 3938 nihil
1051 3875 1151 3957 splen-

90 3959 200 4059 didum,
216 3981 282 4045 imo
298 3981 374 4044 nihil
387 3997 544 4046 ertemum
559 3996 744 4067 spectantem
760 3993 790 4046 et
803 3993 968 4046 sectantem
991 4005 999 4042 ι
1022 3981 1150 4062 ideoque

90 4087 183 4164 petreia
196 4090 297 4164 serio,
312 4109 411 4171 neque
427 4089 479 4152 diu
491 4089 662 4172 probatam.
677 4087 771 4154 Certe
789 4085 906 4152 Sidonii
927 4089 989 4170 jam
1002 4109 1065 4152 sevo
1080 4088 1153 4152 deli·

93 4210 229 4273 queram,
248 4195 410 4278 scribitque
427 4197 460 4258 in
473 4198 701 4262 enumeratione
715 4194 875 4260 Sectarum
888 4218 899 4281 ιι

261 4319 361 4374 Exclusi
374 4341 451 4394 prope
463 4319 514 4391 jam
526 4321 635 4396 Cynici,
648 4321 692 4374 sed
703 4321 791 4374 limine
804 4333 917 4375 retunt:
