2860 4962
305 431 370 526 29⁴
458 431 525 502 DE
550 433 1033 526 TRANQUILLITATE
1058 437 1218 506 ANIMI

303 577 379 644 tus,
393 563 448 630 cui
464 563 563 632 talem
580 565 735 634 allectum
746 568 849 636 animi
863 568 1006 640 similem
1016 583 1129 661 putem
1145 579 1251 635 :ncc¹
1268 567 1358 636 ullius

302 681 442 772 propius
459 678 664 750 admoverim
684 681 856 775 exemplo,
877 707 976 776 quam
994 707 1110 752 eorum
1124 685 1184 773 qui
1204 707 1247 750 ex
1268 683 1357 774 longa

301 808 336 860 ct
355 795 449 886 gravi
469 794 661 864 valetudine
680 796 849 890 expliciti,
870 798 1084 868 motismculis
1098 796 1304 888 levibusque
1317 799 1357 864 in

303 908 400 976 terim
419 909 555 978 offensis
569 912 867 1006 perstringuntur,
890 928 925 980 ct
937 937 1042 1006 quum
1055 913 1219 1005 reliquias
1238 914 1358 1005 effuge

302 1023 389 1105 rint,
411 1025 658 1119 suspicionibus
677 1041 789 1096 umen
798 1030 1052 1122 inquietantur,
1068 1027 1283 1120 medicisque
1297 1029 1357 1120 jan

303 1139 375 1206 sani
389 1163 523 1209 manum
543 1142 761 1235 porrigunt²,
778 1159 813 1212 ct
829 1167 962 1214 omnem
980 1143 1123 1213 calorem
1143 1145 1301 1235 corporis
1316 1143 1358 1208 sui

303 1252 591 1326 calumniantur³.
615 1261 764 1342 Horum,
784 1261 933 1342 Serene,
959 1285 1153 1354 nonpsrum
1176 1285 1300 1328 sanum
1318 1275 1360 1326 est

304 1396 447 1466 corpus,
473 1373 534 1442 sed
556 1377 691 1444 canituli
710 1401 830 1470 parum
849 1379 996 1448 assuevit
1017 1405 1026 1446 ι
1048 1379 1134 1446 sicut
1158 1393 1213 1446 est
1232 1375 1360 1470 quidam

306 1505 430 1559 tremor
443 1491 544 1558 etiam
559 1491 733 1584 tranquilli
748 1495 870 1576 maris,
891 1510 951 1564 aut
969 1494 1082 1576 lacus,
1103 1519 1212 1587 quum
1231 1519 1275 1563 ex
1292 1511 1362 1562 ten·

264 1641 277 1672 2
305 1621 432 1698 pestate
447 1608 626 1699 requievit.
648 1609 744 1702 Opus
757 1626 808 1678 est
826 1611 944 1702 itaque·
955 1635 1024 1680 non
1040 1603 1130 1678 illis‘
1144 1607 1359 1682 durioribus.

304 1745 381 1812 quse
400 1721 500 1790 etiam
514 1723 795 1808 transcurrimus,
817 1740 856 1794 ut
867 1725 993 1794 nlieubi
1007 1724 1120 1794 obstes
1133 1723 1196 1792 tibi
1210 1773 1222 1804 ,
1243 1723 1361 1794 alicubi

306 1837 481 1918 irascaris,
505 1835 630 1904 alicubi
654 1838 760 1906 instes
773 1841 927 1932 gravius3
954 1839 1014 1908 sed
1031 1833 1152 1921 illud⁵,
1169 1838 1267 1930 quod
1294 1841 1363 1907 ulti·

305 1955 515 2036 mutnvcnit,
532 1969 572 2023 ut
587 1953 689 2022 iidem
709 1953 772 2023 tibi
793 1955 941 2037 habeas,
959 1969 994 2022 ct
1011 1969 1102 2022 recta
1117 1955 1168 2022 ire
1182 1956 1240 2022 via
1251 1971 1285 2024 te
1298 1980 1365 2023 cre·

305 2069 387 2152 das,
413 2070 501 2138 nihil
523 2085 681 2139 avocatus
698 2071 897 2140 transversis
916 2071 1097 2138 multorum
1118 2071 1275 2164 vestigiis
1293 2097 1365 2165 pas·
1411 2142 1412 2160 χ

305 2186 367 2254 sim
387 2181 670 2267 discurrentium,
693 2184 916 2278 quorumdam
939 2187 1032 2254 circs
1051 2186 1156 2278 ipsam
1181 2189 1365 2254 errantium
1412 2216 1413 2220 ¹

265 2297 1367 2392 ³viamQuoddcsiderasautcm,magnumetsummumescho
1413 2290 1414 2298 ἶ

307 2437 373 2506 quc
393 2413 560 2494 vicinum,
581 2437 650 2480 non
664 2414 798 2482 concuti
810 2407 836 2481 ⁶.
858 2417 954 2482 Hanc
965 2412 1117 2482 stabilem
1134 2413 1240 2480 animi
1255 2411 1366 2480 sedem
1415 2438 1416 2442 ¹

307 2527 417 2596 Graeci
427 2523 587 2622 Eidoploes
595 2542 733 2609 vocant,
748 2523 865 2619 deque
878 2527 1083 2596 Democriti⁷
1100 2523 1258 2593 volumen
1268 2549 1368 2618 egr-e·

307 2700 445 2774 promittit,
464 2702 593 2772 quomodo
613 2701 714 2755 edeam
729 2721 814 2777 perre-
863 2701 904 2756 dis
917 2715 1054 2776 respuunt,
1066 2702 1100 2755 its
1112 2701 1154 2755 bie
1164 2721 1192 2754 es
1203 2701 1279 2754 nobis
1295 2715 1371 2756 uem·

308 2783 358 2836 niri
369 2783 461 2856 possit,
485 2783 576 2836 ellectu
595 2783 814 2857 etoriginebujus
862 2781 985 2834 mittenda
995 2791 1061 2834 snut.

309 2875 381 2916 entes
400 2863 523 2934 expositis.
897 2861 920 2910 5.
939 2857 1022 2910 Illud·
1036 2855 1106 2908 Bene
1119 2854 1243 2909 sehabet.
1260 2856 1307 2908 Est
1322 2877 1371 2908 uo·

344 2959 364 2992 ι.
375 2939 469 2992 Ullius.
478 2938 520 2992 Sic
527 2941 621 2992 Erssm.
630 2950 653 2989 et
667 2937 699 2989 sl.
710 2939 814 3010 prefero
863 2933 979 2986 minotio.
993 2952 1102 3004 quocum
1120 2951 1183 3006 opus
1195 2952 1299 3002 quoqne
1311 2953 1370 2986 eou-

308 3035 409 3088 quoque
420 3015 453 3068 ob
465 3035 571 3087 sequens
580 3035 676 3068 eorum.
685 3014 784 3088 Lipsius
791 3027 816 3066 et
862 3009 984 3084 jungitur.
995 3010 1092 3088 *sius
1103 3008 1168 3080 conj,
1176 3011 1231 3060 illo.

309 3097 389 3148 Grou.
403 3094 724 3167 protuleruntzulli.-Nec
734 3095 814 3146 uilius
895 3090 919 3142 b.
929 3090 990 3142 Non
1007 3093 1115 3142 wmuts'.
1138 3088 1182 3140 Est
1199 3089 1372 3141 llorstienuns

309 3187 353 3227 etc.
366 3173 499 3247 Compsrst
512 3172 558 3223 bos
569 3171 697 3241 inquietos
707 3191 765 3224 curn
781 3171 812 3225 iis
863 3165 944 3240 (Epp.
954 3165 1019 3231 l,b,
1035 3183 1055 3217 ι.
1066 3167 1076 3230 )
1089 3189 1102 3212 s
1115 3164 1160 3218 Nil
1170 3165 1307 3230 admirari,
1322 3189 1337 3212 ι·
1350 3179 1371 3217 et

308 3251 351 3324 qui
364 3249 537 3302 convaluerint
551 3269 579 3300 er
589 3247 695 3311 morbo,
710 3247 754 3299 sed
770 3247 815 3300 iu·
866 3242 971 3315 pertinet
979 3243 1011 3296 ed
1021 3245 1134 3296 derideres
1144 3241 1299 3294 Stoicorum.

309 3327 438 3381 firmitates
449 3325 556 3379 subinde
572 3325 699 3388 sentiant,
718 3325 748 3376 iis
761 3346 816 3398 per·
900 3341 921 3390 7.
933 3319 1078 3374 Dmocrr'ts'
1087 3319 1225 3372 Abderites.
1237 3319 1279 3372 Cl.
1290 3319 1324 3372 de
1334 3321 1371 3372 lra

308 3405 477 3478 stringantur,
489 3413 653 3465 rnoresutur,
666 3417 771 3474 eamque
782 3403 816 3454 ob
865 3400 900 3462 ll,
913 3417 953 3463 ro,
965 3419 988 3450 a.
998 3395 1050 3450 Cic.
1059 3397 1090 3450 de
1101 3397 1159 3464 Pin,
1169 3395 1222 3448 Vit.
1232 3415 1274 3468 sq.
1285 3396 1370 3464 Qum

308 3501 407 3536 causam
425 3501 495 3554 spem
510 3480 576 3533 inter
593 3490 616 3530 et
634 3491 729 3531 metum
748 3497 815 3530 nun·
865 3475 951 3528 laudat
960 3473 986 3530 b.
995 3473 1115 3548 lbipsius
1122 3473 1372 3546 descriptionenDe·

307 3579 382 3630 quarn
394 3578 446 3611 non
457 3559 585 3610 fluctuent.
864 3552 979 3616 moniti,
993 3571 1022 3604 ea
1040 3572 1079 3625 sp.
1093 3553 1204 3628 Diogen.
1223 3555 1308 3606 laert.
1326 3556 1369 3618 lx,

341 3656 363 3688 a.
381 3637 494 3689 illusum
509 3640 653 3706 porn'gunt.
673 3635 707 3686 Ut
724 3653 813 3707 nempe
863 3634 904 3698 45,
917 3631 1119 3685 afferunvsrba
1129 3644 1204 3686 sunt:
1217 3635 1369 3702 estufin...

308 3735 384 3766 renas
394 3726 490 3766 tentent
500 3726 524 3766 et
534 3714 633 3786 pubem
645 3711 786 3785 inspiciant.
862 3711 912 3763 καθ’
925 3713 954 3767 sle
970 3715 1073 3774 γαληιῦς
1088 3713 1125 3764 sel
1138 3713 1253 3772 nomos,
1269 3716 1286 3768 ἦ
1301 3715 1369 3781 popl

341 3792 364 3843 3.
379 3793 497 3844 Colorem
499 3828 600 3844 ............
612 3792 812 3844 calmnnlanltsr.
861 3789 932 3851 desiset
944 3790 1008 3851 ,lul
1015 3789 1111 3856 pudssbg
1120 3792 1276 3858 τιμε-ταμίη
1283 3791 1370 3856 φόβου,

309 3873 396 3938 Qnurn
408 3890 583 3941 quemcunque
595 3869 706 3940 corporis
715 3867 753 3920 sui
764 3885 815 3919 ca·
864 3869 880 3922 il
890 3867 1069 3934 δεισιδαιμονίας
1079 3903 1087 3932 ,
1097 3869 1193 3922 luillae
1203 3871 1264 3930 nsbg
1272 3871 1368 3929 srs'deog.

307 3953 386 4001 iorem
398 3949 487 4001 febrim
500 3969 551 4014 quc
564 3948 706 4022 opinentur.
866 3943 988 3996 Ceterum
1009 3943 1075 3996 bene
1097 3947 1205 4010 ιῦθυμῖαν
1230 3946 1368 3998 Demouiti

341 4031 363 4093 4.
376 4029 541 4080 Duriors'bus.
553 4027 704 4079 Durioribus
725 4045 813 4098 nempe
865 4020 948 4093 attigit
960 4039 1060 4092 quoque
1079 4021 1190 4073 Meiners
1201 4025 1212 4086 (
1223 4021 1368 4075 Gesclirlstt

308 4105 425 4158 remediis
441 4123 496 4176 quse
517 4108 683 4166 transcurrit,
708 4115 813 4176 proeter-
865 4102 912 4150 der
940 4097 1182 4167 Wissensrlrasten,
1209 4112 1254 4152 etc.
1276 4099 1317 4151 lib.
1341 4101 1366 4156 l,

307 4187 390 4238 mittit.
403 4185 437 4236 llt
450 4185 539 4237 rnediri
553 4185 587 4236 ibi
601 4184 723 4254 asperiora
734 4201 813 4232 rrrnr-
865 4199 921 4252 pag.
935 4181 981 4244 728
991 4216 998 4238 ,
1010 4199 1046 4248 sq·
1062 4181 1087 4240 l,
1101 4179 1169 4248 cujus
1183 4191 1267 4231 tamen
1280 4177 1367 4230 erudi-
