2886 4958
453 483 628 554 orror
655 481 720 548 vr.
1053 479 1118 564 435

64 618 296 688 devorabunt:
320 616 384 692 boc
400 637 481 682 vero
495 614 642 707 epatium
661 658 670 694 ,
692 608 806 704 quod,
829 612 982 702 quamvis
1001 625 1123 682 natine

65 744 185 824 currit,
208 741 294 808 ratio
313 737 450 822 dilatet,‘
469 739 537 806 olto
552 735 778 830 voe-effugiat
798 757 936 804 necesse
962 752 1024 804 eet.
1048 737 1125 804 Non
1150 729 1167 794 4

65 859 150 928 enim
168 853 447 953 apprehenditis,
469 878 534 922 neo
550 854 721 934 retinetis,
744 877 809 920 uec
825 852 1041 922 velocissimae
1056 877 1127 922 om-

65 973 154 1040 nium
170 972 221 1039 rei
233 975 245 1014 ·¹
267 991 395 1038 moram
411 967 538 1048 facitis,
556 965 618 1035 'sed
630 967 726 1035 ubire
740 981 779 1033 ut
796 986 870 1034 rem
883 989 1127 1060 supervacuam

67 1109 103 1154 ao
117 1083 343 1178 reparabilem
356 1082 478 1150 sinitis.
495 1081 536 1148 In
548 1081 671 1173 primii
691 1095 803 1150 autem
819 1097 854 1148 et
864 1071 942 1148 illos
961 1103 1126 1163 numero,

66 1200 123 1291 qui
141 1197 239 1277 nulli,
251 1197 323 1278 rei,
346 1196 413 1266 nisi
432 1195 512 1264 vino
531 1219 572 1262 ao
593 1193 730 1262 libidini
751 1209 873 1264 vacant
899 1194 1017 1262 :pulli
1039 1195 1130 1261 euim

68 1311 197 1404 turpius
217 1310 371 1402 oocupeti
387 1322 477 1376 sunt.
499 1308 636 1391 Ceteri,
658 1308 788 1375 etiamsi
807 1331 898 1377 vana*
912 1308 1027 1402 gloriae
1045 1309 1132 1374 ima-

68 1427 146 1519 gine
159 1441 351 1507 teneantur,
365 1425 518 1519 speciose
526 1439 639 1492 tamen
647 1438 775 1492 errant.
793 1424 1018 1496 Licet‘avaros
1032 1423 1130 1505 mibi,
1160 1429 1175 1478 ⁵

68 1543 146 1642 lieet
156 1542 211 1612 rel
221 1540 401 1612 iracundos
411 1563 609 1623 enumeres,
625 1540 680 1609 vel
693 1539 980 1608 odirexeroen'tes
992 1541 1131 1633 injusta,

68 1660 120 1729 vel
134 1659 245 1728 belle:
263 1681 379 1726 omnes
388 1658 444 1725 isti
457 1657 589 1724 virilius
598 1673 752 1750 peccant.
773 1659 813 1724 In
827 1673 980 1727 ventrem
998 1683 1038 1726 ac
1056 1659 1135 1727 libi·

68 1773 183 1844 dinem
194 1775 422 1869 projectorum
437 1772 615 1840 inhonesta
634 1771 727 1840 lobes
745 1788 807 1840 est.
829 1773 953 1842 Omnia
968 1779 982 1808 ²
994 1775 1133 1842 istorum

70 1906 219 1984 tempore
231 1903 350 1986 excute
368 1914 376 1952 :
392 1887 529 1981 adspice
540 1886 703 1979 quamdiu
717 1885 957 1982 computent³‚
974 1891 1135 1982 quamdiu

69 2003 275 2078 insidientur
284 1997 313 2083 ⁴,
327 1999 489 2093 quamdiu
502 1994 665 2068 timeant⁵
679 2052 688 2084 ‚
703 2003 865 2093 quamdiu
881 2004 1005 2088 colant,
1019 2029 1138 2096 quam·-

69 2117 127 2186 diu
142 2119 321 2199 coluntur,
343 2132 506 2208 quantum
524 2113 739 2202 vadimonia⁶
758 2141 818 2186 sua
833 2134 935 2211 utque
954 2121 1064 2188 aliena
1078 2145 1137 2188 oc·

70 2252 213 2330 cupent,
235 2249 399 2328 quendum
418 2233 593 2315 convivia,
613 2229 689 2325 quae
701 2235 771 2327 jam
792 2237 864 2330 ipse
882 2239 1017 2306 official
1034 2255 1135 2326 eunt3

70 2354 224 2435 videbis,
252 2349 535 2444 quemadmodum
560 2350 635 2418 illos
661 2345 842 2445 respirare
855 2379 924 2422 non
948 2356 1061 2424 sinant
1085 2355 1139 2424 vel

71 2469 157 2538 mala
174 2493 255 2551 sue,
272 2467 327 2537 vel
343 2468 444 2535 bona.
462 2466 619 2558 Denique
635 2466 727 2534 inter
740 2489 856 2536 omnes
870 2473 1048 2556 convenit,
1065 2471 1140 2540 nul·
1163 2476 1180 2526 6

70 2583 136 2652 lam
153 2606 228 2650 rem
242 2581 332 2650 bene
346 2581 499 2648 exerceri
511 2604 610 2673 posse
625 2581 669 2648 ab
687 2582 824 2651 homine
839 2580 1022 2678 οοοιιρειῑο8
1044 2613 1052 2651 :
1070 2609 1138 2654 non

70 2699 323 2791 eloquentiam,
340 2716 408 2762 uon
421 2694 580 2762 liberales
593 2693 811 2790 disciplinas⁹
827 2725 834 2764 :
851 2698 988 2790 quando
1001 2700 1138 2769 distrio-

71 2830 125 2882 uu
142 2814 278 2882 animus
295 2809 384 2878 nihil
401 2808 502 2878 altius
514 2810 636 2903 recipit
649 2815 696 2894 ¹⁰,
713 2813 772 2880 sed
791 2815 902 2884 omnia
916 2815 1011 2884 velut
1026 2818 1138 2886 incul-

105 3027 127 3062 1.
139 3007 173 3058 V
169 3007 325 3059 elocissima
331 3004 448 3055 omnium
458 3005 502 3053 rei.
510 3001 586 3054 Tem·
634 3005 747 3079 cupidini
758 3020 800 3060 aut
808 3005 871 3060 vitio
880 3008 992 3061 inservit.
1007 3009 1140 3080 Oorupare

68 3085 125 3160 pori
134 3085 206 3149 vire,
215 3083 285 3156 quod
294 3081 419 3153 Virgilius
429 3080 582 3153 Georg.111‚
633 3097 667 3137 esi
679 3085 812 3157 imperium
820 3085 912 3138 babere
922 3124 928 3150 ,
938 3099 1021 3139 seuere
1034 3128 1041 3153 ‚
1056 3087 1139 3161 poliri.

71 3167 127 3234 ²84,
142 3177 210 3218 reete
222 3161 382 3238 irreparabile
394 3159 535 3233 appellarit.
635 3162 781 3232 oc‘cupaeus
797 3183 857 3235 ergo
874 3163 964 3236 gallire
981 3177 1017 3217 est
1033 3167 1139 3216 esclave.

104 3269 127 3298 π.
143 3245 244 3299 Omnia
258 3247 377 3296 istorum.
391 3238 461 3292 Male
473 3257 585 3311 occupa-
634 3241 752 3293 Attamen
760 3240 820 3293 buic
827 3241 972 3296 eidemroci
981 3243 1139 3296 eamdemin-

70 3335 169 3377 rorum.
634 3317 734 3372 lordum
742 3320 796 3371 vim
804 3339 833 3373 ar
841 3321 934 3394 gallico
942 3320 1019 3372 verbo
1033 3323 1136 3390 occupe',

103 3400 128 3452 3.
145 3403 306 3470 Compusent.
317 3395 403 3451 Avari.
631 3395 743 3472 affaire,
756 3399 865 3453 tribuere
876 3399 976 3454 videtur
995 3414 1077 3454 noster
1094 3399 1140 3453 bae

102 3483 128 3546 4.
143 3481 315 3534 Insidientur·
328 3474 465 3539 ineundi,
479 3487 524 3527 ele·
633 3475 661 3528 in
683 3475 869 3552 disputatione,
890 3477 926 3528 ita
945 3490 972 3528 us
989 3486 1139 3548 ooerepalum

103 3563 128 3612 5.
146 3560 278 3611 Timeam-
289 3556 386 3609 Gloria
396 3553 491 3628 cupidi,
632 3557 713 3607 otioso
722 3569 841 3630 opponat,
850 3556 928 3608 mulla
935 3556 1023 3608 elinde
1030 3557 1141 3610 antithe-

102 3637 128 3688 6.
152 3636 327 3690 Vadimonia.
345 3633 440 3685 Coram
458 3627 584 3701 judicibus
632 3651 671 3684 ses
682 3645 706 3685 et
717 3632 890 3686 cavillationes
912 3631 1003 3686 eliciat.
1022 3633 1141 3686 Ceterum

68 3734 160 3768 erosas
171 3735 228 3767 suas
241 3713 385 3781 alienasque
395 3708 503 3784 agendo.
633 3711 665 3764 de
672 3712 721 3764 boc
729 3711 805 3764 verbo
812 3710 980 3784 v.bujuslibri
990 3731 1043 3786 cap.
1051 3729 1088 3774 ιι,
1097 3711 1141 3782 §3.

104 3815 128 3863 7·
142 3795 241 3861 Aspice
241 3826 290 3843 ......
304 3788 392 3860 officia
408 3795 477 3839 sunt·
489 3785 585 3836 Eadem
655 3811 689 3860 ,9.
702 3789 836 3842 liberales
847 3791 1005 3858 disciplinas.
1017 3789 1141 3842 Philoso-

68 3875 123 3927 l'ere
144 3892 200 3945 rap.
213 3871 250 3938 3,
268 3867 342 3941 buius
364 3866 423 3920 libri
445 3863 585 3938 expressit:
632 3870 707 3943 phio,
733 3869 807 3922 lectio
828 3882 977 3943 portarum,
1002 3869 1140 3934 mathesis,

68 3950 363 4022 Dicquamumexe'sro
374 3957 495 4014 tempore,
507 3955 553 3997 elc-
633 3949 728 4002 musica
740 3947 773 4001 al.
785 3968 842 4019 quse
855 3949 934 4001 libero
946 3948 1051 4001 bomine
1062 3948 1141 4017 digna

104 4041 130 4094 8.
151 4040 265 4094 Nullam
279 4057 333 4090 rem
349 4038 411 4090 bene
426 4036 541 4088 exerceri
550 4034 587 4085 ab
634 4029 796 4104 putabamur.

67 4119 176 4172 bomine
184 4127 313 4186 occuparo·
324 4115 386 4167 Non
403 4113 435 4166 ab
449 4133 479 4165 eo
490 4111 535 4183 qui
545 4131 586 4163 oo
671 4127 708 4162 ro.
732 4107 848 4179 Quando
856 4108 1036 4159 distrr'clus......
1049 4106 1141 4172 recipi!-

68 4196 252 4270 rupationibus
267 4193 443 4263 laboribusque
457 4187 587 4242 mullisdi·
636 4187 745 4239 Animus
758 4185 883 4240 districlus
904 4187 1038 4254 (distrail)
1054 4182 1142 4234 leviter

67 4277 240 4338 uticensem,
255 4273 298 4325 sed
314 4271 344 4324 ab
358 4293 387 4322 eo
401 4269 445 4341 qui
458 4267 532 4321 alicui
545 4281 586 4318 rut
635 4264 736 4337 allingit
750 4263 844 4316 omnia.
