2926 4958
22 179 28 476 l

245 485 308 552 tl)
333 483 503 554 STOlC.
529 483 737 553 PHILOS.
763 481 860 550 ΗΒ.
885 482 935 548 ll.
1029 478 1120 573 exiiij

22 659 23 674 ι
88 627 302 709 gbdiseiplinam
319 623 514 700 Stoicorum,
535 646 626 707 quam
641 625 733 686 vitam
751 623 945 704 fortunasque
965 635 1092 686 nostras.
1105 651 1121 679 n

89 731 192 808 [lllDe
202 732 322 811 Finib.)
346 732 533 810 Videamus,
554 747 585 795 et
597 733 696 816 ipsum
712 734 791 794 nude
805 731 937 814 primum
953 751 1121 814 ponamm,

22 885 23 900 .
89 840 235 903 siuecolore
251 855 303 902 aut
318 841 589 902 commendatione.
610 867 626 893 o
647 836 808 901 Summum
822 837 943 900 Bonum
958 851 1023 915 est,
1043 839 1124 920 quod

89 941 228 1008 llooesmm
238 961 283 1008 est
296 969 304 1006 e
318 961 349 1008 et
358 949 439 1029 quod
449 948 545 1030 magis
556 947 725 1022 admirere,
745 943 852 1006 Solum
874 948 1042 1007 Honestum
1054 959 1121 1024 est,

88 1049 267 1128 quodllonum
277 1065 331 1111 est
342 1079 355 1102 n
368 1049 455 1130 (Sen.
464 1047 522 1133 Ep.
534 1051 635 1128 txxt.)
646 1047 746 1126 Eece,
760 1062 919 1130 urumque
931 1048 1005 1110 illud
1015 1049 1121 1123 habes,

22 1137 24 1152 ἵ
86 1155 297 1237 antepositum,
315 1169 345 1216 et
359 1155 463 1238 priore
483 1155 641 1216 adfirmato
654 1201 663 1230 ,
678 1155 806 1216 alterum
831 1163 937 1238 sponte
955 1175 1124 1237 couseque-

22 1247 23 1326 ἦ
86 1272 128 1320 tor.
142 1259 172 1322 ln
184 1266 241 1322 solu
260 1261 332 1324 dixi.
349 1260 481 1343 Quidni?
496 1259 682 1324 «Summum
699 1259 822 1324 Bonum
836 1263 867 1323 in
884 1261 997 1325 Animo
1012 1263 1124 1325 consti-

85 1381 178 1428 tumus
189 1392 196 1427 :
207 1369 379 1444 obsolescit,
390 1369 415 1429 si
426 1369 466 1429 ab
480 1368 593 1451 optima
607 1367 702 1430 nostri
713 1382 799 1451 parte
812 1369 850 1430 ad
863 1369 995 1454 pessima
1007 1369 1122 1431 transit.

85 1469 140 1533 Non
154 1489 192 1536 est
213 1497 329 1538 summa
346 1473 489 1536 Felicitas
509 1489 611 1536 nostra
637 1476 668 1535 in
691 1495 781 1536 earne
801 1478 950 1560 ponenda.
969 1475 1121 1552 Videsne,

84 1580 213 1662 etreliqua
226 1581 328 1642 omnia
337 1581 420 1643 bono
434 1601 488 1642 suo
501 1581 654 1643 constant?
669 1581 760 1642 ritem
771 1579 909 1643 fertilitas
920 1583 1122 1658 commendat,

84 1705 155 1766 sapor
163 1688 273 1761 riuum,
287 1687 432 1749 velocitas
444 1709 575 1750 cerrum.
585 1713 599 1740 υ
612 1683 702 1770 (Seu.
713 1683 773 1770 Ep.
785 1689 914 1766 txattv.)
928 1715 943 1740 a
953 1685 990 1747 ln
1000 1686 1123 1748 bomine

83 1793 137 1871 quid
147 1808 185 1856 est
194 1793 363 1878 optimum?
383 1791 497 1866 Ratio,
518 1793 576 1855 hac
589 1793 737 1854 antecedit
747 1793 909 1870 animalia,
924 1791 1010 1855 Deos
1023 1793 1123 1875 sequi-

84 1911 126 1959 tur.
136 1929 149 1955 ι
158 1899 230 1986 (Ep.
242 1903 376 1980 txxvt.)
391 1897 476 1985 Ergo
491 1900 533 1961 ibi
548 1902 611 1984 ejus
624 1898 768 1961 Bonum:
786 1919 859 1984 ergo
872 1899 905 1961 in
916 1899 1046 1962 Virtute.
1064 1899 1125 1963 lta·

83 2024 127 2080 que
137 2003 305 2082 bominem,
328 2020 411 2069 recto
433 2006 566 2086 judicio,
593 2027 629 2066 ea
648 2005 712 2067 sola
732 2020 817 2088 parte
836 2007 1038 2084 aestimemus,
1065 2029 1124 2089 qua

83 2105 155 2170 homo
165 2125 206 2173 est
220 2135 227 2171 ι
243 2111 396 2174 caeteruin
412 2112 539 2194 exiguo,
560 2124 611 2172 aut
621 2111 705 2172 nullo
717 2154 726 2188 ,
738 2111 770 2171 in
785 2111 844 2174 hoc
859 2111 1002 2174 tribunali
1013 2113 1125 2176 habea-

83 2235 142 2275 mus.
150 2217 293 2289 Secundo,
308 2217 429 2279 Bonum
441 2219 632 2298 querendum
644 2219 928 2300 assignandmnque,
941 2221 1021 2300 quod
1031 2223 1126 2284 nostri

82 2321 175 2386 arbitrii
184 2326 238 2400 sit,
251 2339 283 2387 et
293 2327 374 2406 quod
385 2345 456 2386 casu
466 2344 528 2384 non
539 2323 700 2400 adimitur,
721 2336 772 2384 aut
785 2325 879 2386 datur.
894 2323 981 2388 Talis
999 2341 1044 2388 est
1060 2329 1124 2390 sola

82 2423 173 2490 littus
181 2425 284 2492 «Nam
296 2429 413 2511 quialia
422 2429 509 2491 Bona
520 2430 644 2512 judicat,
658 2430 738 2490 venit
747 2430 778 2490 iu
786 2425 925 2491 Fortunae
933 2445 1123 2514 potestatem,

22 2529 24 2534 ’
82 2531 153 2594 alieni
167 2536 281 2598 arbitrii
292 2535 334 2596 fit
351 2563 367 2588 ι»
388 2531 479 2614 (Seu.
491 2531 551 2617 Ep.
564 2537 694 2614 txxtv.)
712 2533 816 2616 ltaque
831 2525 864 2597 ut
876 2536 899 2597 ii
913 2537 963 2618 qui
979 2535 1009 2598 ln
1022 2537 1126 2600 hostili

81 2641 183 2722 regione
193 2656 368 2719 versantur,
382 2643 643 2726 circumspiciunt,
655 2643 781 2721 timent,
795 2665 883 2728 agere
895 2643 993 2720 avidi,
1007 2659 1058 2706 aut
1064 2647 1127 2728 pati

80 2749 143 2808 anxii
157 2772 166 2808 τ
183 2753 224 2814 sic
238 2752 308 2826 isti,
330 2749 379 2830 qui
391 2749 463 2810 alibi
473 2748 534 2811 boc
543 2747 666 2810 Bonum
676 2761 829 2831 quaerunt,
842 2747 1074 2833 palpitantibus,
1093 2767 1127 2813 ut

79 2851 113 2914 sic
121 2855 210 2918 dicam
221 2904 230 2934 ,
243 2856 420 2940 praecordiis
432 2856 552 2930 vivemt5
568 2867 619 2916 aut
632 2854 759 2917 sollicite
771 2868 956 2935 quaerentes,
969 2869 1019 2917 aut
1028 2859 1126 2942 magis

79 2963 268 3025 custodientes.
279 2961 321 3024 Et
330 2961 417 3044 quale
427 2961 505 3023 istud
514 2959 635 3022 Bonum
643 2980 746 3022 meum
758 2973 817 3037 est,
831 2961 911 3044 quod
919 2961 994 3024 mihi
1002 2983 1065 3024 non
1076 2967 1127 3026 ad-

77 3065 210 3130 scribam?
222 3072 305 3152 quod
313 3067 456 3129 industria
469 3114 477 3145 ,
494 3067 636 3142 scientia,
649 3066 822 3128 exercitatio
835 3089 904 3130 mea
915 3089 976 3130 non
985 3071 1125 3153 peperit?

79 3169 171 3234 «Nihil
182 3175 298 3236 stultius
309 3221 317 3248 ,
329 3195 419 3258 quam
436 3173 567 3255 aliquem
579 3193 616 3235 eo
628 3173 685 3235 sibi
696 3174 835 3256 placere,
849 3177 929 3256 quod
938 3194 1002 3236 non
1015 3173 1094 3238 lecit
1108 3206 1123 3232 η

76 3277 156 3352 (lbid
166 3286 179 3359 )
190 3281 320 3358 Tertio,
338 3281 406 3344 Nec
423 3283 491 3342 data
505 3293 704 3363 permanent:
724 3281 806 3342 velut
818 3283 954 3366 deposita
972 3285 1052 3366 apud
1069 3305 1125 3346 nos

77 3401 148 3465 sunt,
166 3403 195 3450 et
212 3391 340 3452 abitura.
360 3389 401 3450 Αι
420 3387 542 3450 &num
559 3387 633 3449 illud
653 3405 779 3464 rerum,
800 3387 929 3450 solidum
951 3403 1124 3472 certumque

76 3505 111 3550 est
128 3515 135 3551 :
151 3497 229 3574 quod
239 3495 324 3556 nulla
334 3495 379 3556 ris
390 3495 517 3572 excutit,
538 3503 624 3556 easiu
636 3507 687 3555 aut
697 3493 779 3556 fraus
790 3493 934 3558 subducit.
945 3491 1026 3560 Vide
1035 3497 1123 3575 mihi,

75 3597 144 3662 siab
161 3601 197 3662 iis
211 3601 375 3678 Felicitas,
396 3621 541 3686 angorem
557 3614 704 3663 nostrum.
723 3600 847 3664 Habere
866 3603 1046 3687 satagimus,
1064 3625 1126 3668 uon

75 3701 159 3784 adepti
169 3704 310 3765 dolemus
321 3749 329 3780 ,
342 3703 441 3785 adepti
449 3703 590 3764 timemus
603 3713 750 3773 movent
758 3717 877 3786 erepta,
889 3704 1050 3767 sollicitant
1064 3709 1126 3769 eri-

75 3804 176 3884 pienda.
189 3833 205 3862 e
213 3808 481 3890 Quemadmodum
493 3829 564 3870 ares
575 3808 665 3869 etiam
676 3807 773 3870 inanis
782 3808 878 3870 fundae
889 3829 979 3872 sonus
989 3813 1123 3886 territat;

75 3911 108 3970 iu
116 3915 158 3975 isti
169 3937 232 3977 non
240 3917 280 3976 ad
285 3915 380 3977 ictum
389 3927 505 3975 tantum
516 3914 711 3998 exagitantur,
724 3916 775 3976 sed
783 3916 821 3976 ad
828 3915 986 3998 crepitum.
994 3943 1009 3970 »
1019 3916 1125 3998 (lbid.)

74 4013 117 4080 Dii
127 4023 263 4104 deoque!
278 4019 330 4083 ubi
345 4021 435 4105 igitur
448 4019 588 4082 Libertas
602 4021 656 4081 illa
671 4033 700 4082 et
713 4017 882 4098 Securitas,
903 4024 1053 4105 promissa
1064 4022 1124 4086 Sa-

75 4121 173 4198 pienti?
192 4123 373 4204 Numquam
401 4121 581 4198 consistent,
609 4119 740 4204 Epicteti
766 4121 821 4184 illo
847 4123 920 4184 seito
947 4125 1090 4187 subverso
1115 4147 1123 4186 a

75 4223 196 4293 -llerum
207 4231 276 4294 aliae
291 4230 323 4290 in
338 4229 436 4302 nobis,
455 4229 521 4292 alise
539 4241 622 4294 extra
636 4247 692 4289 nos
706 4242 782 4290 sunt.
794 4227 829 4290 ln
840 4229 938 4306 nobis,
955 4230 1121 4316 Appetitio,
