2896 4958
212 467 278 536 AD
304 467 482 540 STOIC.
508 469 714 539 PHILOS.
742 466 838 538 [alb.
865 466 941 538 111.
978 471 1121 538 ccxxxix

61 607 208 689 samsone,
225 611 300 674 nihil
316 612 382 676 sine
392 612 483 693 Deo,
504 615 567 678 imo
580 615 713 698 jussione
728 613 794 696 ejus
814 611 938 676 iactum.
961 611 1121 676 Instinctus

61 717 173 780 bicluit:
186 731 216 780 et
228 746 243 772 u
253 719 376 802 spiritus
386 720 516 784 latenter
534 723 592 784 boc
607 717 923 804 jusseratillugustini
937 718 1058 798 verba),
1069 719 1121 801 qui

4 811 5 818 ἵ
59 823 193 905 perillum
204 823 353 886 miracula
364 825 504 889 faciebat.
516 854 532 881 o
544 826 583 907 (I
594 825 645 889 De
659 823 751 890 Civit.
762 845 828 908 cap.
843 847 879 886 ar
893 837 924 887 et
940 822 1006 903 26.)
1014 823 1123 888 Simile

58 929 124 992 idern
131 929 181 992 ille
191 928 312 992 Doctor
321 930 354 992 in
365 931 531 1016 virginibus
542 945 660 1008 censet,
670 952 736 1012 quae
746 943 879 992 mortem
888 931 1068 1013 sumpsisse,
1081 951 1121 992 ne

57 1035 247 1112 violarentur,
263 1035 413 1119 legrmtur.
424 1036 468 1099 Ut
479 1037 511 1098 in
521 1035 712 1121 Sophronia,
730 1057 795 1117 que
807 1019 954 1098 Maxentii
964 1035 1123 1099 libidinem

57 1141 170 1224 repulit,
183 1141 318 1232 gladium
327 1143 358 1202 in
373 1164 405 1205 se
417 1143 539 1206 admisit
552 1167 559 1205 ι
572 1157 605 1204 ut
620 1143 652 1204 in
664 1139 804 1223 Pelagio,
820 1163 885 1223 quoe
901 1141 1026 1205 flumine
1039 1143 1121 1205 ultro

55 1247 154 1330 mergi,
170 1267 263 1328 quam
277 1268 295 1307 a
311 1246 408 1309 milite
419 1248 516 1331 pollui
530 1294 538 1325 ,
552 1248 653 1332 elegit.
668 1245 823 1309 Monitum
836 1262 887 1309 aut
898 1249 992 1331 jussio
1002 1247 1065 1311 Dei
1073 1248 1124 1313 hic

55 1373 159 1433 quoque
178 1353 409 1434 praesumenda:
430 1367 462 1415 et
484 1382 498 1408 o
511 1353 578 1434 quis
594 1353 798 1414 obedientiam
822 1352 854 1414 in
875 1354 992 1416 crimen
1012 1355 1124 1418 vocet?

54 1459 109 1539 quis
122 1458 301 1539 obsequium
316 1459 437 1542 pietatis
448 1459 589 1525 accmct?
604 1487 619 1512 o
636 1457 754 1539 (lbid.)
765 1457 815 1522 De
827 1457 938 1536 Razio,
951 1461 1031 1524 haud
1041 1483 1124 1544 uque

52 1578 216 1649 promptum
226 1564 352 1626 definire
368 1577 422 1627 est.
433 1562 562 1627 Factum
577 1567 641 1647 ejus
656 1565 813 1648 probum?
827 1566 1009 1650 ambigitur,
1025 1589 1125 1650 neque
1171 1615 1174 1622 .

53 1668 265 1744 Sacradictmt,
282 1671 341 1733 nisi
351 1669 506 1733 Nobiliter
523 1671 704 1734 etViriliter
724 1671 831 1734 fecisse
849 1697 857 1734 ι
875 1671 962 1736 Bene
975 1690 1027 1737 aut
1039 1673 1125 1738 Lau-

53 1779 181 1841 dabiliter
189 1799 255 1840 non
270 1779 381 1840 dicunt.
393 1777 435 1839 Et
449 1779 604 1840 &tendum
613 1791 659 1840 est
669 1823 677 1854 ,
688 1776 713 1838 J
715 1779 815 1840 udoeos
827 1781 1013 1862 posteriores
1028 1801 1046 1843 a
1058 1804 1125 1845 mo-

53 1885 124 1948 ribus
139 1887 275 1968 gentinm
293 1884 440 1968 paulatim
456 1885 570 1966 aliquid
587 1885 769 1968 sumpsisse,
793 1907 811 1946 a
826 1886 934 1967 quibus
946 1901 1028 1950 certe
1042 1889 1121 1965 luit,

54 1995 122 2072 quod
131 2007 193 2056 tam
206 1992 321 2076 crebrre
335 1992 394 2054 illae
413 1991 459 2054 sui
471 1994 565 2054 coedes
581 1991 722 2075 leguntur
737 1992 768 2053 in
781 1991 897 2055 excidio
910 1991 1022 2055 Jodm
1035 2009 1125 2077 atque

54 2100 126 2160 urbis
137 2146 146 2178 ,
159 2102 241 2182 quod
258 2097 414 2182 Joseplous
426 2099 593 2182 descripsit.
610 2097 778 2162 Enimvero
794 2121 862 2162 cum
878 2098 1047 2184 Augustino
1060 2116 1125 2166 tuto

53 2205 199 2268 definimus
212 2229 219 2266 z
234 2232 249 2259 r
258 2204 306 2266 his
318 2205 465 2287 exceptis,
483 2224 558 2284 quos
571 2206 622 2266 vel
633 2201 696 2266 Lex
708 2207 802 2287 justa,
815 2206 864 2268 vel
876 2205 940 2289 ipsc
954 2207 1022 2270 fons
1031 2206 1127 2271 Justi-

54 2311 93 2370 tioe
102 2310 184 2374 Deus
193 2311 279 2394 jubet
291 2311 405 2386 occidi,
416 2311 549 2392 quisquis
561 2310 731 2387 bominem,
743 2312 791 2374 vel
803 2312 948 2396 seipsum,
961 2314 1010 2375 vel
1023 2335 1127 2396 quern-

53 2415 117 2479 libet
133 2417 297 2493 occiderit,
321 2415 488 2478 Homicidii
512 2417 641 2483 crimine
663 2417 808 2480 innecti.»
833 2415 875 2480 Et
895 2419 978 2480 nulla
1000 2433 1123 2497 tamen,

54 2523 180 2605 inquies,
202 2523 340 2606 exceptio
359 2523 424 2587 est?
442 2521 525 2606 Quid
542 2523 632 2608 igitur
651 2525 676 2586 si
697 2523 893 2608 Magistratus
910 2539 962 2586 out
979 2523 1125 2611 Princeps

52 2645 176 2693 mortem
193 2630 271 2692 mihi
288 2630 417 2707 indicet,
432 2651 496 2692 non
513 2631 630 2714 possim
648 2644 698 2692 out
717 2631 847 2694 debeam
863 2633 1007 2714 exsequi?
1025 2631 1127 2696 Fuere

53 2736 146 2815 enim,
157 2751 188 2803 et
198 2749 269 2801 sunt
276 2750 416 2819 tempora
428 2750 480 2798 aut
492 2737 633 2820 regiones
640 2781 649 2810 ‚
666 2737 773 2818 quibus
786 2738 817 2799 id
832 2737 893 2798 fiat.
905 2735 970 2799 Sub
979 2737 1125 2818 Tiberio,

53 2842 189 2922 Nerone,
202 2841 403 2920 Domitiano,
416 2863 578 2905 commune
588 2844 710 2904 mittere
720 2843 891 2906 Tribunum
905 2858 957 2907 aut
967 2843 1130 2908 Centurio-

53 2971 135 3027 nem,
153 2964 185 3012 et
200 2964 370 3012 extremam
385 2950 595 3012 necessitatem
612 2951 803 3012 denunciare.
817 2949 850 3012 Si
866 2951 933 3033 quis
943 2967 1081 3036 pareret,
1099 2969 1130 3017 et

52 3071 178 3120 mortem
188 3070 351 3140 occuparet
364 3080 372 3129 ;
385 3054 551 3118 monebant
557 3069 736 3119 testamenta
749 3058 845 3139 ,justa
856 3057 981 3136 funeris,
997 3062 1129 3144 pretium

52 3164 247 3244 (ait'l'acitus)
255 3163 424 3227 festinandi.
434 3161 489 3225 Sin
499 3175 619 3236 autem3
633 3184 703 3226 ecce
714 3183 830 3241 carcer,
842 3165 1128 3249 camiferr,laqueus,

52 3270 227 3349 Gemoniob
246 3271 345 3334 fiscus.
367 3269 459 3354 Apud
475 3268 613 3353 Japanes
632 3271 725 3333 etiam
745 3271 836 3334 hodie
850 3273 956 3334 usitari
971 3274 1075 3351 aiunt,
1097 3289 1131 3336 ut

51 3376 256 3440 Rexollensus
265 3377 415 3439 nobilium
424 3376 514 3439 alicui
526 3379 659 3447 mandet,
670 3375 760 3454 =·Abi‚
771 3390 908 3440 ventrem
919 3377 975 3440 tibi
985 3379 1085 3442 scinde
1094 3403 1128 3440 n:

51 3499 80 3546 et
89 3486 140 3547 ille
157 3497 283 3568 pareat,
295 3484 457 3566 sociatque.
472 3481 509 3545 In
524 3482 571 3543 bis
582 3481 673 3564 igitur
686 3481 812 3554 talibus,
830 3484 938 3564 ecquid
948 3484 1130 3548 dicendum?

50 3587 207 3667 Primum,
228 3588 302 3671 quid
319 3585 439 3664 Stoici,
458 3587 615 3649 videamus
637 3612 644 3656 ;
666 3607 738 3648 num
757 3602 787 3649 et
806 3587 852 3648 illi
873 3588 923 3651 bic
942 3583 1056 3670 aliquid
1075 3593 1133 3654 de-

49 3709 183 3759 cernunt.
196 3693 314 3758 Seneca
339 3717 346 3755 ε
370 3693 585 3776 «Aliquando,
609 3692 727 3754 etiarnsi
738 3707 820 3756 certo
839 3715 925 3756 mors
941 3694 1082 3769 instabit,
1101 3713 1131 3760 et

49 3803 228 3864 destiroatmn
239 3800 297 3864 sibi
309 3799 490 3884 supplicium
499 3799 573 3861 sciet
584 3844 593 3870 ,
603 3818 665 3859 non
676 3799 882 3862 commodabit
895 3798 1024 3885 Sapiens
1034 3826 1131 3887 poenae

48 3931 108 3971 ειη
132 3929 270 3972 manum.
298 3905 432 3968 Stultitia
457 3919 522 3978 est,
554 3904 666 3967 timore
688 3907 796 3968 mortis
824 3907 913 3968 mori.
940 3907 1054 3972 Veniet
1079 3913 1131 3994 qui

48 4015 166 4078 occidat
189 4039 198 4076 s
226 4026 387 4098 exspecta,
406 4012 479 4094 quid
494 4031 625 4094 occupas
640 4009 773 4072 alienum
788 4013 943 4094 negotium
954 4013 968 4059 7
978 4042 994 4068 »
1015 4013 1134 4100 (Epis-

46 4123 108 4184 tola
119 4124 215 4201 cxx.)
232 4119 365 4204 Propior
378 4119 500 4203 neganti
517 4118 568 4181 bic
583 4117 700 4179 videtur
719 4119 794 4180 :sed
811 4119 912 4180 statim
926 4142 996 4184 curn
1013 4124 1133 4188 distinc-

46 4232 128 4293 tione
140 4243 243 4292 tamen
260 4227 382 4310 aliqua,
402 4227 493 4288 etiam
508 4224 646 4288 admittit
664 4221 760 4286 «Non
776 4226 893 4308 possis,
909 4227 1026 4309 inquit,
1043 4232 1080 4293 de
1097 4253 1131 4293 re

46 4339 77 4400 in
95 4337 275 4400 universum
291 4333 503 4419 pronunciare.
521 4329 621 4394 Multa
639 4331 720 4393 enim
740 4345 826 4409 sunt,
843 4355 907 4414 quae
919 4324 957 4395 'io
975 4350 1133 4419 utramque
