2910 4954
306 503 842 588 LIBER111,'CAP.x1v.
976 483 977 490 ‘
1061 503 1137 596 ¹³7'

80 634 164 705 iorem
176 663 270 706 snum
285 639 498 730 profiteatur.
514 635 553 702 ld
568 635 643 703 lieri
653 659 751 728 posse
761 634 957 729 apparebit,
974 634 1002 701 si
1016 655 1123 726 pauca
1148 658 1163 690 ²

80 777 111 820 er
122 755 241 848 ingenti
256 754 355 822 turba
366 753 521 846 exempla
535 753 730 846 protulero,
750 739 927 844 exquibus
940 765 1123 842 utrumque

80 868 187 939 decere
211 870 292 938 licet
313 897 321 936 ι
346 884 511 961 quantum
532 868 611 936 mali
634 866 758 935 habeat
776 868 848 950 ira,
870 865 930 934 ubi
948 865 1124 932 bominum

78 1001 304 1076 praepotentum
323 999 489 1078 potestate
515 999 584 1052 tota
602 985 731 1068 utitur,
753 998 917 1075 quantum
935 982 1001 1050 sibi
1017 969 1143 1075 impe-¹

81 1121 142 1166 rare
155 1101 273 1193 possit,
292 1100 352 1169 ubi
369 1116 462 1168 metu
480 1101 607 1192 majore
621 1123 812 1191 compressa
826 1113 889 1166 est.
906 1109 914 1144 ¹
932 1097 1124 1190 Cambysen
1149 1105 1165 1157 3
1253 1093 1256 1102 '

79 1239 176 1308 regem
196 1219 299 1286 nimis
315 1216 468 1286 deditum
484 1218 768 1309 vinoPraexaspes
786 1241 875 1284 unus
886 1239 925 1284 ex
945 1215 1126 1284 carissimis

78 1330 237 1414 monebat,
259 1348 296 1399 ut
311 1331 448 1426 parcius
465 1329 622 1412 biberet,
644 1345 777 1422 turpem
794 1353 867 1398 esse
885 1327 1003 1396 dicens
1014 1327 1126 1396 ebrie-

79 1459 164 1514 tatem
180 1449 216 1517 in
235 1473 338 1542 rege,
358 1473 458 1542 quem
479 1449 567 1517 oculi
586 1447 738 1516 omnium
753 1469 921 1539 auresque
942 1469 1127 1538 sequeren-

78 1575 134 1628 tur.
160 1564 212 1632 Ad
236 1565 302 1634 hoc
324 1565 383 1634 ille
405 1591 413 1632 ε
437 1591 453 1628 a
471 1567 517 1634 Ut
538 1565 646 1646 scias,
677 1563 815 1655 inquit,
843 1561 1127 1654 quemadmodum

37 1681 42 1688 '
82 1701 276 1772 »nunquam
300 1679 454 1750 excidam
476 1679 561 1748 mihi
575 1685 602 1763 ¹,
630 1679 827 1773 approbabo
850 1680 921 1772 jam
950 1694 985 1747 et
1014 1679 1129 1747 oculos

81 1811 180 1886 »post
198 1798 316 1865 vinum
344 1798 381 1865 in
402 1797 516 1864 officio
541 1819 614 1864 esse
641 1811 676 1863 et
698 1819 827 1864 manus.
849 1823 865 1860 a
893 1796 984 1864 Bibit
1003 1794 1129 1864 deinde

76 1905 236 1980 liberalius
246 1937 348 2004 quam
361 1911 445 1981 alias
455 1911 690 2005 capacioribus
703 1911 862 2004 scyphis,
877 1912 988 2004 etjam
1002 1912 1126 2006 gravis,

77 2037 105 2088 et
122 2026 343 2110 temulentus,
368 2027 597 2121 objurgatoria
620 2029 673 2095 sui
697 2027 805 2096 lilium
830 2027 1016 2121 procedere
1040 2027 1130 2094 ultra

77 2136 166 2210 limen
174 2143 295 2234 jubet,
312 2143 523 2235 allevataque
536 2167 638 2236 super
652 2159 754 2237 caput
765 2144 902 2212 sinistra
912 2169 1014 2213 manu
1025 2159 1126 2211 stare.

78 2254 165 2326 Tunc
174 2259 323 2330 intendit
332 2285 449 2328 arcum
463 2311 472 2342 ‚
486 2275 521 2328 et
533 2261 645 2354 ipsum
658 2284 718 2328 cor
730 2258 953 2330 adolescentis
968 2261 1030 2350 (id
1040 2262 1131 2328 enim
1156 2266 1172 2330 t

77 2395 107 2438 se
129 2393 245 2468 petere
271 2377 427 2467 dixerat)
453 2377 551 2470 figit,
578 2377 757 2469 recisoque
780 2381 918 2472 pectore
939 2378 1073 2447 haerens
1095 2378 1133 2444 in

76 2487 139 2580 ipso
157 2494 261 2563 corde
275 2494 442 2588 spiculum
461 2493 631 2580 ostendit3
651 2517 692 2562 ac
707 2495 893 2587 respiciens
908 2510 1059 2588 patrem,
1079 2518 1132 2562 sa-

76 2603 175 2676 tisne³
192 2627 321 2680 certam
340 2611 485 2680 haberet
499 2634 635 2678 manum
651 2611 666 2677 t
682 2611 916 2703 interrogavit.
939 2597 984 2678 At
997 2611 1055 2679 ille
1072 2634 1132 2679 ne-

76 2729 157 2814 gavit
178 2723 393 2822 Apollinem⁴
421 2729 571 2823 potuisse
594 2728 720 2796 certius
742 2725 926 2796 dimittere.
956 2729 1012 2797 Dii
1037 2728 1132 2797 illum
1159 2741 1173 2790 5

75 2837 152 2907 male
165 2842 330 2934 perdant,
344 2844 457 2912 animo
467 2842 575 2935 magis
585 2865 687 2934 quam
699 2840 892 2910 conditione
905 2839 1129 2937 mancipium!

74 2954 147 3044 Ejus
171 2961 223 3027 rei
239 3001 243 3008 -
257 2957 413 3028 laudator
443 2959 530 3042 suit,
560 2958 656 3051 cujus
684 2959 785 3027 nimis
813 2975 887 3028 erat
911 2975 1134 3054 spectatorem

74 3068 190 3162 finisse,
211 3078 423 3146 occasionem
445 3075 688 3145 blanditiarum
705 3078 855 3169 putavit,
874 3093 994 3169 pectus
1012 3079 1074 3146 lilii
1098 3079 1134 3146 in

73 3185 274 3286 duaspartes
285 3192 460 3262 diductum
474 3244 483 3276 ,
501 3209 536 3260 et
547 3217 605 3261 cor
617 3193 681 3261 sub
693 3193 835 3262 vulnere
849 3195 1029 3288 palpitans.
1043 3197 1134 3264 Con-

75 3313 264 3381 troversiam
290 3311 340 3379 illi
364 3311 475 3378 lacere
494 3309 538 3378 de
561 3308 670 3402 gloria
687 3308 829 3394 debuit,
853 3326 889 3378 et
907 3335 1068 3381 revocare
1082 3313 1137 3403 ja-

73 3439 154 3494 ctum
167 3421 192 3511 ⁵,
213 3445 256 3496 ut
278 3430 353 3524 regi
374 3429 503 3496 liberet
519 3429 556 3495 in
581 3429 654 3526 ipso
680 3443 777 3519 patre
802 3431 981 3497 certiorem
1000 3455 1135 3498 manum

72 3546 260 3616 ostendere.
273 3547 426 3640 Oregem
435 3539 632 3616 cruentum!
646 3542 862 3638 odignumin
872 3553 973 3639 quem
986 3549 1136 3616 omnium

105 3765 123 3798 ¹·
152 3751 311 3825 Cambysen.
339 3753 431 3804 Narrat
454 3749 577 3804 Herodot
627 3747 783 3820 pernitani
793 3753 861 3802 satis
871 3762 976 3804 certam.
988 3751 1058 3804 Hinc
1071 3751 1138 3804 Gro-

73 3817 112 3876 lib.
123 3825 176 3892 m,
194 3850 269 3904 capp.
284 3828 332 3893 34,
344 3827 391 3882 35.
626 3824 719 3877 novius
727 3826 807 3878 lacere
818 3827 914 3880 voluit:
929 3821 1021 3894 Satin,
1034 3840 1139 3884 cenam.

100 3923 122 3954 ².
136 3903 279 3960 Excidunt
291 3906 363 3960 mihi.
376 3907 434 3960 Hoc
446 3919 497 3970 est,
510 3906 577 3959 enci·
662 3903 684 3967 4.
703 3905 862 3971 Apollinem.
881 3907 936 3976 Qui
951 3907 1044 3962 Diana·
1063 3909 1140 3961 irater

71 3975 179 4035 dstmilri
190 3984 245 4036 mei
253 3983 389 4058 imperinm
398 4005 404 4047 ς
414 3984 470 4037 aliis
479 3983 577 4037 verbis:
627 3982 757 4056 pingitur,
771 3982 842 4036 velut
858 3983 911 4058 ipsa
920 4005 934 4036 ι
944 3987 1040 4058 poetis,
1053 4006 1139 4039 arcum

70 4053 119 4110 blei
135 4059 215 4134 ipsios
234 4061 386 4126 obliviosam
404 4063 454 4117 mei
475 4083 578 4137 compos
626 4081 714 4127 mann,
727 4059 840 4114 humeris
849 4061 991 4136 pharetram
1003 4063 1139 4129 sustinens,

70 4133 116 4205 lpse
128 4139 178 4209 jam
188 4141 313 4194 nonsim.
628 4159 711 4210 neque
723 4159 946 4214 unqusmsscopo
958 4140 1084 4196 aberrans.

99 4215 121 4267 3.
132 4217 245 4272 Satisne
256 4239 269 4272 e
280 4218 355 4272 codd.
369 4231 507 4293 receptum.
523 4219 577 4271 An·
662 4221 686 4272 5.
703 4217 828 4281 Jactum,
845 4217 905 4290 qnia
922 4218 953 4271 de
971 4219 1060 4292 sagitta
1077 4218 1103 4270 b.
1117 4213 1140 4270 l.

69 4301 104 4342 Μ
117 4331 124 4356 ,
137 4315 173 4347 on
186 4299 273 4360 satir,
286 4298 355 4368 qnod
370 4317 495 4368 nusquam
510 4317 579 4351 com·
627 4295 731 4371 agitor,
749 4297 846 4369 putavit
865 4295 981 4369 Lipsius,
1002 4302 1081 4350 e'rtnm
1099 4293 1142 4344 le-
