2930 4956
481 423 780 494 raffirarro.
1133 428 1167 510 xj

104 547 362 631 commendatas,
380 548 536 639 quamvis
557 547 729 616 tenuiores
751 546 889 614 interim
907 541 952 612 ad
975 559 1167 616 nostrorum

107 683 278 758 temporum
293 665 428 746 lucem,
447 661 564 732 sedulo
579 661 777 756 colligendi,
790 677 825 730 et
838 676 940 755 prout
954 661 1086 730 consilii
1100 662 1167 730 mei

106 783 278 850 rationibus
292 781 514 862 conveniret,
532 805 609 849 cnm
624 781 709 846 meis
721 793 800 870 apte
810 777 1043 871 conjungendi
1062 805 1070 844 :
1086 801 1169 871 quo-

104 899 202 966 minus
218 913 253 966 et
271 898 338 966 bac
357 896 620 966 immortalitatis
638 895 794 962 bumanae
813 909 936 986 parte,
964 910 1003 962 ut
1021 893 1074 962 vel
1099 917 1167 961 no-
1275 889 1277 894 ’

104 1016 183 1082 mine
200 1029 318 1084 nostro
337 1037 406 1082 non
420 1027 680 1092 commemorato
695 1013 781 1080 lacta
797 1009 930 1080 dictave
950 1025 1064 1080 nostra
1076 1010 1166 1080 bona

104 1147 324 1212 sternentur,
347 1129 482 1224 spoliati
499 1129 553 1198 vel
566 1128 736 1198 oblivione
750 1128 959 1222 sepeliantur
975 1177 984 1211 ,
1007 1128 1063 1196 vel
1076 1129 1167 1195 iuri-

102 1245 152 1312 dia
171 1245 373 1312 obruamur.
403 1245 561 1312 Attamen
584 1245 769 1339 saepissime
792 1267 849 1311 eos
869 1266 1006 1334 quoque
1027 1242 1167 1310 honoris

103 1383 191 1428 causa
211 1360 384 1428 nominari
405 1407 415 1442 ,
433 1383 454 1426 a
481 1359 606 1450 quibus
623 1383 677 1426 me
695 1359 732 1426 in
749 1355 939 1427 enarrando
960 1356 1166 1451 Pbilosopbo

103 1475 246 1566 adjutum
263 1474 510 1569 intellexeram.
529 1475 664 1544 Auxilio
678 1498 797 1544 eorum
810 1475 847 1542 in
860 1474 1070 1567 argumentis
1082 1497 1165 1542 con-

103 1592 248 1660 ficiendis
271 1606 413 1684 propter
436 1589 570 1661 easdem
594 1590 744 1660 rationes
767 1611 945 1658 naussum
969 1637 978 1671 ,
1008 1590 1166 1682 inprimis

104 1706 215 1797 lipsii.
224 1691 348 1796 ddjeci
362 1701 489 1772 deinde
503 1703 545 1772 iis
559 1701 853 1774 adumbrationem
864 1699 1044 1794 quamdam
1057 1701 1169 1772 litera-

102 1835 178 1888 tnrae
188 1822 389 1901 sontiumve,
401 1817 494 1888 unde
507 1819 562 1889 vel
570 1819 780 1891 occasionem
789 1818 975 1905 scribendi,
991 1819 1047 1888 vel
1060 1844 1165 1888 unrun

101 1934 281 2006 alterumve
295 1959 336 2004 ex
352 1933 434 2003 locis
448 1936 679 2027 pertractatis,
693 1936 845 2006 hausisse
859 1933 969 2004 videri
980 1949 1091 2027 potest
1103 1936 1166 2004 Se-

103 2077 189 2120 neca.
206 2054 249 2120 ln
264 2077 333 2143 qua
351 2067 463 2120 tamen
478 2074 546 2120 uon
560 2050 598 2118 id
609 2050 779 2144 agendum
792 2074 865 2120 esse
878 2051 1017 2143 putavi,
1039 2066 1077 2118 ut
1095 2076 1166 2120 ma-

104 2168 181 2234 teria
193 2165 288 2234 relat
300 2189 377 2234 cum
388 2163 578 2258 pulvisculo
591 2187 767 2246 conversa,
783 2162 915 2258 copiam
928 2176 963 2233 et
975 2163 1165 2232 ubertatem

101 2284 303 2362 affectarem,
321 2281 382 2350 sed
395 2282 532 2370 nonnisi
545 2281 687 2350 strictim
702 2283 865 2375 appositis
880 2282 1073 2374 praecipuis,
1089 2305 1164 2372 quae

102 2399 247 2493 ejusdem
259 2400 454 2492 argumenti
467 2396 631 2490 usquead
644 2400 807 2467 Senecam
820 2399 918 2467 nobis
927 2400 1162 2480 innotuerunt,

101 2517 237 2609 vestigia
249 2531 355 2606 etque
366 2514 570 2582 lineamenta
584 2514 796 2583 ostenderem
810 2565 820 2597 ,
836 2539 911 2606 quae
924 2569 932 2600 ,
943 2516 971 2582 si
985 2514 1040 2582 cni
1055 2529 1162 2594 vacet,

37 2673 41 2681 ·
101 2634 225 2702 utiliter
238 2632 446 2702 contendere
463 2681 472 2714 ,
492 2648 594 2724 atque
610 2631 697 2700 adeo
717 2633 873 2725 prolerre
886 2648 921 2701 et
938 2655 1102 2702 exornare
1117 2631 1165 2700 li-

101 2751 196 2818 cebit.
212 2753 298 2818 Nam
316 2775 369 2818 me
391 2773 462 2818 uon
485 2749 586 2836 latet,
604 2750 709 2818 multa
727 2749 807 2818 addi
826 2749 938 2818 adhuc
958 2774 1056 2843 posse
1074 2777 1082 2816 :
1098 2767 1160 2824 ut,

103 2864 141 2932 ad
160 2866 415 2934 Consolationes
431 2865 487 2936 rel
504 2891 523 2934 e
537 2868 702 2936 Cicerone
718 2918 727 2951 ‚
743 2867 789 2935 ad
806 2892 908 2959 quern
930 2867 1093 2962 preclara
1107 2865 1166 2932 illa

101 2980 236 3072 epistola
255 2983 353 3051 Serv.
371 2983 515 3075 Sulpicii
528 2999 657 3068 exstat,
674 2984 718 3052 ad
732 2985 810 3052 Div.
829 2987 898 3066 IV,
918 2985 937 3051 ⁵
959 3009 965 3049 :
983 2983 1027 3050 ad
1041 2982 1164 3050 librum

106 3091 146 3162 de
159 3098 235 3164 Vita
246 3095 346 3166 beata
362 3097 443 3166 libri
457 3098 608 3190 ejusdem
627 3101 858 3194 inscriptionis
876 3099 1070 3192 Augustini,
1089 3097 1170 3164 Am-

101 3208 226 3294 brosii,
247 3216 415 3282 Lactantii
437 3241 446 3280 z
467 3239 670 3308 quamquam
692 3218 767 3286 baec
783 3214 1011 3286 additamenta
1025 3213 1070 3282 ad
1084 3229 1169 3280 tem-

100 3351 180 3419 pom
199 3345 274 3423 post
300 3333 462 3400 Senecam
483 3349 660 3424 spectant,
687 3333 833 3426 ideoque
852 3357 872 3400 a
895 3348 1009 3401 nostro
1029 3329 1169 3398 consilio
1271 3407 1275 3420 ι

101 3444 206 3512 aliena
223 3463 316 3516 sunt.

148 3589 164 3625 a
186 3563 287 3632 Haud
301 3565 402 3656 paulo
419 3567 581 3638 minorem
598 3568 867 3638 commoditatem
879 3568 945 3648 iis,
966 3565 1025 3658 qui
1039 3566 1166 3633 Seneca

101 3676 310 3774 vellegendo
325 3682 380 3748 rel
390 3681 559 3751 laudando
572 3685 622 3751 uti
634 3684 758 3770 velint,
775 3686 905 3778 primus
917 3683 1069 3751 attulisse
1082 3679 1164 3746 mihi
1270 3765 1275 3773 ¹

100 3793 234 3879 videor,
256 3812 351 3866 textu
371 3797 646 3896 distinctionibus
667 3823 751 3891 quas
772 3796 1003 3892 paragrapbos
1024 3809 1165 3873 vocant,

102 3899 245 4006 margini
263 3913 449 4008 appositis,
467 3917 678 4009 consignato.
697 3942 713 3978 u

546 4027 709 4093 (Scribebat,
721 4025 807 4080 ldibut
818 4025 897 4099 April.
913 4027 1000 4096 1797.)

150 4181 332 4274 llis‘pauca
349 4181 571 4273 subjiciemus
584 4205 621 4249 ex
634 4181 828 4274 prelatione
839 4182 883 4248 lv
904 4180 969 4247 vol.
990 4179 1073 4269 (quo
1087 4176 1165 4243 libri
