2930 4956
246 491 309 560 AD
333 491 510 562 sTotc.
535 492 748 564 PHILOS.
773 493 874 562 nto.
899 494 927 560 l.
1091 493 1125 564 lv

93 631 172 696 sutas
181 634 233 698 hoe
244 635 341 718 ipsrnn
354 663 370 688 s
379 627 492 697 Poenus
504 635 685 718 eognomhre
696 634 791 699 dietus
806 647 852 698 est
861 633 972 718 (Zeno)
982 635 1127 717 ‹morriam

92 737 153 802 Puni
168 738 288 818 (Graue
302 744 453 804 rhomes
464 743 479 819 )
492 741 597 804 ineolae
611 741 746 829 oppiduli
759 741 890 806 suerunt.
904 767 919 800 s
936 741 1046 806 Cicero
1068 741 1127 804 hnc

92 861 190 928 uectat,
206 862 253 910 aut
264 849 315 930 qui
327 849 409 934 apud
423 869 492 910 eum
506 847 623 910 Zenoni
637 847 766 910 illudunt
783 871 791 910 s
810 847 913 925 «Tuus
923 847 974 911 itte·
983 845 1127 912 l’tenulus

91 953 148 1030 (seis
161 955 232 1016 euim
245 952 395 1030 Cittieos,
411 953 535 1020 clientes
553 967 640 1026 tuos,
656 975 673 1016 e
688 952 823 1017 Poenieia
841 953 1017 1038 proiectos)
1030 954 1125 1016 verba

89 1081 181 1122 versare
193 1062 287 1146 erepit.
310 1089 326 1116 o
340 1061 406 1142 (lV
418 1058 469 1124 De
483 1058 603 1142 finib.)
618 1058 661 1123 Et
673 1061 747 1124 alibi
764 1085 772 1120 ε
790 1089 805 1116 s
821 1060 905 1124 Zeno
918 1058 1060 1138 Cittiens,
1073 1062 1126 1123 ad·

87 1187 143 1227 reua
160 1167 287 1248 quidam,
311 1182 343 1232 et
356 1167 534 1252 ignobilis.»
555 1166 902 1252 (VTusc.)111utuns,
924 1167 956 1228 in
979 1188 1038 1250 qno
1058 1169 1124 1250 jure

86 1270 201 1354 gloriemr
218 1275 300 1360 ipse:
319 1295 337 1337 e
353 1273 521 1357 majoribus
537 1295 602 1337 esse
618 1272 723 1361 Syris,
747 1286 778 1336 et
791 1272 1079 1346 Judmeelinitimis,
1105 1294 1124 1336 a

85 1399 130 1458 qno
142 1393 225 1443 tractu
237 1381 385 1468 sapientia
395 1381 428 1442 in
439 1379 513 1442 alias
529 1400 599 1443 oras
613 1425 622 1458 ,
638 1392 671 1442 ut
684 1379 745 1442 diri
755 1424 764 1455 ,
776 1379 893 1442 diffisa.
907 1376 938 1440 E
952 1399 1012 1462 qua
1022 1390 1123 1458 autern

84 1479 193 1549 Penieiae
205 1489 311 1572 parte?
325 1485 462 1563 Sidone,
478 1500 511 1550 ut
523 1486 634 1570 opinor
646 1511 654 1558 ;
670 1507 706 1549 ex
719 1484 860 1570 Diogene
879 1509 886 1548 ε
905 1513 920 1542 κ
935 1484 1124 1548 Adicieban-

82 1602 119 1650 tor
128 1614 187 1676 erga
200 1595 356 1657 Zenonem
375 1593 468 1656 etiam
478 1590 602 1670 Cittiei,
622 1593 674 1674 qni
687 1593 718 1654 in
730 1589 844 1654 Sidone
859 1605 953 1654 erant
971 1617 986 1644 n
1001 1589 1052 1672 (ln
1060 1589 1123 1652 Ze-

82 1700 169 1776 none.)
180 1697 219 1761 Ut
230 1712 378 1784 appareat
392 1719 461 1762 eam
475 1711 615 1783 gentem,
634 1699 698 1762 sire
710 1697 858 1760 familiam
874 1697 1025 1782 amplam,
1042 1697 1123 1760 eolo

82 1801 131 1862 nias
140 1805 282 1883 emisisse,
301 1819 333 1869 et
344 1805 431 1868 illam
445 1825 464 1866 a
478 1826 511 1872 se
525 1805 557 1866 in
573 1801 677 1891 Cypro
698 1803 874 1868 urheculam
885 1803 1004 1868 dixisse.
1019 1800 1122 1864 Patria

81 1930 136 1992 ergo
148 1912 206 1974 talio
221 1937 228 1971 ε
245 1913 313 1996 quis
332 1913 417 1996 ipse?
433 1911 629 1998 peregregius
644 1937 651 1972 s
667 1911 774 1989 lactis,
789 1911 912 1990 verbis,
928 1910 1046 1993 scriptis
1060 1909 1123 1970 lau-

81 2015 164 2094 datus,
184 2031 212 2080 et
233 2019 410 2083 laudandus.
432 2018 506 2081 Vita
532 2019 709 2096 continens,
734 2019 896 2094 adstricta,
913 2031 943 2080 et
959 2016 1124 2078 austeritati

79 2135 147 2204 tique
156 2127 255 2210 inopiae
263 2127 393 2212 propior
405 2151 414 2188 t
425 2140 455 2189 et
468 2127 550 2210 qnod
563 2127 595 2188 in
608 2124 743 2188 Decreto
755 2125 878 2209 publico
891 2123 1122 2186 Atheniensium

79 2232 259 2312 perscribitur,
273 2255 395 2296 «aurea
411 2254 524 2297 corona
533 2235 661 2296 donatus
672 2237 757 2312 (roro
771 2233 803 2294 in
816 2233 847 2294 id
859 2254 953 2318 genus
962 2231 1121 2293 hominum

78 2332 185 2416 bonore)
198 2341 267 2423 quia
279 2341 375 2404 vitam
389 2361 475 2415 suam
492 2338 648 2424 exemplar
661 2338 803 2402 omnibus
815 2339 1026 2424 proponebat,
1046 2359 1122 2402 con-

78 2456 224 2508 sentaneam
248 2447 353 2511 verbis
375 2468 412 2510 ae
433 2446 582 2516 doetrinae.
601 2473 616 2500 a
632 2443 664 2508 Ο
686 2467 758 2509 vere
772 2445 987 2530 philosophron
1000 2443 1009 2504 l
1024 2458 1054 2506 et
1070 2445 1122 2526 qni

78 2553 167 2628 paratis
180 2553 285 2637 opibus
300 2553 446 2634 donisque
462 2552 624 2630 abstinuit,
650 2553 713 2615 imo
732 2554 854 2636 sprevit.
868 2551 950 2614 Nam
962 2551 1017 2614 re'x
1030 2550 1122 2612 Anti-

76 2673 152 2733 gonus
163 2655 295 2722 Gonatas
308 2661 403 2737 (inter
412 2659 510 2722 houm
522 2679 708 2744 magnosque
722 2661 893 2742 ponendus)
904 2679 980 2741 saepe
992 2659 1030 2719 ad
1042 2657 1122 2720 huuc

77 2761 206 2827 theodum
217 2811 226 2844 ,
238 2767 420 2828 audiendum
431 2810 441 2839 ,
454 2764 613 2828 fruendum
626 2764 762 2828 Athenas
776 2765 857 2827 venit
873 2788 880 2825 ε
897 2767 936 2827 ad
946 2786 978 2826 se
990 2764 1122 2847 premiis

76 2873 190 2934 evocarit
214 2895 222 2933 ε
246 2893 403 2954 numquam
427 2871 532 2934 movit.
551 2869 655 2953 ltaque
671 2871 773 2934 dicere
796 2871 900 2934 solitus
923 2871 1121 2954 rogantibus,

76 2972 127 3038 Cur
136 2977 215 3042 illtuu
227 2991 298 3042 ante
312 2999 419 3042 omnes
432 2979 596 3061 suspiceret
604 2979 666 3041 d—
684 3005 698 3032 s
711 2977 792 3060 Quia
805 3022 814 3053 ,
830 2977 925 3060 inquit
937 3023 946 3054 ,
964 2977 1060 3039 multa
1070 2999 1120 3038 me

74 3094 97 3140 st
111 3104 206 3168 magna
225 3084 334 3168 saepius
347 3083 516 3160 ollerente,
539 3103 694 3166 nunqnam
713 3097 811 3164 neque
826 3083 921 3145 etms
942 3103 1039 3164 neque
1062 3081 1126 3144 hn-.

74 3186 140 3248 nilis
150 3192 293 3274 apparuit.
310 3217 327 3244 o
341 3189 418 3252 Vult
431 3190 565 3267 dictetur,
587 3190 732 3252 mansisse
743 3190 774 3251 in
794 3201 901 3252 tenore
914 3203 945 3252 et
954 3189 1122 3270 aequilibrio

74 3289 115 3350 illo
124 3294 208 3356 animi
219 3341 228 3373 ,
241 3298 274 3358 in
291 3295 356 3357 sola
366 3296 475 3358 virtute
488 3295 613 3358 fundati.
627 3295 732 3378 ltaque
747 3295 800 3359 illo
814 3309 958 3370 mortuo,
974 3295 1055 3358 idem
1069 3315 1122 3356 rex

73 3398 267 3478 proctamavit:
284 3401 385 3484 Quale
391 3402 542 3464 theatrum
547 3403 683 3487 perdidi?
700 3399 761 3465 Sed
771 3423 942 3484 quanquam
952 3401 1124 3462 inamieitia

73 3501 117 3567 bet
130 3505 218 3593 Regis
237 3523 268 3572 et
286 3510 377 3572 totins
397 3509 502 3594 populi
521 3509 652 3587 ellectu,
675 3529 792 3592 pauper
812 3508 1037 3592 perseverarit,
1061 3527 1135 3572 uno-

73 3613 185 3677 annullo
206 3637 298 3679 servo
314 3592 491 3680 contentus?
505 3613 650 3689 Denuo,
665 3613 822 3698 Diogenes
839 3617 984 3691 suadeat,
999 3613 1051 3696 qui
1063 3613 1124 3674 ali-

74 3721 171 3794 qnando
190 3723 376 3806 percussisse
400 3741 521 3784 servum
541 3720 573 3782 in
595 3720 676 3783 furto
698 3720 920 3804 deprehensum
942 3732 1047 3781 narrat
1063 3742 1070 3780 ι
1086 3721 1124 3782 do

73 3823 139 3886 nullo
157 3825 296 3903 Seneca,
319 3827 370 3910 qni
392 3827 464 3890 satis
483 3827 639 3890 adfirmate
664 3851 672 3886 ι
697 3855 713 3882 α
737 3827 842 3890 Unum
866 3827 958 3890 luisse
982 3825 1122 3888 Homero

75 3947 190 4010 terrum,
204 3935 325 4002 nullum
335 3917 452 3996 Zenoni
464 3977 473 4012 ,
492 3955 582 4016 aquo
593 3935 684 4019 coepit
692 3933 864 3999 Stoicorum
877 3935 975 4018 rigida
989 3947 1019 3995 et
1030 3933 1124 3995 virilis

74 4038 217 4116 upimtia,
235 4042 311 4105 satis
325 4054 450 4104 constat.
465 4067 479 4096 n
496 4037 639 4121 (Consol.
656 4041 813 4116 adllelv.,
838 4063 902 4126 cap.
921 4043 987 4118 rs.)
1005 4038 1055 4102 Ne
1066 4041 1124 4100 du-

74 4136 145 4204 ltus
159 4147 283 4228 quidem
298 4147 361 4208 vult
377 4172 384 4206 ι
402 4161 487 4224 esto,
508 4147 596 4210 faveo
611 4161 641 4210 et
655 4150 754 4210 eredo.
775 4147 869 4219 Vita,
888 4144 1043 4223 moribus,
1063 4164 1125 4205 ser-

74 4267 165 4325 mone,
178 4237 305 4332 habitu,
322 4275 462 4317 serenent
475 4253 541 4330 vel,
557 4274 651 4339 prave
672 4254 954 4338 interpretantibus,
972 4265 1126 4314 austerum

76 4351 148 4422 insse
159 4374 318 4436 autumant
333 4385 341 4418 ι
358 4361 453 4424 nisisi
466 4359 647 4426 inconvirio
661 4375 779 4446 etpotn
796 4361 870 4426 :nbi
886 4359 1077 4435 remittebat,
1097 4370 1128 4419 et
