2886 4958
366 543 538 612 csrur
563 543 737 612 ιιιιι.
1019 547 1080 632 4..

0 673 102 739 ιίιιιιι
125 672 281 765 gentium
298 673 472 756 homines,
489 676 617 766 quique
631 689 729 755 sunt,
746 674 876 766 quique
893 689 994 742 emnt
1006 676 1021 742 i
1035 673 1087 742 Ad
1115 683 1146 736 13

5 809 178 854 ummam
193 811 308 878 quem
319 837 328 869 ,
340 812 386 857 an
399 812 439 858 ex
453 788 634 882 praeceptis
647 787 716 854 suis
728 787 876 854 vixerint
888 787 1084 866 Cleanthes,

0 921 25 970 >t
49 902 303 997 Chrysippus,
328 920 363 971 et
385 905 528 972 Zenon?
548 905 625 972 Non
645 902 750 971 dubie
777 901 1017 994 respondebis,
1039 905 1088 972 sio

3 1019 83 1087 llos
106 1018 245 1098 vixisse,
267 1015 551 1109 quemadmodum
562 1018 719 1086 dixerant
731 1041 805 1085 esse
815 1016 1010 1086 vivendum.
1027 1019 1088 1086 At-

0 1134 58 1219 ¹ui
86 1155 196 1198 nemo
210 1131 346 1200 illorum
361 1115 605 1226 rempublicam
617 1130 879 1200 administravit.
898 1159 913 1193 ιι
934 1133 1010 1198 Νοιι
1024 1131 1088 1198 luit

2 1247 70 1316 llis
88 1297 101 1326 ‚
122 1247 263 1336 inquis,
280 1262 339 1314 aut
356 1246 509 1330 fortuna,
531 1264 590 1315 aut
612 1245 778 1340 dignitus,
803 1269 879 1338 quse
894 1245 1025 1315 admitti
1043 1246 1087 1314 ad

0 1363 231 1432 ublicarum
247 1386 358 1430 rerum
379 1366 610 1432 tractationem
629 1363 714 1432 solet
726 1368 774 1430 ’.ιι
788 1361 855 1432 Sed
871 1362 973 1430 iidem
994 1362 1086 1432 nihi-

1 1481 165 1548 ominus
182 1501 250 1544 non
268 1501 406 1570 segnem
421 1503 524 1573 egere
541 1480 641 1548 vitam
659 1505 666 1545 :
681 1478 907 1562 invenerunt,
924 1477 1087 1572 quemad-

0 1595 155 1666 ..odum
178 1593 255 1687 plus
274 1596 371 1686 quies
394 1595 530 1664 illorum
552 1595 747 1664 hominibus
766 1595 961 1688 prodesset,
988 1621 1087 1689 quam

0 1715 162 1781 liorum
179 1709 350 1779 discursus
368 1716 380 1744 ²
395 1728 429 1779 et
450 1711 564 1780 sudor.
587 1717 679 1806 Ergo
695 1712 916 1782 nihilominus
935 1713 972 1780 hi
999 1711 1088 1778 mul-

8 1857 74 1900 um
94 1827 215 1921 egisse
228 1827 401 1910 visisunt,
418 1831 571 1920 quamvis
588 1828 675 1896 nihil
689 1828 826 1920 publice
837 1843 991 1922 egerent.
1003 1831 1091 1896 Prae·
1118 1833 1148 1900 ¹4

6 1967 104 2014 erea
121 1940 192 2008 trie
208 1963 333 2033 genera
343 1957 422 2008 sunt
431 1943 507 2008 vitae
519 1991 528 2020 ,
542 1942 633 2010 inter
644 1965 737 2032 quae,
751 1940 842 2034 quod
851 1943 895 2010 sit
904 1943 1086 2033 optimum,

1 2058 121 2128 ·uaeri
147 2055 233 2122 solet
248 2082 255 2121 ι
268 2080 374 2122 ιιιιιιιιι
396 2056 560 2150 voluptati
582 2075 693 2138 vacat,
718 2057 860 2126 alterum
881 2058 1089 2149 contempla·
1183 2139 1186 2147 .

10 2176 93 2242 ioni
109 2223 119 2254 ,
139 2172 279 2240 tertium
292 2173 433 2240 actioni.
449 2173 621 2257 Primum,
638 2173 789 2267 deposita
802 2175 1017 2244 contentione
1031 2171 1091 2240 de·

5 2293 197 2380 ·ositoque
229 2286 307 2356 odio
342 2287 434 2380 quod
461 2289 674 2381 implacabile
705 2290 837 2358 diversa
870 2288 1090 2382 sequentibus

20 2407 205 2475 diximus
217 2397 244 2487 ³,
266 2404 459 2487 videamus,
478 2429 523 2473 an
542 2405 616 2475 haec
634 2407 746 2474 omnia
763 2405 807 2474 ed
826 2407 916 2475 idem
939 2405 1002 2474 suh
1022 2404 1090 2472 alio

13 2524 113 2592 'tulo
132 2521 348 2614 perveniant.
370 2524 440 2590 Nee
455 2521 535 2604 ille,
556 2523 615 2614 qui
633 2522 838 2614 voluptutem
857 2520 994 2614 probat,
1016 2521 1090 2586 sine
1117 2527 1146 2576 1⁵

26 2633 305 2727 ntemplatione
328 2651 399 2719 est,
421 2659 485 2707 neo
502 2635 584 2718 ille,
606 2638 666 2727 qui
685 2635 959 2729 contemplationi
978 2636 1090 2701 inser·

1 2757 71 2836 vit,
94 2753 179 2819 sine
195 2751 366 2843 voluptate
384 2767 453 2836 est,
473 2774 537 2820 nec
554 2750 632 2834 ille,
653 2753 749 2844 cujus
763 2753 831 2820 vita
848 2750 973 2817 actioni
989 2747 1092 2817 desti·
1201 2786 1203 2794 ι

1 2888 91 2940 nata
120 2884 193 2949 est,
217 2869 290 2936 sine
309 2868 592 2960 contemplatione
607 2887 669 2936 est.
690 2896 704 2932 ιι
722 2868 927 2949 Plurimum,
957 2868 1087 2958 inquis,

3 3015 20 3050 ιι
41 2984 267 3052 discriminis
284 2999 353 3066 est,
372 2998 485 3051 utrum
501 2984 615 3077 aliqua
633 3008 687 3052 res
704 2985 912 3078 propositum
926 3034 935 3066 ,
951 3007 996 3051 an
1012 3005 1092 3076 pro-

2 3135 19 3166 ιι
40 3101 161 3198 positi
180 3099 319 3168 alterius
338 3101 485 3169 accessio
503 3102 547 3169 sit
559 3094 610 3168 ‘as
627 3103 715 3171 Sane
734 3101 863 3195 grande
881 3101 1087 3172 discrimen:

41 3319 94 3353 ι..
109 3295 239 3367 Nonsus't
240 3331 314 3350 ........
325 3297 435 3349 estest»
450 3293 533 3347 Consu
584 3295 722 3358 tationem,
740 3295 885 3368 vigiliarum
901 3293 984 3346 nullos
998 3296 1093 3347 fruetus

4 3381 81 3432 enim
117 3387 144 3426 et
170 3392 262 3446 genere
283 3392 346 3446 opus
373 3385 431 3424 erat.
451 3371 534 3423 liliam
583 3371 715 3425 obtinuere
730 3373 778 3425 nisi
791 3373 918 3426 sudorem.

4 3473 124 3510 oensem
148 3449 302 3524 Chrysippus
323 3450 435 3502 attulisse
456 3450 535 3501 lertur
618 3449 642 3501 3.
657 3449 740 3522 Quod
749 3453 916 3520 inplacabile
917 3486 973 3504 .......
984 3451 1092 3502 indis-i-

5 3557 45 3608 sp.
71 3529 216 3586 scobem
234 3531 315 3580 Serm.
334 3530 383 3593 43,
401 3527 533 3599 pag.3t3;
584 3547 652 3579 mus.
672 3528 834 3582 Gravissima
854 3530 923 3580 enim
949 3527 1092 3602 Sophorum

5 3615 170 3680 Χρύσιππος
186 3608 312 3674 ἱρικιιθιὶς
332 3607 395 3659 treet
416 3608 443 3658 sis
462 3609 537 3656 πολι-
586 3600 811 3678 Sophistarumque
827 3607 964 3659 simultates
982 3619 1052 3658 erant
1069 3621 1094 3658 et

5 3693 106 3747 πύκται
122 3725 131 3753 ,
146 3685 209 3740 ιῖιιν
225 3687 285 3738 διότι
303 3691 322 3739 el
343 3688 382 3754 pls
394 3688 488 3754 πονηρά
505 3707 537 3746 τις
587 3684 627 3735 his
635 3684 806 3756 temporibus:
819 3705 877 3736 nam
890 3686 1004 3737 omnium
1017 3701 1093 3736 ιιοιι·

6 3764 199 3829 astrudem,
211 3773 259 3826 τοῖς
268 3771 334 3824 &soie
348 3764 468 3832 ἀκρίσιν
479 3767 497 3815 sl
511 3764 536 3815 δι
588 3761 669 3812 lorum
682 3773 707 3813 et
718 3761 806 3813 vitiose
820 3773 845 3813 et
860 3760 962 3813 exitiosa
978 3763 1094 3814 suere.-

6 3851 104 3920 χμςὶι
115 3883 124 3903 .
135 3853 185 3904 τοῖς
194 3845 309 3904 πολίταις.
590 3837 699 3892 Diverso
721 3840 885 3908 sequentibus
907 3839 1033 3912 signifieat
1047 3857 1095 3890 va-

42 3925 238 3978 ‚strennue
248 3921 327 3971 Vense
333 3917 481 3989 irivoleque
490 3937 538 3970 nu·
587 3915 635 3967 ries
646 3915 721 3968 variis
734 3916 869 3968 sententias
879 3915 986 3988 probari.

7 3997 335 4080 pntiumenrsitetioues.
348 3995 474 4049 Homines
483 3994 538 4068 ple·
620 3992 754 4060 Mlti-um
763 3994 855 4061 aliquo
858 4029 915 4044 .......
929 3995 1040 4046 accessio
1049 3995 1093 4044 sit.

7 4099 116 4154 rosque
126 4074 286 4128 ardelionum
292 4075 387 4128 similes
393 4073 489 4146 judicet
495 4073 539 4144 qui
590 4075 630 4125 lln
640 4071 665 4124 id
674 4071 743 4142 quod
755 4071 830 4124 habes
837 4109 844 4138 ,
852 4070 944 4124 lselsere
955 4070 1094 4124 testime-

7 4165 34 4216 in
49 4157 142 4213 rebus
154 4153 273 4207 menits·
286 4153 422 4222 plurimum
436 4150 539 4206 ellabo—
588 4149 636 4213 ris,
655 4169 687 4201 sn
701 4150 740 4202 lsis
756 4169 813 4220 que
829 4163 854 4202 et
868 4149 944 4203 habes
960 4163 984 4203 et
1002 4149 1093 4202 hebere

7 4252 84 4300 rent,
103 4231 249 4296 cursitent,
264 4231 389 4303 vigilent,
401 4247 428 4286 et
438 4231 540 4284 inutiles
588 4227 634 4281 tibi
651 4229 678 4280 in
697 4227 804 4282 consilio
823 4228 886 4291 tuit,
908 4228 1093 4282 forte-fortune

8 4315 61 4370 sibi
71 4353 81 4383 ,
97 4327 194 4384 graves
204 4307 314 4378 ceum,
324 4307 448 4370 lebetum,
461 4307 541 4362 cursi-
589 4305 725 4364 secesserit.
733 4306 776 4359 ste
784 4303 853 4381 apud
861 4325 918 4358 eum
927 4305 972 4376 qui
982 4305 1096 4376 volupta-
