2886 4958
484 399 660 474 CAPUT
683 401 736 472 ll.
1019 422 1022 431 ·
1080 400 1148 495 359

79 532 204 601 mentio
215 533 266 602 Μ.
280 532 419 602 Catonis
431 535 463 617 ¹,
484 530 627 626 indigue
641 531 794 618 ferebas,
812 531 901 600 sieut
911 551 948 598 es
958 529 1150 624 iniquitatis

80 646 281 739 impatiens,
298 644 391 740 quod
410 647 572 716 Catonem
590 662 671 716 tetus
689 671 750 716 sua
764 669 887 740 perum
905 643 1147 731 intellexisset,
1168 632 1174 647 ⁸
1260 713 1265 720 .

79 755 170 857 quod
187 789 292 859 supra
314 765 492 858 Pompeios
511 780 547 834 et
561 767 711 834 Caesarcs
732 761 1040 857 surgentemvinira
1058 761 1153 830 Vati-

79 883 154 952 nios
167 884 337 979 posuisset
352 909 360 950 ε
377 898 413 952 et
426 881 489 951 tibi
504 871 685 976 indignum
697 861 898 964 ridebatur,
915 878 1008 972 quod
1020 879 1071 948 illi
1087 877 1154 950 dis·

81 1023 222 1068 suasuro
247 998 380 1093 legem,
411 1015 491 1092 toga
510 1000 549 1067 iu
577 999 649 1067 foro
670 1013 760 1067 esset
782 1013 922 1091 erepta,
950 991 1113 1090 quodque
1132 1019 1153 1066 a

81 1117 211 1186 Rostris
220 1141 330 1210 usque
339 1113 384 1184 ad
395 1139 512 1185 arcum
524 1114 735 1184 Fabianum²
745 1138 809 1209 per
821 1112 991 1182 seditiosae
998 1112 1153 1183 factionis

83 1256 201 1302 manus
221 1249 372 1318 tractus,
392 1257 493 1303 voces
506 1231 677 1326 improbas
689 1281 700 1315 ,
714 1247 749 1300 et
761 1245 878 1334 sputa,
895 1246 930 1300 et
942 1253 1058 1300 omnes
1070 1229 1154 1299 alias

83 1349 209 1418 insanae
235 1347 464 1418 multitudinis
488 1347 709 1418 contumelias
733 1348 940 1441 pertulisset.
971 1347 1073 1418 Tunc
1089 1368 1154 1441 ego

83 1466 245 1562 respondi
263 1467 393 1536 habere
407 1482 442 1536 te
457 1465 550 1560 quod
567 1465 777 1560 Reipublicae
793 1467 931 1535 nomine
948 1465 1152 1550 movereris,

85 1607 186 1676 quam
199 1583 285 1652 hine
299 1581 340 1654 P.
363 1579 525 1665 Clodius,
540 1582 624 1651 hinc
635 1582 812 1665 Vatinius,
825 1607 866 1652 ac
878 1583 1045 1677 pessimus
1058 1582 1155 1676 quis-

87 1719 152 1788 quc
164 1693 416 1781 venumdabat3
431 1709 466 1764 et
478 1718 568 1764 caeca
580 1695 766 1788 cupiditate
786 1697 956 1791 corrupti,
972 1720 1042 1766 non
1056 1692 1158 1764 intel-

86 1807 259 1904 ligebant,
281 1833 342 1894 se,
357 1807 439 1878 dum
455 1806 630 1893 venduut,
652 1824 687 1878 et
703 1811 822 1880 venire
834 1801 861 1879 ³.

132 1928 178 1995 Π.
204 1907 274 1996 Pro
300 1925 373 2020 ipso
396 1921 535 2017 quidem
562 1928 691 1995 Catone
714 1951 871 1996 securum
896 1941 929 1996 te
951 1949 1025 1998 esse
1045 1926 1156 2022 jussi,

89 2042 216 2112 nullum
240 2043 332 2111 enim
349 2043 537 2136 sapientem
550 2067 615 2112 uec
632 2042 794 2136 injuriam
810 2043 989 2138 accipere,
1004 2068 1071 2113 nec
1082 2069 1160 2114 oon-
1243 2063 1250 2070 ·

91 2156 262 2225 tumeliam
286 2181 404 2250 posse;
428 2158 592 2226 Catonem
618 2173 732 2226 autem
760 2160 888 2228 certius
911 2157 1085 2252 exemplar
1107 2181 1161 2228 sa-

92 2273 214 2368 pientis
229 2275 296 2344 viri
313 2273 412 2342 nobis
425 2275 516 2344 Deos
534 2274 741 2345 immortales
760 2273 919 2360 dedisse,
941 2298 1043 2368 quam
1057 2275 1160 2368 Ulys-

92 2412 159 2459 sem
184 2405 220 2460 et
233 2431 237 2441 =
250 2381 456 2460 Herculem⁴
480 2389 654 2483 prioribus
677 2389 821 2460 saeculis.
849 2394 918 2460 Hos
941 2392 1031 2460 enim
1057 2392 1161 2461 Stoici

93 2507 196 2576 nostri
227 2508 399 2602 sapientes
424 2508 758 2604 pronuntiaverunt,
789 2508 933 2578 invictos
962 2507 1158 2593 laboribus,

95 2713 202 2774 spectum
213 2701 330 2756 veniunt.
344 2701 471 2756 Eumdem
481 2700 605 2774 loquendi
686 2701 855 2758 &Etrenire
865 2701 923 2757 Hoc
933 2699 1069 2756 auvendi
1078 2719 1162 2774 posse,

96 2799 165 2833 usum
174 2783 226 2856 jam
237 2804 275 2856 sp.
289 2783 363 2857 Virg.
374 2783 481 2838 AEueid.
493 2783 537 2836 lib'.
552 2785 603 2851 lll,
653 2792 731 2848 etse,
745 2783 807 2834 dum
820 2780 885 2832 nibil
897 2800 950 2833 non
959 2777 1049 2832 venale
1061 2791 1163 2852 putant,

97 2873 140 2912 sss.
154 2861 219 2929 275,
235 2861 294 2928 531,
309 2859 439 2926 invenies,
452 2861 604 2935 explicatum
653 2858 755 2913 venales
773 2855 837 2911 fieri.
855 2858 896 2910 De
910 2856 1016 2912 Vatinio
1026 2856 1086 2910 vide
1097 2857 1164 2909 iufra

97 2932 241 3010 ablleynio
253 2937 286 2990 sd
297 2936 340 2990 lib.
354 2939 476 3006 111,410.
652 2936 1007 3012 'I'om.ll,pag.nb,uot.s.

130 3034 150 3068 r.
166 3016 207 3068 M.
223 3019 339 3070 Catonis.
350 3017 391 3070 De
402 3017 440 3070 Μ.
451 3017 543 3070 Porcio
556 3016 605 3072 Ca·
687 3017 721 3068 ll.
736 3017 807 3069 Ano.
825 3015 918 3070 Nullus
930 3016 1031 3091 sepiens
1043 3013 1164 3088 iujuriam

98 3103 154 3146 tone
178 3093 292 3148 Uticensi
316 3094 359 3169 egi
384 3095 488 3149 constal.
511 3096 605 3149 Omnis
654 3093 766 3168 accipere
784 3116 830 3150 nec
848 3096 1030 3150 coutumeliam
1043 3107 1132 3171 potest.

99 3168 199 3226 historia
215 3185 342 3240 testatur,
358 3195 453 3248 exemp.
470 3195 537 3228 caus.
553 3175 605 3227 Dio
688 3173 712 3239 4.
741 3171 862 3244 Ulyssem
885 3185 911 3230 et
932 3173 1083 3229 Homulem.
1106 3173 1165 3226 Jam

101 3247 166 3302 Cass.
185 3250 232 3304 lib.
249 3251 393 3316 XXXVll,
414 3273 468 3326 cap.
491 3274 541 3320 υ,
560 3252 606 3306 lib.
654 3251 902 3320 autumantium,
915 3252 1008 3306 Stoicis
1020 3251 1096 3304 fuisse
1107 3271 1167 3326 pro-

100 3327 252 3395 xxxviii,
271 3351 324 3403 esp.
344 3329 368 3384 3.
389 3333 479 3385 Senes.
498 3331 545 3404 Fp.
568 3333 606 3399 14.
655 3328 756 3402 prium,
776 3329 874 3382 fabulas
893 3329 1027 3404 allegorice
1045 3330 1168 3401 interpre-

100 3402 139 3456 De
149 3405 205 3480 lege
216 3419 302 3460 tamen
311 3408 407 3482 pmbigi
419 3421 605 3481 potest:utrum
654 3407 703 3459 tari
714 3425 722 3459 t
733 3428 808 3480 quem
822 3429 919 3460 morem
937 3409 1015 3460 etiam
1035 3407 1064 3462 iu
1078 3405 1167 3482 Ulysse

100 3481 195 3538 bletelli
206 3485 263 3538 trib.
273 3486 308 3562 pl.
317 3488 393 3540 luerit
402 3489 433 3540 dc
446 3487 567 3561 Pompeio
578 3485 605 3540 in
655 3495 680 3539 et
693 3485 803 3540 llereule
814 3499 843 3540 ut
854 3485 1012 3558 sapientibus
1019 3485 1168 3542 extollendis

102 3561 197 3615 ltaliam
210 3584 268 3618 eum
281 3565 360 3638 copiis
370 3578 476 3619 vocante
487 3606 494 3633 ,
506 3587 539 3618 an
553 3565 609 3618 Cte-
656 3563 835 3619 adhibuerunt.
847 3565 887 3616 De
904 3565 994 3636 Ulysse
1006 3583 1082 3616 nemo
1095 3562 1169 3615 iuriis

103 3639 176 3709 stris,
190 3643 223 3696 de
237 3662 297 3715 agro
311 3643 442 3717 Campano
458 3641 607 3696 dividendo.
657 3641 827 3694 dubitaverit:
842 3641 977 3694 Herculem
992 3661 1052 3692 vero
1070 3640 1169 3714 sepicu-

133 3721 267 3775 2.Areum
287 3721 449 3774 Fabionmn.
466 3723 519 3775 Cic.
534 3723 609 3775 Verr.
657 3735 708 3776 tem
726 3721 886 3797 pronuntiari
906 3721 1068 3774 mirationem
1087 3722 1168 3772 fecere

104 3795 156 3849 tet
168 3799 197 3864 l,
215 3820 245 3870 7,
258 3799 295 3852 ibi
311 3800 435 3856 Asconius
446 3801 501 3854 btee
516 3801 609 3855 habet:
657 3803 743 3878 possit.
752 3801 803 3854 Sed
810 3801 1041 3868 recorderis,i'uisse
1049 3819 1169 3874 magnam

105 3877 197 3930 ‘Arcus
206 3890 242 3931 0⁸1
252 3878 318 3951 jum
325 3879 433 3952 Regiam
445 3878 470 3930 ln
479 3899 547 3931 sacra
556 3879 608 3944 vla,
659 3879 801 3936 tabularum
813 3881 844 3934 ad
855 3881 989 3934 Herculem
1003 3879 1170 3953 spectantium

105 3972 119 4004 a
133 3953 212 4008 Fabio
224 3959 336 4009 Censore
348 3969 519 4024 constructus,
532 3958 577 4028 qui
594 3975 609 4010 a
659 3959 804 4013 varietatem
825 3976 832 4011 t
850 3957 944 4012 deinde
964 3957 1093 4032 Sophistss
1111 3955 1170 4008 rbe-

106 4029 205 4087 devictis
217 4035 397 4110 Allobrogibus
411 4036 532 4089 Allobrox
548 4058 610 4110 eog-
659 4052 775 4111 torosque
794 4039 905 4092 llereule
921 4041 953 4092 sd
972 4038 1102 4092 bominem
1121 4037 1172 4090 lor·

107 4111 246 4166 nominatus
254 4127 291 4167 est
301 4132 308 4145 ·
319 4114 404 4187 ibique
413 4126 495 4169 statua
503 4115 555 4188 rjus
565 4137 611 4188 po·
661 4131 728 4182 tem,
738 4118 839 4171 virtutis
848 4133 974 4172 amantem
993 4132 1018 4170 et
1032 4117 1171 4191 sapientem

107 4187 150 4240 sita
159 4205 287 4264 propterea
299 4206 342 4247 est.
351 4218 363 4242 ι
661 4195 891 4268 representaudum
905 4215 962 4250 usos
975 4213 1042 4261 esse,
1055 4215 1092 4248 es·
1106 4213 1171 4246 caus.
