2926 4958
321 435 362 520 οη·
505 430 538 502 t..
562 431 724 502 ntrsrr
748 429 1205 500 Mannnncmoms

319 587 509 640 moveantur.
536 571 605 658 Ego
633 595 706 636 roro
732 575 874 637 audacter
896 573 1039 654 eloquar,
1063 593 1126 634 non
1147 574 1190 636 sic
1208 569 1401 656 abjiciendos

319 703 386 744 esse
405 705 413 742 ε
431 683 557 746 modurn
576 691 692 744 unum
708 679 888 754 tenuissent,
912 699 970 741 nec
990 679 1159 762 disputandi
1180 678 1277 742 undio
1300 677 1401 740 ablati

320 804 404 854 extra
418 787 494 850 fines
504 785 638 849 fuissent.
648 783 732 867 Quin
744 798 775 848 et
787 783 903 849 Seneca
912 786 1068 867 requirere
1082 807 1136 851 eos
1148 787 1283 863 videtur,
1297 799 1330 849 et
1342 789 1401 850 do-

319 897 385 959 lere
399 897 480 980 quod
496 895 665 978 periissent.
681 891 764 955 Nam
778 893 841 976 jam
860 913 959 968 nunc,
985 894 1050 975 ejus
1064 913 1149 970 aevo,
1171 894 1291 977 publice
1309 893 1400 955 nulla

319 1003 384 1068 haec
399 1002 513 1066 schola.
529 999 614 1062 «Tot
627 996 768 1076 familie,
787 999 901 1082 inquit,
920 998 1178 1083 Philosophorum
1191 1002 1256 1064 sine
1270 1022 1399 1063 succes-

321 1130 390 1173 sore
403 1109 552 1172 deliciunt.
567 1106 741 1169 Academici
757 1119 788 1168 et
797 1105 929 1169 Veteres
943 1120 973 1168 et
988 1104 1127 1168 Minores
1144 1107 1260 1169 nullum
1275 1108 1402 1169 autisti-

320 1227 384 1276 tem
407 1215 602 1296 reliquerim.
615 1209 692 1294 Quis
719 1225 785 1288 est,
809 1212 861 1294 qui
881 1213 979 1274 tradat
1000 1227 1149 1297 praeeepta
1173 1212 1363 1299 Pyrrhonis?
1382 1242 1398 1268 a

322 1319 410 1401 (th
429 1319 541 1406 Quaest.
553 1318 625 1382 Nat.
642 1341 668 1382 c.
683 1319 752 1397 ult.)
768 1318 831 1408 Uhi
846 1320 997 1403 duplicem
1013 1322 1105 1382 modo
1122 1319 1321 1384 Academiam
1337 1341 1400 1404 ag-

321 1429 439 1505 noscit,
455 1425 613 1490 Minornm
623 1429 747 1489 nomine
759 1447 866 1490 omnes
878 1442 947 1511 post
958 1426 1146 1492 Platonicam
1161 1427 1246 1488 illam
1256 1447 1402 1510 compre-

322 1535 457 1596 hendens
470 1555 476 1591 ε
490 1532 730 1620 ethrrhoniam
739 1547 842 1597 tamen
853 1535 916 1596 sire
927 1532 1145 1618 Scepticamab
1154 1535 1191 1596 iis
1202 1535 1401 1618 distinguens.

323 1637 507 1722 Quanquam
518 1640 598 1704 idem
609 1640 747 1704 dubitare
756 1641 886 1717 tolerat,
901 1641 1038 1725 pertinax
1054 1642 1128 1703 illud
1142 1643 1272 1704 scientiae
1284 1662 1403 1725 negan-

322 1748 366 1810 dae
380 1747 510 1810 studium
524 1749 656 1809 damnat.
670 1748 796 1824 «Audi,
814 1748 910 1828 inquit
926 1750 964 1811 ad
978 1746 1148 1822 Luciliano,
1164 1762 1309 1830 quantum
1324 1749 1402 1810 mali

322 1855 413 1918 laciat
428 1855 523 1917 nintia
539 1853 687 1917 subtilitas
703 1901 712 1932 ,
730 1869 760 1918 et
773 1877 865 1937 quam
880 1855 988 1918 infesta
1005 1856 1137 1919 Veritati
1152 1856 1200 1919 sit.
1214 1853 1403 1938 Protagoras

324 1963 385 2037 ait,
402 1963 439 2024 de
455 1963 539 2024 omni
553 1984 587 2024 re
599 1963 629 2023 in
640 1976 798 2044 utramque
809 1976 929 2046 partem
938 1963 1083 2046 disputari
1091 1983 1181 2046 posse
1192 1985 1227 2024 ex
1238 1983 1323 2043 aequo
1343 1983 1350 2018 ε
1372 1977 1404 2023 et

324 2069 361 2129 de
378 2067 436 2131 hac
449 2068 526 2151 ipsa,
542 2067 592 2129 An
607 2069 706 2146 omnis
722 2089 771 2130 res
788 2069 818 2128 in
834 2083 992 2150 utramque
1009 2082 1128 2151 partem
1142 2067 1333 2152 disputabilis
1348 2068 1400 2143 sit,

323 2173 536 2258 Nausiphanes
553 2176 619 2252 ait,
641 2172 688 2236 Ea
710 2175 837 2256 hisquae
857 2175 997 2238 videntur
1011 2197 1097 2251 esse,
1116 2175 1191 2236 nihil
1202 2175 1300 2258 magis
1314 2197 1401 2250 esse,

324 2301 415 2361 quam
425 2301 487 2344 non
500 2303 576 2344 esse.
586 2279 783 2342 Parmenides
794 2282 851 2355 ait,
870 2279 918 2340 Ex
934 2280 1056 2360 hisquae
1067 2282 1221 2354 videntur,
1239 2281 1317 2342 nihil
1333 2303 1402 2343 esse

324 2388 355 2448 in
370 2388 553 2451 universnm.
571 2389 675 2458 Zenon
688 2385 813 2449 Eleates
828 2389 930 2450 omnia
945 2391 1067 2472 negotia
1083 2391 1121 2452 de
1134 2390 1256 2474 negotio
1272 2391 1402 2473 dejecit:

324 2496 382 2566 ait,
393 2494 479 2558 Nihil
493 2517 568 2558 esse.
582 2493 674 2559 Circa
689 2497 798 2557 eadem
810 2495 875 2557 lere
887 2493 1049 2581 Pyrrhonii
1064 2511 1242 2563 versantur.
1256 2495 1406 2581 etMega·

324 2602 395 2678 rici,
409 2616 439 2664 et
448 2599 580 2667 Eretrici
589 2649 598 2681 ,
608 2601 820 2665 etAcademici
831 2649 839 2680 ‚
849 2603 900 2684 qui
910 2623 1022 2665 novam
1036 2604 1215 2666 induxenmt
1228 2605 1402 2680 scientiam,

324 2708 720 2774 nihilscire.llrncornniain
729 2710 1405 2792 illumsupervacuumstudiorumliboralium

324 2839 450 2902 gregem
465 2818 592 2900 conjice.
606 2816 655 2878 llli
668 2815 744 2878 mihi
757 2837 819 2878 non
834 2817 1023 2900 profuturam
1036 2817 1192 2879 scientiam
1208 2821 1352 2894 tradunt,
1371 2819 1406 2879 hi

324 2947 411 3008 spem
427 2925 556 2987 scientiae
565 2915 705 3008 eripitmt.
717 2923 767 2986 llli
776 2945 837 2985 non
849 2923 1012 3007 praelertmt
1026 2925 1147 2997 lumen,
1160 2947 1217 3008 per
1227 2927 1308 3006 quod
1319 2926 1408 2987 acies

238 3009 243 3017 ¹
323 3032 469 3115 dirigatur
483 3035 522 3094 ad
536 3053 643 3094 rerum
661 3055 668 3088 ι
683 3029 714 3092 hi
725 3029 830 3093 oculos
843 3029 919 3092 mihi
932 3029 1087 3092 cll'odiunt.
1097 3057 1112 3085 n
1128 3029 1210 3114 (Ep.
1225 3037 1407 3108 txxxvttt.)

323 3139 533 3204 Pulcherrima
547 3153 579 3201 et
590 3139 752 3222 justissima
769 3159 915 3214 censura,
933 3159 990 3200 nec
1006 3137 1127 3221 appello
1143 3152 1193 3199 aut
1207 3159 1340 3221 oppono.
1350 3139 1407 3202 An

323 3269 387 3310 non
402 3248 499 3330 magis
511 3245 651 3330 explico?
666 3267 739 3308 nam
754 3247 889 3328 quaedam
903 3265 965 3306 non
978 3257 1141 3328 prompta,
1159 3243 1286 3306 l'ortasse
1305 3259 1336 3305 ct
1353 3247 1409 3306 in-

321 3356 437 3419 tricata.
449 3351 521 3430 Ait,
534 3350 778 3436 «Protagoram,
793 3355 832 3414 de
844 3351 929 3414 omni
937 3372 973 3413 re
983 3351 1014 3412 in
1024 3364 1185 3433 utrumque
1196 3352 1376 3434 disputasse.
1389 3381 1406 3406 a

322 3461 382 3544 (ln
397 3461 535 3538 maen)
548 3456 606 3521 Est
619 3457 671 3520 ille
687 3458 843 3542 sophista,
861 3479 879 3519 a
894 3455 1028 3520 Platonis
1044 3456 1165 3541 dialogo
1180 3458 1300 3532 clarus,
1316 3461 1408 3541 cnjus

321 3568 467 3632 sententia
484 3566 524 3628 ah
543 3569 653 3630 eodem
672 3565 735 3628 haec
748 3564 897 3637 refertur,
919 3579 949 3626 et
962 3564 1110 3626 refellitur
1130 3587 1139 3648 :¹
1151 3591 1166 3619 α
1180 3561 1326 3627 Sufficere
1342 3567 1408 3629 sihi

321 3697 472 3758 quemque
488 3677 527 3737 ad
542 3673 751 3757 sapiendum.»
765 3670 816 3753 (ln
830 3674 898 3734 eod.
918 3671 1012 3746 Dial.)
1028 3669 1119 3734 Ratio
1135 3683 1200 3749 est,
1224 3699 1239 3725 κ
1247 3672 1278 3732 id
1291 3672 1408 3753 cuique

320 3805 427 3847 vertam
438 3803 519 3860 esse,
535 3781 617 3864 qnod
626 3782 733 3863 cuique
743 3780 879 3842 videatur
893 3805 900 3852 ς
912 3807 925 3834 u
939 3793 972 3840 nt
982 3776 1093 3842 Cicero
1110 3777 1269 3858 vertit(lV
1278 3776 1407 3862 Acad.).

321 3887 426 3970 ltaque
442 3917 458 3942 «ι
467 3884 633 3952 Criterium
645 3886 774 3949 tollebat
784 3890 799 3967 (
809 3887 851 3948 ait
865 3885 1060 3970 Empiricus)
1075 3899 1104 3948 et
1118 3907 1225 3948 omnes
1239 3887 1408 3970 opiniones

320 4016 355 4058 ac
369 3995 501 4060 visiones
515 4015 604 4057 veras
620 4015 685 4056 esse
705 4019 712 4054 :
728 3995 799 4076 quia
813 3995 924 4057 veritas
941 3994 979 4056 sit
991 4015 1027 4056 ex
1041 3994 1078 4058 iis
1093 4015 1158 4075 qnae
1170 3993 1345 4056 reseruntur
1364 3999 1406 4058 ad

320 4101 453 4184 aliquid;
469 4103 518 4166 cui
533 4115 634 4166 autem
648 4102 840 4185 apparuerit,
863 4101 964 4163 statim
980 4102 1018 4162 ad
1033 4100 1120 4162 illum
1134 4100 1301 4162 refertur.»
1320 4098 1401 4164 Inde

319 4229 378 4272 vox
391 4211 455 4291 ejus
469 4233 476 4268 ι
488 4207 663 4271 «Omnium
676 4229 780 4271 rernm
794 4221 955 4284 mensura,
966 4208 1059 4270 homo
1070 4233 1078 4280 ;
1088 4235 1103 4262 n
1119 4206 1255 4289 itemque
1277 4232 1285 4268 a
1299 4205 1407 4270 «Om-

319 4315 369 4378 nia
384 4337 456 4379 vera
472 4337 547 4379 esse.
563 4344 578 4372 >a
593 4316 730 4395 (Contra
746 4314 897 4377 Mathem.
913 4337 979 4398 cap.
998 4313 1047 4378 De
1062 4313 1229 4391 Criterio.)
1243 4311 1292 4376 Ex
1301 4314 1354 4378 his
1366 4319 1407 4378 de
