2926 4958
245 501 315 570 no
341 451 515 570 suone.
543 493 753 564 numos.
781 492 880 562 nto.
906 494 979 563 111.
1020 493 1157 580 ursin,

85 661 112 710 et
126 647 182 708 bac
197 657 286 728 parte
300 641 472 716 asseclam,
489 659 545 702 nec
559 659 577 699 e
593 635 783 724 Pythagoreo
799 636 877 700 istac
891 635 974 700 fonte
990 636 1159 699 hausisse.»

84 755 195 838 (Apud.
206 750 293 814 Stob.
308 747 410 812 Serm.
423 745 518 824 CVl,
534 747 628 824 vide.)
638 743 701 808 Sed
711 758 744 807 ut
755 747 793 807 ad
806 766 873 808 rem
885 745 987 828 igitur,
997 743 1091 808 Stoici
1103 744 1165 806 tol-

86 860 145 921 lunt
158 857 298 920 Affectus
316 879 324 916 ι
339 867 428 936 atque
447 854 487 916 ita
501 851 629 916 Seneca.
646 881 661 908 «ι
669 851 782 914 Utrum
798 852 888 914 satim
903 852 941 914 sit
954 851 1095 916 lllodieos
1105 852 1165 914 ba-

85 965 155 1028 bere
170 963 330 1040 Allectus,
344 983 383 1024 an
395 960 525 1038 Nullos,
541 981 619 1044 saepe
636 961 790 1042 quesitum
806 973 859 1024 est.
874 958 981 1022 Nostri
995 960 1163 1042 expellunt,

84 1071 278 1156 Peripatetici
303 1051 503 1153 temperant»
521 1065 634 1151 (Epist.
649 1069 755 1144 cxvi.)
778 1079 809 1129 et
826 1063 966 1150 Epistola
984 1087 1019 1128 ea
1032 1078 1094 1126 tota
1106 1064 1164 1128 hos

82 1179 204 1241 refellit.
215 1176 303 1241 ldem
319 1175 393 1239 alibi
409 1199 417 1236 ι
432 1203 446 1230 u
454 1175 529 1238 Non
544 1174 774 1238 diminutionem
788 1175 941 1236 malorum
952 1174 983 1234 in
995 1172 1084 1235 Bono
1098 1173 1163 1234 viro

82 1285 240 1370 intelligo,
273 1287 326 1348 sed
346 1284 571 1355 vacationem
595 1282 678 1344 nulla
709 1283 821 1344 debent
843 1303 927 1358 ease,
952 1301 1015 1344 non
1038 1299 1163 1364 parva»

81 1391 151 1478 (Ep.
164 1397 290 1470 uxxxv)
302 1416 309 1452 ε
320 1405 350 1454 et
360 1392 448 1475 plura
461 1391 553 1453 etiam
563 1391 674 1453 adtexit
688 1403 792 1453 contra
802 1391 866 1472 jam
876 1391 982 1453 dictos.
992 1386 1165 1472 Disputatio

80 1501 173 1584 longa
187 1513 251 1570 est;
270 1512 301 1561 et
313 1519 375 1561 uon
392 1499 441 1562 bio
457 1501 620 1562 retexenda
636 1522 643 1559 ε
658 1511 750 1560 status
763 1511 866 1560 tamen
881 1496 945 1560 fere
957 1517 1052 1560 musae
1063 1498 1094 1558 in
1107 1517 1162 1571 eo,

81 1626 118 1666 an
129 1604 270 1668 Allectus
284 1605 342 1667 sint
352 1626 370 1666 a
381 1605 508 1667 natura?
524 1602 600 1667 Esse
610 1601 699 1666 plato
711 1617 741 1665 et
750 1601 930 1666 Aristoteles
941 1603 1046 1665 volunt
1059 1649 1066 1676 ,
1081 1603 1164 1664 ideo-

87 1733 146 1793 que
169 1731 235 1773 non
249 1710 401 1774 exscindi:
419 1731 481 1772 non
497 1731 582 1787 esse,
600 1711 695 1772 nostri
720 1755 729 1786 ,
752 1731 849 1790 eoque
866 1709 941 1771 tolli.
958 1707 1069 1774 Cicero
1083 1709 1163 1772 bene

81 1817 139 1881 boc
156 1818 290 1880 advertit
306 1841 314 1876 ε
332 1815 461 1894 «Mihi,
477 1817 592 1898 inquit,
608 1817 639 1878 in
655 1829 717 1878 tota
733 1816 870 1878 oratione
885 1837 938 1894 ea,
954 1837 1020 1896 qim
1036 1815 1167 1898 pertinet

81 1928 118 1988 ad
131 1925 230 1986 animi
244 1921 510 1986 perturbationem
521 1925 576 2003 (ita
592 1930 674 1994 πάθος
696 1921 761 1984 sere
776 1943 897 2006 semper
913 1921 1082 2006 appellat),
1103 1945 1163 1986 una

82 2053 128 2094 res
137 2033 261 2094 videtur
272 2051 396 2092 cauum
406 2031 578 2110 continere,
590 2050 698 2116 omnes
708 2051 759 2092 eas
771 2052 837 2094 esse
849 2032 879 2092 iu
890 2045 993 2093 nostra
1003 2045 1161 2115 potestate,

82 2161 185 2201 omnes
195 2137 312 2222 judicio
322 2151 494 2222 susceptas,
509 2137 819 2200 omnesvoluntarias.
832 2136 1069 2218 »(1vTuscut.)
1082 2137 1163 2201 Saue

82 2267 202 2310 causam
216 2247 372 2324 eontinet,
386 2248 449 2308 imo
466 2247 588 2310 conficit
603 2269 611 2305 s
628 2246 653 2308 si
669 2247 752 2309 enim
763 2247 804 2308 ita
817 2292 827 2323 ,
840 2248 907 2329 quis
921 2261 1011 2331 neget
1019 2247 1086 2309 tolli
1097 2248 1109 2308 Ρ
1121 2246 1163 2309 At
1236 2297 1238 2302 .

82 2355 160 2416 euim
173 2356 269 2418 aliter
282 2367 420 2430 veteres,
437 2367 468 2416 et
480 2353 575 2416 nostri
587 2351 795 2436 (Christiani)
812 2345 886 2416 ¹rnox
898 2367 1066 2426 novarunt5
1082 2357 1165 2436 quod

82 2454 119 2516 ita
133 2456 219 2518 idem
234 2478 241 2512 t
256 2481 272 2510 a
282 2452 387 2536 Quum
404 2454 518 2536 antiqui
528 2452 794 2516 perturbationem
808 2455 902 2516 animi
916 2477 952 2518 ex
965 2453 1089 2517 homine
1100 2476 1162 2516 non

79 2562 234 2638 tollerent,
248 2575 416 2643 murraque
430 2575 461 2624 et
476 2559 712 2638 Condolescere,
731 2576 761 2624 et
771 2559 1014 2646 Concupiscere,
1031 2575 1061 2626 et
1074 2560 1163 2624 Exti-

79 2689 237 2744 urescere,
260 2680 293 2731 et
313 2665 429 2730 Esseni
446 2668 548 2730 laetitia
564 2668 718 2745 dicerent,
742 2670 795 2730 sed
818 2689 855 2730 ea
876 2669 1104 2745 contraherent,
1128 2671 1158 2732 in

79 2788 301 2858 angustumque
318 2777 501 2838 deducerent
520 2798 527 2830 τ
541 2774 629 2838 Zeno
646 2774 787 2838 omnibus
802 2775 849 2837 bis
865 2776 950 2857 quasi
966 2775 1083 2838 morbis
1099 2797 1160 2839 vo-

76 2881 134 2943 luit
146 2903 256 2944 carere
263 2882 441 2966 sapientem.
456 2879 620 2964 Quumque
639 2901 691 2944 eas
704 2879 952 2944 perturbationes
965 2882 1078 2963 antiqui
1092 2881 1161 2944 Na-

76 2981 192 3045 turales
206 2983 361 3060 dicerent,
380 2996 412 3044 et
430 2980 571 3044 Rationis
590 2997 747 3068 expertes,
768 2982 886 3064 aliaque
907 2981 938 3043 iu
958 2996 1044 3066 parte
1064 2984 1158 3046 animi

77 3085 309 3174 Cupiditatem,
327 3091 358 3151 in
373 3089 433 3151 alia
448 3087 613 3152 Rationem
627 3089 814 3154 collocarent
830 3113 837 3148 ε
854 3111 892 3152 ne
908 3089 956 3152 bis
969 3091 1092 3172 quidem
1105 3111 1158 3153 as-

73 3194 280 3258 sentiebatur.
301 3193 385 3259 Nam
408 3209 439 3258 et
457 3193 705 3259 perturbationes
724 3197 910 3259 voluntarias
931 3219 995 3260 esse
1012 3198 1157 3280 putabat,

72 3291 294 3386 opinionisque
304 3303 415 3385 judicio
427 3301 555 3386 suscipi,
567 3315 597 3363 et
608 3305 745 3366 omnitun
756 3302 1022 3366 perturbationum
1032 3305 1161 3367 arbitra-

72 3405 168 3467 batur
184 3425 253 3468 esse
264 3417 394 3466 nutrem
415 3405 649 3468 immoderatam
663 3407 825 3488 quamdam
848 3403 1127 3490 Intemperantiam.
1144 3435 1160 3460 a

71 3503 300 3584 (lAcadem.)
321 3501 358 3566 ln
379 3505 482 3589 paucis
495 3504 543 3568 bis
564 3504 665 3568 verbis
688 3519 751 3567 tota
768 3527 818 3568 res
834 3507 950 3590 posita,
973 3527 1071 3589 neque
1088 3507 1160 3570 satis
1217 3553 1221 3560 -

70 3601 218 3664 fortassis
235 3602 371 3684 exposita
396 3625 404 3662 z
423 3602 467 3664 vis
485 3603 612 3686 propius
630 3604 831 3681 accedamus,
859 3617 890 3666 et
903 3603 985 3666 velut
997 3625 1090 3667 mauu
1104 3606 1161 3668 ad-

71 3723 160 3772 mota
172 3707 369 3772 revelemus?
383 3708 468 3771 Auo.
483 3705 643 3784 Lubescit;
658 3731 731 3774 nam
749 3709 876 3774 limsiter
889 3712 979 3796 cupio
991 3711 1070 3775 istud
1083 3733 1159 3774 nos-

71 3837 144 3878 cere
159 3817 201 3878 de
212 3813 401 3892 Allectibus,
415 3837 493 3900 πρε
503 3817 638 3880 auditum
648 3839 706 3880 nec
716 3818 806 3902 plene
817 3832 983 3902 acceptum.
993 3816 1079 3882 Ltus.
1090 3817 1160 3881 Fiat

70 3925 188 4007 igitur,
199 3921 405 4005 inaspiciamus.
414 3922 467 3985 Ait
482 3947 490 3986 ι
504 3947 560 3985 nou
570 3926 705 3986 tollerent.
716 3923 789 3988 Non
799 3939 896 3998 certe;
914 3926 986 4008 quid
998 3925 1158 3988 tollerent?

72 4031 168 4094 utiles
184 4029 371 4108 censebant,
388 4043 418 4092 et
429 4051 447 4092 a
458 4027 577 4093 Natura
593 4030 631 4092 ad
645 4029 800 4094 Virtutem
814 4033 908 4094 datas.
922 4029 1005 4093 Nam
1019 4060 1034 4085 «
1047 4031 1111 4094 sine
1124 4032 1161 4092 iis

71 4135 249 4219 (aiebant)
261 4135 416 4222 languebit
432 4139 530 4200 omnis
546 4139 624 4201 actio
638 4185 647 4214 ,
664 4153 694 4202 et
705 4137 750 4202 ris
762 4160 798 4202 ac
812 4140 898 4224 vigor
912 4140 1006 4201 animi
1020 4139 1159 4202 resolve-

70 4259 131 4307 tur.
144 4273 161 4298 ι
179 4241 332 4323 (SemDe
343 4242 394 4306 lra
406 4241 440 4319 l,
452 4265 518 4329 cap.
528 4244 577 4326 8.)
588 4243 660 4308 Sine
671 4245 721 4308 lra
735 4293 743 4324 ,
757 4243 915 4309 Fortitudo
930 4268 993 4308 nou
1005 4247 1079 4318 erit;
1093 4247 1158 4307 sine

70 4349 186 4426 lletn,
210 4347 392 4424 prudentia;
417 4353 481 4416 siue
497 4350 663 4436 Cupidine,
681 4352 897 4438 Temperantia
911 4380 918 4430 i
935 4354 998 4417 sine
1014 4351 1154 4430 Laetitia,
