2894 4954
433 453 611 526 CAPUT
636 459 722 526 vll.
1044 459 1108 548 317

64 617 151 662 manu
163 616 182 659 u
193 593 265 659 loro
281 588 456 670 suhduxit,
472 588 641 656 utiliorem
654 581 894 678 componendis
912 609 1111 654 monumen·

64 712 100 778 tis
109 709 317 777 historiarum
333 721 437 773 ratus.
456 704 545 772 Male
558 706 648 772 enim
667 700 875 795 respondent
887 717 1000 770 coacta
1014 703 1111 794 inge-

64 825 111 890 nia
129 822 337 890 :reluctante
355 833 497 898 natura,
516 818 633 886 irritus
645 815 741 884 labor
760 832 811 884 est
830 813 875 882 **.

105 939 173 1004 vlt.
201 935 427 1004 Nihil'tomen
446 953 542 1025 aeque
570 931 787 1000 oblectaverit
812 931 981 1011 animum,
1011 955 1111 1022 qnam
1140 961 1149 992 t

64 1049 214 1116 amicitia¹
238 1045 349 1115 fidelis
367 1062 402 1113 ot
415 1045 536 1113 dulcis.
553 1045 727 1136 Quantum
739 1043 862 1112 bonum
874 1055 925 1110 est
938 1091 947 1124 ‚
961 1042 1020 1110 ubi
1034 1058 1114 1110 sunt

64 1177 242 1256 preparata
259 1177 395 1254 pectora
411 1210 420 1243 ,
438 1161 474 1226 in
487 1181 562 1252 quae
580 1175 652 1228 tuto
668 1173 834 1227 secretum
858 1182 956 1226 omne
971 1157 1113 1226 descen-

64 1277 136 1358 dat,
158 1300 301 1368 quorum
331 1275 568 1342 conscientiam
596 1275 706 1341 minus
733 1297 834 1365 quam
862 1289 952 1340 tuam
972 1274 1110 1356 timeas,

64 1415 195 1481 quorum
213 1411 322 1458 sermo
337 1385 596 1456 sollicitudinem
616 1387 739 1468 leniat,
756 1387 921 1454 sententia
938 1385 1113 1454 consilium

64 1502 235 1597 expediat,
258 1503 410 1571 hilaritas
433 1502 602 1570 tristitiam
622 1501 785 1595 dissipet,
813 1518 1011 1596 conspectus
1042 1502 1115 1594 ipae

64 1619 199 1690 delectet
219 1622 235 1689 l
253 1621 348 1712 Quos
372 1618 501 1686 scilicet
517 1641 640 1686 vacuos
652 1609 670 1700 ,⁸
691 1604 853 1708 quahtum
873 1619 948 1685 lieri
962 1620 1113 1711 poterit,

64 1761 80 1804 a
101 1736 360 1831 cupiditatibus,
394 1734 569 1829 eligemus.
592 1735 765 1827 Serpunt²
791 1735 881 1802 euim
903 1736 1004 1818 vitia,
1034 1737 1115 1807 etin
1140 1759 1155 1790 ²

64 1853 243 1942 proximum
260 1873 429 1942 quemque
446 1848 665 1929 transiliunt,
688 1865 722 1915 et
740 1865 894 1916 contactu
907 1852 1118 1918 nocentlta-

65 1990 147 2056 quc,
169 1983 208 2034 ut
223 1968 259 2033 in
282 1964 475 2057 pestilentia
489 1960 674 2031 curandum
692 1979 766 2046 est,
800 1989 844 2033 ne
870 1966 1116 2058 corruptisjam

65 2080 255 2173 corporibus
272 2093 305 2146 et
326 2076 442 2144 morbo
461 2074 685 2167 flagrantibus
710 2075 937 2161 assideamus,
961 2079 1040 2170 quia
1058 2103 1119 2172 pe·

66 2195 164 2264 ricula
176 2195 370 2274 trahemus,
384 2192 568 2283 alllatuque
581 2192 654 2285 ipso
667 2189 894 2263 laborabimus
907 2223 916 2278 3
933 2195 980 2262 ita
992 2196 1028 2262 in
1039 2197 1120 2263 ami-

66 2336 172 2380 corum
191 2309 346 2405 legendis
365 2309 512 2402 ingeniis
535 2307 689 2377 dabimus
706 2333 864 2404 operam,
880 2327 919 2379 ut
935 2335 1034 2404 quam
1053 2313 1119 2380 mi-

66 2428 148 2496 nime
174 2429 367 2520 inquinatos
392 2449 609 2494 assumamus.
632 2427 767 2494 Initium
794 2428 902 2496 morbi
919 2443 994 2512 est,
1020 2429 1120 2519 aegris

67 2567 137 2612 sans
154 2547 310 2614 miscere.
327 2539 397 2611 Nec
410 2543 475 2610 hoc
489 2543 706 2634 praeceperim
722 2543 804 2624 tibi,
823 2560 862 2611 ut
873 2547 1042 2612 neminem
1054 2547 1119 2613 nisi

67 2659 244 2750 sapientem
262 2655 438 2748 sequaris,
465 2668 522 2722 aut
540 2654 688 2722 attrahes
705 2682 712 2720 ε
734 2654 793 2723 ubi
808 2658 897 2724 enim
912 2657 1012 2724 istum
1027 2660 1121 2727 inve-

67 2771 261 2863 nies‚quem
273 2784 321 2836 tot
334 2766 464 2836 saeeutis
473 2768 655 2857 querimus
667 2769 682 2834 Ρ
693 2761 907 2861 prooptimo³
923 2788 973 2838 est
984 2771 1120 2838 minime

67 2883 177 2950 malus.
194 2883 259 2949 Via
273 2880 335 2948 tibi
352 2895 440 2948 essct
460 2878 598 2948 facultas
617 2879 767 2950 delectus
786 2881 968 2963 felicioris,
990 2884 1018 2951 si
1031 2885 1122 2952 inter
1143 2905 1160 2956 3

69 3144 120 3193 gem
133 3164 140 3187 ,
151 3138 180 3178 nt
193 3137 218 3176 et
229 3123 357 3176 veritatem
370 3139 434 3196 sepe
446 3122 567 3174 laudandi
615 3123 681 3175 nihil
692 3125 760 3176 enim
770 3126 881 3179 amicitia
892 3147 950 3180 vera
966 3141 989 3180 et
1000 3128 1066 3181 inter
1076 3129 1123 3181 di-

69 3200 186 3254 desiderio
213 3199 385 3276 postposuerit.
413 3197 486 3251 Unde
514 3219 568 3252 non
616 3221 680 3274 gnos
700 3204 767 3255 viros
784 3217 892 3258 entante
909 3205 1016 3258 suevius.
1035 3207 1123 3277 Neque

69 3279 150 3350 magni
174 3277 328 3332 aestimamus
346 3279 505 3346 ἂργυρωνῆτον
520 3275 569 3328 viri
617 3299 679 3352 opus
696 3281 850 3354 sapientibus
869 3294 965 3334 tantum
983 3283 1059 3344 riris;
1079 3284 1124 3336 ubi

71 3355 235 3426 eloquentiam
252 3393 260 3419 ‚
283 3373 436 3428 operumque
461 3354 569 3406 smisso-
618 3356 685 3408 enim
698 3359 1059 3413 eorumtanteallluentieest?
1070 3381 1123 3434 pra·

70 3453 120 3484 rum
135 3433 221 3486 minus
239 3432 391 3486 desiderium
409 3443 452 3484 est.
467 3434 569 3484 Veteres
618 3453 662 3486 vos
674 3435 795 3496 siminus,
809 3435 857 3488 hoe
870 3437 928 3489 satis
939 3451 991 3501 est,
1005 3451 1028 3490 et
1038 3459 1141 3490 moro--

70 3521 147 3563 lamen
156 3511 184 3563 in
193 3509 245 3562 hoe
256 3519 436 3561 consenserunt
444 3521 499 3578 post
512 3511 571 3562 lle-
618 3530 657 3562 sos
665 3511 709 3582 qni
719 3513 876 3582 querelarum
884 3535 969 3568 causes
980 3516 1075 3587 ubique
1083 3517 1123 3568 iu-

70 3587 182 3640 rodotum
202 3599 228 3639 et
242 3585 421 3658 Thucydidem
439 3599 463 3639 et
479 3587 570 3638 lieno-
618 3588 723 3640 veniunt
736 3629 742 3655 ‚
756 3591 811 3641 «Et
828 3611 885 3644 cum
903 3591 1003 3644 theatris
1021 3593 1125 3646 saeculo·

69 3663 157 3735 phonte
162 3663 256 3737 primas
264 3662 367 3735 Ephoro
378 3675 402 3715 et
407 3663 569 3736 Theopompo
618 3684 667 3735 que
680 3664 796 3718 rixantur.
806 3689 819 3712 u
831 3672 840 3734 (
850 3668 891 3721 Sic
899 3671 950 3722 lere
961 3671 1069 3722 Martial.
1080 3671 1124 3724 lib.

70 3739 172 3793 delstmn
181 3740 223 3793 iri.
237 3741 277 3792 De
287 3740 336 3793 hoe
344 3741 477 3814 posteriori
485 3741 570 3794 llisto·
620 3744 671 3807 lx,
685 3743 771 3817 Epigr.
784 3759 867 3797 xxvttt
879 3749 899 3810 ).

69 3816 195 3870 rieodoete
214 3815 313 3870 disserit
330 3815 568 3888 Boyle,Dictebmt
656 3839 664 3872 ι
684 3824 826 3887 Amicitio‚·
837 3822 966 3894 cujusleus
977 3824 1043 3898 apud
1053 3824 1126 3878 Cice-

69 3897 121 3950 list.
131 3900 220 3951 eterit.
233 3895 311 3948 'l'om.
324 3897 345 3948 ll
359 3916 423 3970 ,pag¹
437 3897 482 3950 351
496 3933 503 3960 ,
515 3917 568 3966 sqq.
619 3899 745 3952 ronemde
753 3899 867 3954 Amicitia
874 3902 1125 3974 susiuspertraetatur.

97 3977 131 4012 **
154 3976 207 4030 llic
229 3973 344 4048 quaedam
370 3975 487 4029 excidisse
509 3987 569 4048 puto
654 3997 675 4028 2.
686 3975 805 4048 Serpunt.
818 3975 857 4030 Cl.
868 3977 899 4029 de
911 3979 967 4042 Ira,
980 3977 1023 4031 lib.
1036 3979 1089 4042 ΙΙΙ,
1101 3981 1125 4032 8.

68 4075 120 4106 eom
132 4055 230 4129 lipsio.
653 4054 849 4120 3·Prooplimo·
857 4054 901 4108 sie
911 4055 997 4107 Horat.
1008 4057 1090 4110 Serm.
1100 4059 1124 4122 l,

97 4133 152 4186 Vll.
162 4136 235 4188 Atto.
246 4134 347 4187 Amicos
358 4131 444 4185 hdoles
455 4146 480 4184 et
487 4133 571 4186 dulces
621 4133 651 4196 3,
663 4131 693 4196 67
709 4145 734 4184 et
748 4133 780 4185 68
790 4151 797 4184 t
809 4155 821 4178 α
832 4133 949 4205 Optimus
959 4135 1002 4188 ille
1012 4149 1062 4200 est,
1072 4136 1126 4204 Qui

69 4207 441 4281 eligemnsedtrenqnillandam
448 4223 568 4274 mentum
621 4209 734 4262 minimis
743 4221 845 4281 urgetur
857 4209 932 4261 vitiis.
943 4233 957 4258 s
