2900 4944
325 451 393 545 496
648 447 714 516 nn
740 443 868 516 tuat
890 445 1061 520 usura

324 571 449 642 lubrici
464 586 619 665 superest
636 598 644 639 ε
665 571 751 640 nihil
769 573 805 640 in
824 597 892 664 quo
909 576 1047 658 arietet,
1071 591 1129 642 aut
1144 575 1249 646 labet.
1266 581 1385 650 Omnia

325 691 437 763 laciet'
457 715 497 760 ex
509 691 653 784 imperio
662 712 735 772 suo,
754 690 910 782 nihilque
925 691 1134 785 inopinatum
1148 691 1284 763 aocidet
1302 723 1310 760 :
1327 695 1383 763 aed

323 799 492 898 quidquid
504 818 604 898 aget,
621 804 657 870 in
670 800 796 870 bonum
811 803 938 884 exibit,
956 803 1054 872 lacile
1063 821 1098 872 et
1109 821 1247 898 parate,
1263 825 1301 876 et
1314 810 1386 876 siue

322 921 599 1016 tergiversatione
612 919 755 1014 agentis.
772 919 1004 1012 Namplgritia
1015 935 1050 988 et
1061 919 1226 990 haesitatio
1234 949 1384 1018 pugnam

322 1053 358 1105 et
377 1037 634 1106 inconstantiam
654 1032 814 1102 ostendit.
842 1035 960 1127 Quare
990 1033 1151 1105 audacter
1172 1037 1252 1106 lieet
1275 1039 1384 1132 proli-

323 1155 447 1238 tearis,
468 1177 632 1224 summum
650 1151 776 1220 bonum
795 1175 868 1220 esse
886 1153 989 1220 animi
1002 1154 1248 1224 coneordiam².
1266 1157 1384 1224 Virtu-

321 1287 374 1341 tes
390 1271 481 1340 enim
497 1269 547 1340 ibi
562 1293 635 1338 esse
656 1266 850 1352 debebunt,
871 1268 931 1336 ubi
952 1293 1134 1340 consensus
1150 1287 1251 1364 atque
1268 1273 1384 1342 unitas

324 1385 408 1454 erit:
424 1381 588 1452 dissident
603 1383 696 1451 vitia.

370 1499 434 1567 IX.
458 1492 560 1566 «Sed
579 1511 615 1563 tu
633 1519 793 1587 quoque,
813 1496 942 1587 inquit,
969 1497 1130 1566 virtutem
1153 1521 1219 1566 non
1231 1498 1277 1566 ob
1290 1499 1383 1568 alind

285 1595 289 1608 ¹
326 1639 343 1680 s
365 1612 466 1696 colis,
487 1635 589 1704 wem
607 1613 689 1703 quia
703 1611 852 1703 aliquam
870 1635 912 1680 ex
929 1610 988 1678 illa
1005 1635 1121 1706 speras
1130 1614 1380 1706 voluptatem.»

321 1725 493 1813 Primum,
509 1752 601 1811 non,
619 1730 647 1796 si
660 1729 863 1822 voluptatem
878 1743 1078 1821 praestatura
1091 1731 1197 1798 virtus
1212 1746 1287 1814 est,
1308 1729 1383 1800 ideo

321 1861 466 1941 propter
481 1845 570 1914 hauc
587 1845 735 1937 petitur3
757 1867 825 1912 non
844 1845 935 1911 enim
954 1845 1043 1912 hane
1060 1860 1195 1939 praestat
1219 1837 1245 1927 ³,
1269 1846 1383 1915 sedet

322 1963 436 2032 hune:
457 1987 521 2031 nec
541 1961 623 2030 huie
635 1960 781 2043 laborat,
802 1959 864 2028 sed
881 1959 977 2028 labor
996 1961 1091 2054 ejus,
1113 1965 1263 2054 quamvis
1290 1961 1383 2032 aliod

321 2091 434 2170 petat,
456 2075 523 2145 hoe
540 2098 674 2168 quoque
692 2089 903 2166 assequetur.
925 2075 1019 2142 Sicut
1036 2075 1072 2142 in
1086 2099 1185 2158 arvo,
1206 2076 1304 2170 quod
1331 2102 1382 2146 se-

321 2193 390 2287 geti
410 2183 634 2286 proscissum‘
654 2205 723 2270 est,
750 2188 857 2279 aliqui
876 2187 977 2256 flores
995 2187 1294 2276 internoscantur,
1317 2217 1382 2262 non
1441 2223 1442 2226 ¹

320 2322 433 2374 umen
464 2303 547 2372 huie
577 2302 754 2386 herhutae,
789 2304 941 2393 quamvis
974 2301 1120 2372 delectet
1145 2305 1282 2390 oculos,
1316 2324 1383 2375 tan·

280 2461 293 2495 2
320 2438 391 2493 tum
404 2420 516 2516 operis
526 2419 710 2488 insumtum
722 2433 774 2486 eet
791 2445 799 2484 :
816 2417 910 2486 aliud
928 2419 992 2486 fuit
1006 2422 1132 2488 serenti
1146 2425 1379 2518 propositum,

319 2539 385 2608 hoe
410 2535 606 2630 supervenit
629 2535 758 2602 :sicet
781 2533 935 2628 voluptas
965 2560 1034 2603 non
1058 2553 1110 2605 est
1136 2561 1294 2622 merces,
1321 2564 1383 2608 nec

319 2676 418 2723 causa
436 2651 588 2733 virtutis,
610 2647 670 2718 sed
688 2650 834 2718 accessio
855 2676 863 2715 ι
886 2674 949 2718 nec
967 2653 1048 2744 quia
1062 2650 1230 2737 delectat,
1249 2655 1382 2748 plaoet3

305 2743 379 2838 xsod
394 2769 476 2862 quia
491 2765 620 2861 placet,
642 2763 787 2834 delectat
801 2756 827 2833 ⁵.
851 2767 1024 2835 Summum
1042 2767 1172 2836 bonum
1190 2771 1229 2836 in
1247 2773 1324 2864 ipso
1334 2773 1385 2864 ju

317 2883 406 2954 dicio
432 2900 509 2967 est,
539 2898 574 2952 et
589 2881 709 2951 habitu
728 2882 863 2976 optimae
881 2884 1005 2952 mentis
1028 2911 1035 2950 :
1057 2907 1132 2976 quae
1152 2910 1260 2977 quum
1288 2913 1386 2957 suum

351 3092 622 3164 t.0mniu‚sacietete.
630 3091 775 3164 Sapientem
782 3089 823 3143 de·
905 3091 929 3142 3.
940 3091 1003 3145 Non
1012 3098 1082 3146 enim
1092 3094 1161 3148 lene
1167 3107 1298 3165 praseae,
1307 3099 1357 3151 sed
1365 3110 1387 3152 et

202 3227 207 3242 ’
313 3166 822 3316 tll¹'.:.‘¹.¹.¹.,⁰tt¹².›‘.¹.¹¹.²tlll²v·313?
870 3167 1386 3322 ltlttl‘ltlttffilffltltz

347 3344 371 3378 a.
385 3323 476 3396 Quare
487 3325 820 3378 audam...concordiam.
870 3345 908 3378 res
926 3326 960 3379 ita
977 3347 1003 3378 se
1019 3324 1113 3380 habent
1127 3341 1167 3392 ut,
1187 3349 1250 3382 eum
1268 3331 1347 3396 aliis,
1364 3344 1387 3384 ct

315 3405 409 3458 Eodem
415 3402 577 3477 spectatillud
586 3403 695 3456 Socratis
703 3423 742 3476 ap.
750 3403 820 3456 Stob.
870 3401 937 3456 hone
946 3441 953 3468 ,
962 3402 1028 3456 hant
1038 3423 1154 3476 qnoque,
1168 3407 1387 3477 (punientium,

313 3480 382 3554 l(p.
397 3502 420 3554 9.
434 3481 634 3546 Seltow.):‘1'ol
648 3489 723 3548 σοφοῦ
737 3479 821 3548 στὸμα-
869 3491 985 3550 praestate
1000 3481 1087 3534 soleat.
1441 3521 1442 3524 η

312 3579 352 3621 τος
368 3561 537 3628 ἀνοιχθέντος,
557 3558 667 3627 καθάπερ
689 3559 771 3625 ἱεροῦ,
792 3561 820 3610 τὰ
902 3555 1388 3636 4.Ρνοεα’πυη1.ΑηὴωκωΙ,μι-

312 3643 353 3694 τῆς
368 3635 448 3705 lvx&
464 3633 631 3688 aemiliorum
650 3635 728 3701 simp
746 3635 820 3696 ἀγάλ·
867 3644 981 3704 paratum
994 3633 1026 3685 ad
1038 3648 1159 3707 segetem.

75 3711 83 3744 ⁴
312 3733 381 3780 pesa.
392 3711 476 3786 Magis
487 3709 607 3764 convenit
616 3709 689 3762 Plato
699 3728 738 3782 ap.
752 3708 820 3760 Aris·
902 3711 989 3763 5.·Nec
1000 3713 1064 3779 quta
1076 3713 1194 3766 delectat.
1209 3717 1273 3770 Non
1287 3737 1348 3771 eam
1357 3719 1387 3772 ol

312 3788 381 3842 totel.
397 3788 425 3840 in
442 3787 536 3842 sobai
553 3787 676 3860 florilegio
695 3788 776 3840 serm.
797 3807 819 3842 1.
867 3805 967 3838 oausam
977 3787 1050 3841 nobis
1059 3789 1192 3861 probatur,
1202 3795 1339 3862 quoniam
1349 3798 1387 3848 de·

312 3869 352 3936 (p.
362 3887 386 3931 ⁷·
396 3865 528 3932 Selium),
549 3865 594 3935 qni
612 3865 721 3917 διάθεσιν
737 3866 818 3934 ψυχῆς
868 3862 1268 3942 lectationernexeapertipimns,
1277 3875 1389 3946 sedqm

193 3949 206 3966 ³
313 3943 477 4010 ωμφυνοῦὸαν
498 3943 556 3995 neele
573 3944 649 3995 «dvm
666 3941 723 4008 pipo
741 3959 817 3992 eorn-
867 3940 1029 3995 niamuirtuti
1036 3942 1167 4016 probatur,
1178 3947 1387 4004 eadeleetamnr.

313 4019 423 4074 mandat.
868 4019 992 4093 Voluptas
1004 4041 1086 4090 neque
1099 4022 1197 4075 bontm
1208 4065 1217 4092 ,
1230 4046 1322 4099 neque
1333 4049 1389 4082 ua-

345 4095 389 4146 lll.
397 4095 553 4148 :leovinus
564 4115 617 4148 non
626 4095 819 4170 proptervolup
869 4097 940 4166 lum,
957 4098 1001 4152 sed
1018 4099 1047 4151 in
1063 4100 1208 4176 adiaphoris
1223 4119 1261 4158 eat
1273 4107 1387 4172 Stoicis,

314 4179 387 4223 tatem
397 4172 504 4242 petitur,
517 4171 560 4225 sed
570 4185 670 4245 propter
681 4174 796 4246 seipsam.
811 4184 814 4190 '
869 4188 893 4226 et
904 4175 979 4228 servit
988 4178 1084 4230 virtuti.
