2910 4954
302 495 457 563 LIBER
483 495 540 578 11,
567 495 679 562 CAP.
706 496 899 562 XXXIII.
1073 520 1127 563 ιοι

84 647 152 691 vare
165 623 267 715 jussit
282 647 326 692 an
344 636 511 707 sumeret3
530 621 683 714 sumpsit.
703 623 751 688 Eo
768 619 846 703 die,
867 645 935 713 quo
950 619 1057 690 filium
1074 647 1133 692 aa·

85 738 238 830 tulerat¹,
259 739 360 807 immo
376 762 444 830 quo
457 761 526 806 non
543 734 730 818 extulerat,
747 735 883 828 jacebat
900 738 1040 806 conviva
1055 763 1136 807 cen·

84 857 228 938 suimus,
249 872 285 924 et
308 857 462 949 potiones
483 855 538 923 vix
561 853 725 924 honestas
741 852 908 922 natalibus
924 853 1131 940 liberorum,

83 972 275 1067 podagricus
287 997 388 1042 senex
402 971 584 1040 hauriebat
599 1001 608 1058 3
624 996 729 1063 quum
743 972 880 1040 interim
898 996 967 1040 non
980 972 1135 1044 lacrimas

84 1088 206 1170 omisit,
221 1112 290 1157 non
310 1086 459 1156 dolorem
475 1085 590 1179 aliquo
608 1087 704 1180 signo
718 1109 902 1178 ,erumpere
920 1109 1038 1178 pasaua
1058 1104 1132 1156 est:

82 1201 238 1284 coeuavit,
264 1217 423 1292 tanquam
439 1224 502 1293 prn
529 1199 599 1268 lilio
619 1213 799 1267 exorasset.
823 1197 978 1290 Quaeris,
1002 1202 1137 1293 quare?

81 1315 220 1386 habehat
233 1317 411 1386 alterum².
434 1314 529 1409 Quid
541 1316 599 1384 ille
616 1317 769 1384 Priamus
781 1307 814 1383 Ῥ
829 1339 899 1384 non
915 1315 1136 1387 dissimulavit
1161 1345 1176 1396 5

80 1435 179 1518 iram,
199 1450 234 1504 et
246 1437 338 1530 regis
350 1459 461 1530 genua
473 1433 665 1527 complexus
677 1435 752 1502 esti
769 1433 936 1504 funestam
947 1435 1137 1528 perfruam-

79 1573 140 1640 que
152 1575 275 1620 cruore
292 1551 356 1620 lilii
368 1543 527 1620 manum⁴
545 1548 589 1618 ad
607 1573 644 1618 os
656 1571 754 1617 suum
767 1549 904 1632 retulit,
920 1566 955 1619 et
970 1553 1133 1638 coenavi13

78 1661 133 1729 sed
151 1679 263 1733 tamen
286 1666 361 1734 aino
378 1679 574 1759 unguento,
596 1664 669 1731 sine
686 1663 818 1730 coronis
841 1688 849 1728 ι
868 1677 904 1731 et
918 1663 1015 1732 illum
1031 1663 1137 1732 hostis

77 1783 272 1852 saeviuimua
289 1781 404 1850 multis
426 1781 572 1862 solania,
600 1795 638 1847 ut
662 1779 775 1848 cibum
803 1794 958 1872 caperet,
983 1778 1138 1849 hortatus
1234 1859 1238 1874 ι

77 1913 143 1981 est,
163 1921 234 1968 non
245 1914 284 1968 ut
295 1897 419 1992 pocula
430 1898 603 1992 ingentia,
624 1919 727 1990 super
739 1911 841 1988 caput
851 1896 961 1988 posito
975 1895 1133 1980 custode,

75 2175 136 2244 apud
146 2195 247 2230 mensas
256 2177 373 2230 lautiores
383 2189 427 2230 aut
436 2177 462 2228 in
474 2176 582 2250 opiparis
630 2185 704 2228 trem.
711 2173 808 2227 Omnes
816 2174 1016 2228 librirumanum
1024 2186 1137 2244 putrem3

76 2253 195 2308 conviviis
204 2268 302 2309 tautum
316 2255 506 2329 usurpahautur.
521 2255 582 2308 llo-
629 2251 698 2304 uncle
715 2253 828 2306 Muretus
844 2252 918 2306 iecit:
926 2263 1066 2322 pastorem.
1078 2253 1137 2326 Lip-

75 2330 166 2396 muna,
186 2331 233 2384 lib.
254 2332 356 2396 11,οι1
387 2333 418 2397 3,
436 2332 530 2406 anuph.
548 2333 580 2399 4:
630 2330 1069 2400 aiuszcoutempsissetetromnnus
1080 2351 1138 2400 pu-

76 2408 158 2461 silue
175 2409 236 2462 vina
252 2421 276 2461 et
293 2421 423 2480 urrgueruu
436 2421 461 2460 et
474 2409 581 2462 nimium
631 2421 674 2464 ter.
686 2409 739 2462 Secl
748 2431 834 2464 sensus
846 2423 954 2463 etnexna
962 2409 1022 2463 huic
1034 2409 1137 2463 lectioni

75 2483 159 2539 hrcres
186 2487 281 2540 Floras
306 2505 412 2541 amoense
436 2488 501 2538 serre
523 2486 582 2556 iuhe
631 2489 860 2562 malecongruunt.
874 2488 961 2541 Facile
976 2489 1043 2540 eninr
1057 2500 1093 2540 est
1105 2487 1137 2540 acl

75 2581 144 2612 msoe.
163 2585 177 2610 a
198 2563 233 2616 lit
249 2563 390 2626 Martialis,
403 2562 448 2615 lih.
461 2563 501 2629 X,
520 2563 582 2635 Epi·
630 2566 886 2642 intelligendum,hic
894 2586 977 2639 neque
986 2567 1018 2620 de
1025 2565 1137 2632 Pastore,

74 2659 151 2711 gram.
160 2663 223 2710 arx,
234 2661 282 2695 ιιι.
294 2662 325 2715 r³
335 2654 359 2694 et
369 2661 400 2694 ao
410 2662 416 2696 :
428 2643 510 2696 «Hac
519 2642 582 2696 hora
632 2662 714 2716 neque
733 2643 764 2697 cle
783 2642 903 2717 Caligula
920 2661 1061 2698 sermonem
1079 2661 1138 2696 esse.

73 2733 107 2772 est
121 2735 181 2790 tua,
198 2741 279 2793 quum
295 2721 357 2776 rurit
367 2723 476 2795 Lycus,
494 2721 581 2790 Quum
631 2722 720 2776 Pastor
727 2722 795 2775 anim
803 2721 890 2795 procul
898 2719 976 2774 (lubio
983 2721 1031 2774 sihi
1038 2719 1137 2782 timuit;

74 2813 160 2872 regnat
171 2819 230 2853 rosa
243 2837 250 2865 ,
261 2819 341 2872 quum
352 2800 454 2853 madent
466 2799 557 2874 capilli.
567 2823 581 2848 ι
632 2799 695 2852 iram
710 2820 764 2853 uon
780 2797 903 2863 ostendit,
918 2810 947 2852 ut
962 2816 1019 2869 quse
1031 2817 1140 2871 repressa
1200 2849 1203 2858 ,

102 2896 127 2928 ι.
138 2879 296 2932 Extulemt.
307 2880 363 2930 Vos
379 2878 477 2952 propria
495 2879 523 2931 in
542 2899 582 2932 ea·
633 2889 669 2928 est
678 2877 785 2942 timore,
798 2897 830 2928 ne
840 2877 891 2949 ipse
902 2889 926 2928 et
936 2873 1003 2928 filius
1012 2873 1140 2928 interlice-

71 2956 184 3026 sequiis:
201 2957 324 3010 unierat
341 2975 431 3030 nempe
447 2957 481 3010 acl
492 2977 582 3031 rogum
632 2967 719 3010 rentur
739 2975 810 3022 :nec
834 2955 957 3026 Caligula
976 2955 1040 3008 iram
1063 2955 1141 3029 pietas

71 3047 94 3084 et
104 3035 244 3087 tumulum.
632 3033 799 3108 compescuit,
821 3032 865 3104 qui
886 3032 1014 3086 Pastorem
1035 3033 1141 3085 lacessi-

103 3130 126 3162 ι.
146 3112 275 3164 Alterum
297 3111 413 3165 Alterum
429 3131 464 3165 ac.
481 3108 580 3176 filium,
632 3111 695 3164 visse
711 3131 770 3164 mox
784 3109 883 3163 (licitur.
899 3111 985 3180 Itaque
1003 3129 1141 3162 romonum

71 3205 259 3255 quemeervarc
270 3187 358 3241 voluit.
629 3199 733 3257 patrm
751 3188 793 3241 hic
810 3199 875 3240 stare
893 3206 946 3240 nou
965 3205 1035 3258 posse
1047 3199 1141 3260 putem.

101 3265 125 3316 3.
141 3265 224 3337 Quid
239 3269 284 3320 illc
303 3266 452 3319 Menas?
465 3267 503 3319 Ea
521 3267 582 3319 tlo-
632 3268 724 3320 Refero
737 3266 820 3340 potius
833 3264 870 3346 pal
881 3263 1027 3328 Priamum,
1038 3263 1082 3334 qui
1094 3263 1142 3316 sihi

70 3361 157 3408 mero,
173 3344 206 3398 ll.
217 3351 251 3408 Ω,
262 3343 391 3398 notissima
401 3345 463 3399 hec.
475 3345 582 3398 Hectore
614 3345 616 3350 ’
632 3365 686 3398 non
703 3342 807 3407 timuit,
826 3355 851 3394 et
868 3341 902 3394 at
918 3341 1059 3405 Achillem,
1073 3341 1143 3411 cujus

68 3432 152 3472 autem
164 3422 200 3474 ah
209 3421 583 3486 Adrillciuteriecto,l²riamus
632 3421 781 3493 irampietas
790 3439 881 3491 ,qrraru
894 3438 968 3472 senex
978 3418 1093 3472 Priamus
1104 3436 1142 3470 sa-

69 3503 211 3575 rex'l'rojoe
222 3501 347 3556 Achillem
358 3501 434 3570 saliit,
447 3501 529 3556 lilium
538 3523 583 3557 re-
632 3499 729 3572 pienter
738 3499 766 3550 in
778 3497 875 3552 Petide
883 3497 970 3550 animo
978 3496 1141 3558 excitaverat,

69 3578 239 3656 dempturus:
251 3581 293 3634 oui
309 3581 351 3634 hic
369 3599 488 3652 perquam
506 3581 584 3634 heni-
634 3575 793 3649 compescuit.
802 3573 914 3628 Proinde
922 3573 1070 3648 diguusiuit
1077 3572 1144 3626 Pria·

69 3679 148 3730 guum
160 3679 189 3710 ae
202 3657 323 3733 praestitit.
632 3673 706 3720 mua,
720 3666 767 3706 etc.
782 3652 847 3720 Qun
865 3652 950 3706 omnia
966 3650 1067 3724 egregie
1081 3670 1144 3703 eorr-

102 3739 126 3800 4.
136 3737 267 3789 Manum.
279 3735 379 3789 Scilicet
390 3735 511 3797 Achillia
523 3755 585 3787 nro-
635 3731 742 3784 veniunt
754 3749 812 3783 cum
824 3730 872 3794 iis,
883 3747 942 3801 quse
956 3729 1082 3780 llomcrus
1093 3727 1110 3780 l.
1122 3748 1144 3781 e.

69 3833 117 3866 neo
136 3833 173 3866 ue
192 3814 227 3865 cle
244 3833 324 3866 uranu
340 3811 387 3866 filii
407 3813 507 3887 cogites.
520 3811 586 3866 Sunt
634 3807 731 3862 cecinit.
746 3806 873 3881 lpsaratio
887 3805 1147 3878 grammaticacogit,

69 3889 122 3942 haec
134 3908 290 3962 capreuaea
302 3890 334 3942 ll.
347 3897 385 3954 Ω,
395 3909 442 3942 ras.
452 3889 510 3958 477,
521 3889 585 3956 478:
635 3898 662 3939 ut
668 3886 808 3962 cogitemus
815 3885 846 3936 de
853 3885 962 3951 Achille,
972 3885 1042 3956 cujus
1050 3884 1145 3937 mentio

70 3953 130 4038 Ᾰγχι
139 3970 165 4021 δ’
175 3969 227 4038 ἅμ
237 3971 292 4029 esic
302 3970 385 4038 Kapolr
396 3960 518 4038 Ᾰχιλλῆις
530 3967 583 4034 λάβε
635 3965 745 4038 proxime
757 3963 892 4019 antecedit.
904 3962 1052 4037 legencium
1061 3963 1145 4034 itaque

68 4046 188 4111 rainu,
199 4048 237 4098 aul
249 4044 303 4098 aries
312 4055 393 4115 χεῖρας
405 4049 495 4110 misac,
503 4047 586 4115 ἄνδρα·
635 4065 725 4098 censeo
733 4051 864 4110 troianum
873 4055 993 4113 putrem,
1006 4045 1024 4096 i.
1036 4065 1058 4096 e.
1068 4044 1146 4096 Pria·

68 4125 155 4188 φόνοις
166 4126 213 4188 ,ai
223 4126 244 4174 ol
254 4123 430 4186 ellsucxrasos
437 4121 501 4186 uias:
511 4123 572 4176 Μοι
578 4163 584 4189 ,
640 4142 727 4187 muru,
740 4122 783 4191 qui
799 4135 853 4195 post
864 4121 1025 4189 convivium,
1038 4122 1146 4174 Hectore

69 4202 165 4256 ashur
179 4223 187 4256 :
201 4203 290 4255 nosti
302 4203 558 4271 praeduratum.
640 4223 686 4256 auo
707 4201 835 4275 redempto
859 4215 883 4255 et
903 4215 1020 4275 accepto,
1042 4201 1146 4272 Troiam

103 4285 127 4332 5.
151 4281 361 4347 Coerlarrpsisset
381 4285 514 4350 trojanum
536 4301 591 4348 pu-
642 4282 729 4344 rediit,
743 4295 952 4354 utossaeorpure
971 4281 1100 4335 combusto
1116 4279 1146 4332 de
