2896 4958
296 462 333 505 ce
485 433 516 502 J.
541 435 706 504 LIPSll
730 435 1188 510 MANUDUCTIONIS

297 577 373 640 sime
400 576 519 653 fundit,
544 579 717 661 aspexeris3
745 581 881 643 emittere
908 580 986 644 banc
1006 581 1068 646 Dei
1090 605 1221 663 vocem,
1257 583 1370 648 Omnia

294 707 364 747 mea
379 699 456 747 sunt.
466 712 481 741 »ι
498 685 617 765 (lbid.)
632 685 736 766 itaque
753 701 783 748 et
797 687 856 751 hoc
873 711 945 752 vere
960 689 1144 772 addidimus,
1164 721 1177 744 u
1188 690 1296 754 Solum
1311 693 1370 754 So-

294 792 428 874 pientem
441 792 564 856 divitem
577 813 686 866 esse,»
703 789 820 855 Socrati
833 795 896 875 jam
907 793 982 856 olim
995 795 1162 863 definitum.
1174 796 1268 874 (Vide
1281 798 1334 858 lib.
1346 799 1370 859 Ι.
1427 841 1428 846 1

295 896 622 979 Dissert.xvt1.)Quae
640 899 721 960 enim
736 899 800 961 istae
811 897 932 978 Crassi,
949 915 1000 962 ant
1013 898 1112 965 Croesi
1122 902 1231 964 divitiae
1243 904 1254 966 Ρ
1265 905 1372 966 desunt

295 1003 410 1081 multa,
426 1017 457 1066 et
470 1018 583 1086 optant.
597 1003 711 1067 Noster
723 1005 866 1068 minime:
885 1019 915 1069 et
930 1027 991 1068 non
1006 1028 1064 1068 una
1079 1029 1170 1074 causa
1184 1008 1233 1071 vel
1248 1023 1371 1092 aspectu

295 1111 417 1172 titulum
427 1111 507 1174 bunc
520 1113 586 1194 jure
597 1111 699 1174 babet.
712 1109 799 1174 Plato
813 1113 991 1196 adsignabat
1005 1115 1097 1176 istas:
1116 1140 1133 1173 α
1142 1114 1279 1178 Divitem
1290 1116 1370 1180 hunc

298 1199 419 1295 solum,
435 1218 547 1300 quippe
563 1238 633 1278 cum
646 1217 794 1280 thesauris
811 1218 950 1280 omnibus
967 1219 1164 1302 pretiosiores
1178 1221 1261 1284 solus
1272 1223 1371 1284 ridea-

298 1337 369 1400 tur,
385 1323 540 1405 possidere
552 1321 704 1397 Virtutes3
719 1325 789 1405 quia
803 1325 895 1387 etiarn
906 1325 987 1388 solus
1000 1323 1128 1409 Sapiens
1143 1347 1218 1411 opes
1233 1342 1333 1410 potest
1342 1329 1371 1388 in

300 1427 403 1490 usibus
423 1429 602 1492 necessariis
618 1451 744 1514 regere,
768 1431 863 1493 videri
878 1431 1040 1494 ditissimus
1056 1432 1154 1495 debet.
1163 1461 1178 1488 2>
1193 1432 1309 1517 (Apul.
1324 1433 1386 1495 De

298 1533 402 1614 Phil.)
423 1534 485 1599 Pro
503 1543 631 1620 quarum
644 1537 743 1620 prima
763 1537 917 1620 aptissime
934 1535 1024 1600 Philo
1036 1537 1162 1602 Judrens
1184 1563 1191 1598 ι
1219 1568 1234 1594 ιι
1245 1537 1382 1628 δαρὶειιε1

300 1663 363 1704 non
374 1643 457 1704 dives
469 1642 589 1719 solum,
606 1644 659 1704 sed
675 1641 861 1725 superfluens
881 1665 888 1701 ε
904 1644 1002 1723 utqui
1016 1665 1138 1727 semper
1152 1644 1312 1706 delicietur
1326 1645 1374 1706 in-

301 1762 497 1832 verseturque
510 1748 599 1811 bonis
613 1747 757 1812 uberibus
770 1763 801 1810 et
812 1750 982 1832 germanis,
998 1771 1060 1812 non
1074 1729 1139 1813 reso
1150 1751 1374 1814 inveterascen-

299 1854 397 1933 tibus,
410 1857 464 1918 sed
473 1855 570 1939 magis
579 1854 795 1918 virescentibus
806 1853 1039 1936 florentibusque
1052 1856 1108 1938 (de
1118 1854 1248 1918 Plantat.
1261 1855 1371 1935 Noe'.):

300 1961 332 2024 id
350 1975 410 2038 est,
427 1961 487 2024 illis
499 1960 603 2026 Animi
616 2007 625 2039 ,
640 1983 716 2044 quas
728 1960 865 2024 Virtutes
889 1983 1040 2024 vecanam.
1063 1959 1170 2044 anue
1189 1964 1255 2046 ipsa
1273 1964 1371 2040 ratio,

302 2089 394 2151 quam
405 2067 501 2134 Stoici
512 2070 607 2132 nostri
617 2069 697 2132 inter
709 2068 826 2152 primas
837 2068 1012 2152 signabant,
1029 2070 1129 2134 stricte
1145 2070 1189 2133 sic
1201 2083 1232 2132 ot
1243 2069 1375 2133 scholas·
1427 2093 1428 2098 ¹

300 2177 360 2239 tice
383 2178 463 2259 apud
482 2173 674 2260 Empiricum
695 2195 835 2258 expressa
856 2199 863 2236 :
887 2173 977 2258 «Qui
996 2198 1032 2240 ea
1049 2177 1203 2260 possidet,
1222 2198 1290 2258 qnae
1311 2191 1375 2240 sunt

302 2304 419 2366 magnas
428 2281 632 2346 estimationis
643 2293 673 2344 et
684 2282 786 2364 magni
800 2282 905 2364 pretii,
918 2296 963 2346 est
976 2283 1060 2344 dives
1074 2305 1080 2340 ι
1095 2282 1203 2344 Virtus
1216 2296 1321 2346 antem
1334 2297 1377 2346 est

219 2376 223 2388 ’
303 2392 407 2472 magni
425 2389 514 2473 pretii
537 2403 569 2452 et
587 2388 813 2462 estimationis,
831 2387 970 2470 solusque
985 2386 1112 2472 Sapiens
1131 2411 1199 2452 eam
1215 2391 1373 2473 possidet:

303 2495 385 2558 solus
398 2517 471 2580 ergo
484 2510 530 2560 est
545 2497 639 2558 divos.
647 2521 662 2550 a
672 2493 772 2572 (Λᾶν.
786 2493 903 2572 Mad.)
915 2493 1022 2560 Altera
1036 2509 1102 2557 erat
1115 2496 1238 2576 ratim«
1249 2494 1376 2579 Sapien-

305 2617 368 2664 tem
388 2602 486 2664 solum
505 2602 558 2664 uti.
577 2629 591 2656 n
614 2600 664 2664 An
680 2601 732 2664 ille
745 2614 858 2672 utatur.
884 2600 934 2682 qui
948 2601 1078 2664 avariter
1092 2600 1251 2663 recondit?
1269 2621 1310 2662 ne
1326 2600 1377 2662 ha-

304 2708 357 2770 bet
371 2707 515 2790 quidem,
533 2709 559 2770 si
571 2706 689 2770 Platoni
703 2706 763 2770 boc
775 2705 873 2768 credis
887 2706 959 2768 scite
973 2705 1111 2782 docenti,
1131 2719 1161 2768 et
1174 2706 1375 2790 distinguenti.

307 2843 322 2870 o
337 2814 410 2876 Non
422 2809 508 2877 enim
520 2814 596 2880 mihi
610 2814 691 2876 idem
705 2813 842 2889 videtur,
859 2810 953 2893 inquit
963 2809 1100 2888 ,Habere
1117 2825 1147 2873 et
1159 2811 1314 2895 Adipisci,
1326 2825 1374 2886 ut,

306 2921 331 2983 si
346 2923 412 3002 quis
427 2935 542 2986 vestem
562 2933 731 2994 mercatus,
749 2932 811 2982 tam
829 2919 859 2984 in
880 2931 1026 3001 potestate
1043 2917 1173 2994 babeat,
1193 2939 1255 2979 non
1277 2933 1376 2980 tamen

305 3028 384 3090 serat
400 3050 407 3087 ι
422 3026 503 3090 baud
517 3027 680 3092 dixerimus
702 3023 827 3087 Habere
842 3022 948 3100 illum,
964 3025 1015 3086 sed
1031 3023 1184 3106 Adeptum
1198 3045 1276 3086 esse.
1291 3050 1306 3077 n
1322 3021 1377 3104 (ln

306 3131 439 3213 ibent.)
454 3131 503 3194 An
517 3132 569 3193 ille
584 3133 675 3194 etiam
688 3131 798 3207 utitur,
815 3128 868 3210 qui
877 3128 965 3190 stulte
976 3142 1007 3189 et
1019 3129 1213 3212 prodigenter
1230 3129 1375 3190 effundit?

306 3239 381 3306 nihil
394 3265 403 3314 ς
417 3239 499 3302 solus
510 3236 639 3323 Sapiens
651 3237 744 3300 habet
754 3281 763 3312 ,
773 3236 905 3321 possidet
916 3233 1040 3311 ,utitur,
1054 3233 1215 3296 materiam
1226 3234 1377 3296 virtutum.

471 3381 532 3434 Non
544 3379 604 3433 boio
613 3380 731 3456 sepositas
742 3378 830 3436 infelix
841 3369 981 3454 suangrdat
989 3395 1044 3429 crea

472 3473 587 3527 Divitia.

309 3607 379 3690 quid
394 3605 492 3692 ergo?

477 3795 517 3812 ...
528 3757 700 3832 ....Espositi
712 3775 800 3809 censos
810 3793 817 3822 ,
829 3743 856 3806 ot
864 3719 937 3839 docta
950 3753 1052 3807 fruendi

474 3851 625 3924 Temperies.

311 3985 372 4048 Sed
386 3998 496 4068 praeter
508 3985 563 4048 has
578 3988 652 4047 duas
667 4029 675 4062 ,
691 3983 779 4046 tertia
792 3981 883 4044 etiarn
898 3979 985 4042 ratio.
1000 3978 1127 4061 Sapiens
1140 3975 1225 4038 nulla
1237 3998 1274 4038 re
1290 3990 1376 4060 eget:

311 4113 384 4175 ergo
402 4092 492 4154 dives.
513 4089 595 4173 Quid
611 4092 692 4153 enirn
711 4091 793 4153 aliud
811 4086 947 4164 «Dives,
965 4087 1023 4148 nisi
1039 4107 1056 4146 a
1075 4084 1156 4146 Divo
1175 4085 1241 4162 (ait
1252 4083 1378 4158 Varro)

311 4199 396 4282 quia,
420 4211 452 4260 ut
466 4197 572 4272 Deus,
591 4197 665 4260 nihil
678 4197 813 4279 indigere
828 4192 967 4257 videtur?
981 4221 995 4245 υ
1014 4191 1201 4272 Quomodo?
1221 4212 1285 4252 non
1301 4191 1377 4251 enim

216 4282 218 4288 V
309 4305 394 4390 petit.
412 4303 564 4368 «Animus
578 4317 645 4366 tuus
662 4316 780 4386 oportet
797 4321 829 4364 sc
844 4299 954 4390 judicet
972 4297 1112 4372 divitem,
1134 4316 1196 4357 non
1222 4295 1378 4358 hominum
