2930 4956
223 413 227 426 ’
292 458 353 546 sn,
489 455 1182 531 routmunsursnsnunct

292 597 426 669 Fabius,
442 611 593 684 corrupta
614 625 630 653 ι·
648 591 769 664 Ahhac
784 604 894 677 causa,
910 609 1001 684 quani
1016 601 1098 678 diri,
1116 598 1271 690 eederet
1288 601 1368 665 llore

289 703 385 766 nmo
400 726 409 761 2
426 702 770 789 emerammi
786 689 1371 797 «ammanuensium-

292 807 394 874 tentiis
407 809 508 895 tre'gtt.
519 821 539 866 'a
559 810 605 874 lta
620 812 703 874 enirn
715 812 797 876 idem
815 815 898 877 addit
912 837 920 874 s
935 833 1037 897 neqm
1051 814 1153 877 ahnuo
1165 800 1178 892 ,¹
1195 813 1318 902 crehras
1340 827 1373 876 et

293 917 424 979 nmtuta's
436 916 509 980 istas
531 911 694 980 ientmoas
711 905 906 982 interienire.
923 917 986 984 Sed
997 921 1133 1004 pondera
1154 917 1247 983 etiam
1266 941 1374 983 rerum

293 1024 457 1107 frangere?
471 1023 532 1088 hoe
550 1042 648 1108 nego,
669 1025 702 1086 iu
727 1025 792 1090 trus
811 1025 934 1108 quidem
952 1025 1172 1111 philosophicis
1187 1025 1296 1103 lihris,
1318 1027 1375 1106 qui

295 1143 421 1194 munt
438 1128 560 1214 Augeat
579 1123 696 1215 magis,
716 1143 748 1194 et
764 1133 932 1195 intendunt
948 1125 1121 1196 Stoicorum
1139 1133 1199 1196 hoc
1211 1131 1375 1217 proprimn

293 1237 371 1315 snt,
392 1255 455 1300 non
473 1237 602 1322 gnata,
622 1229 676 1300 tea
695 1227 905 1323 pegaseus,
934 1220 1007 1302 rem·
1023 1238 1130 1323 gerere
1156 1227 1320 1330 :tet'srevs
1342 1251 1377 1300 et

295 1343 430 1408 accincto
444 1335 587 1408 sermone
606 1365 684 1409 esse.
699 1331 892 1409 Docni'alihi
911 1345 956 1427 (1.
974 1341 1153 1409 idanuduct'.
1169 1341 1254 1442 Diss.
1266 1347 1348 1422 xiv)
1364 1369 1375 1405 z

295 1465 328 1514 et
340 1452 390 1514 rel
403 1449 561 1536 Epictems
573 1453 654 1534 ,qui
673 1466 827 1536 superest,
852 1452 946 1517 dicet.'
959 1453 1028 1515 imo
1044 1473 1119 1516 vero
1134 1449 1168 1512 ln
1181 1451 1378 1536 philosophia

296 1557 375 1620 mire
389 1557 450 1622 hoc
463 1559 572 1622 decere
593 1557 709 1621 videtm
724 1581 732 1619 s
751 1557 833 1622 alind
843 1559 874 1621 in
886 1543 1021 1622 oratoria
1037 1557 1157 1634 lateor,
1176 1559 1214 1620 de
1229 1577 1288 1639 qua
1301 1579 1380 1640 pro

296 1661 365 1749 prie
373 1661 506 1728 rantum
519 1679 644 1728 censere
652 1657 729 1726 mihi
745 1653 848 1746 liquet.
857 1663 900 1728 lit
911 1674 1014 1728 tamen
1021 1710 1030 1743 ,
1038 1677 1073 1726 ut
1084 1663 1220 1727 revelata
1233 1663 1334 1727 houte
1346 1677 1382 1726 et

298 1783 423 1855 pectore
440 1789 550 1856 agam,
567 1790 631 1832 non
647 1771 741 1833 etiam
759 1773 860 1836 abnuo
879 1754 1031 1836 interdum
1051 1769 1256 1834 sententiolas
1276 1770 1382 1833 inter-

296 1878 421 1956 venire,
439 1878 564 1962 frigidas
576 1891 627 1940 ant
645 1875 728 1938 inani
744 1881 862 1964 argutia
884 1883 1032 1960 :et'quss
1048 1877 1136 1941 exire'
1148 1879 1262 1962 magis,
1283 1897 1382 1964 quam

297 1981 391 2046 ferire
400 1977 511 2048 dicam.
524 1983 586 2048 Sed
598 2002 703 2070 pauca
717 1998 786 2050 sunt
798 1987 861 2049 istm
875 1991 885 2046 ἑ
897 1997 928 2049 et
936 1985 1099 2048 meliorum
1110 1988 1254 2047 hmnerus
1269 1983 1383 2046 ohmn-

299 2089 378 2152 hrat
391 2088 435 2152 At
450 2089 553 2177 crrlpat
570 2091 662 2156 etism
682 2090 818 2172 Fabius,
834 2105 867 2155 ut
883 2121 899 2150 ι
915 2092 947 2153 in
968 2091 1162 2176 philosophia
1181 2111 1289 2174 parum
1303 2089 1385 2152 dili-

299 2209 431 2280 gentem.
451 2220 467 2251 ι
480 2195 568 2278 Quid
583 2198 644 2263 hoc
663 2199 733 2262 est?
750 2211 802 2262 aut
817 2201 855 2262 de
877 2217 937 2281 qua
953 2211 1040 2282 parte
1060 2198 1144 2292 loqui
1164 2217 1235 2259 eum
1252 2195 1383 2281 putem?

300 2299 415 2386 Logiea
425 2301 444 2366 l'
458 2321 537 2382 non',
557 2298 682 2388 opinor,
697 2306 845 2368 tractarit.
855 2303 1018 2368 Naturali?
1034 2304 1170 2386 qiraedam
1189 2302 1221 2365 in
1237 2323 1273 2366 ea
1289 2316 1383 2376 sunt,

299 2423 334 2472 et
347 2410 529 2473 nominatim
547 2411 619 2474 libri
625 2411 695 2474 'Vll
711 2410 921 2494 Quaestionum
937 2434 945 2472 :
963 2413 1017 2475 sod
1036 2409 1083 2473 illi
1097 2430 1171 2474 vero
1197 2396 1239 2474 ita
1258 2409 1384 2484 exacti,

299 2517 428 2594 curiosi,
442 2517 587 2596 subtiles,
607 2529 641 2581 ut
653 2517 719 2604 ipsa
728 2518 910 2584 Aristotelea
922 2528 1109 2602 provocent,
1126 2531 1178 2580 aut
1187 2511 1317 2581 rincant.
1326 2513 1386 2579 Dc

295 2623 421 2686 -hl'orali
434 2623 548 2715 igimr?
562 2643 648 2710 ange
656 2633 670 2702 ,’
679 2633 807 2724 regnum
817 2625 869 2691 hie
884 2627 964 2689 inter
981 2645 1088 2689 omnes
1102 2637 1195 2688 tenet.
1213 2621 1274 2688 Sed
1286 2621 1387 2684 Fabii

302 2745 437 2796 mentem
448 2753 505 2816 ego
516 2732 597 2797 hanc
611 2734 759 2812 arbitror,
774 2755 837 2797 non
851 2733 1010 2815 inquisisse
1028 2730 1120 2795 nimis
1139 2747 1191 2795 ant
1205 2715 1387 2816 penetrasse

301 2840 333 2900 iu
347 2840 493 2902 interiora
507 2839 730 2927 Philosophiae
752 2857 874 2906 externa
888 2841 946 2905 hac
959 2841 1122 2929 populari,
1139 2855 1169 2904 et
1183 2838 1265 2904 relut'
1278 2829 1388 2900 inedi-

304 2949 410 3018 cante,
428 2957 611 3009 contentum.
625 2947 718 3030 Quod
731 2947 829 3011 fateor
845 2971 854 3006 s
870 2963 901 3012 et
916 2949 981 3032 ipse
996 2962 1102 3011 noster
1119 2969 1199 3031 saepe
1214 2939 1298 3008 hunc
1313 2965 1389 3007 sen-

304 3073 372 3114 snm
396 3064 427 3113 et
448 3051 540 3114 hucin
558 3073 645 3115 suum
663 3055 784 3138 prodit,
809 3053 893 3116 utilia
913 3053 1010 3139 magis
1030 3061 1122 3136 marn
1143 3049 1262 3115 subtilia
1286 3053 1390 3132 sequi.

306 3157 428 3234 Prodit,
447 3167 478 3220 et
492 3159 568 3221 mihi
585 3161 695 3243 pmbat
709 3155 721 3220 'z
737 3173 826 3242 atque
845 3161 962 3225 mnam
985 3161 1103 3246 operati
1118 3179 1224 3222 ornnes
1243 3157 1393 3241 philoso-

305 3265 382 3350 phiae
402 3263 461 3330 huc
475 3268 560 3328 eant!
578 3265 729 3329 Ultimum
745 3281 808 3345 est,
824 3294 839 3322 «ι
855 3263 1006 3350 Pleraque
1025 3267 1209 3352 corruptain
1222 3287 1259 3328 eo
1274 3285 1354 3328 esse.
1372 3294 1388 3320 ιι

308 3369 400 3454 Quod
416 3373 456 3435 ad
470 3373 676 3454 eloquentiam
693 3369 804 3436 iterum'
820 3373 959 3458 specta,
977 3395 1039 3436 non
1058 3373 1146 3436 illani
1164 3391 1292 3456 puram,
1307 3370 1393 3432 sim-

307 3477 436 3561 plicem,
449 3495 480 3541 ct
492 3461 647 3561 antiquam
660 3501 668 3537 τ
681 3480 743 3564 jam
762 3479 835 3542 sassi
849 3501 953 3543 tunsus
964 3526 974 3558 ,
987 3493 1017 3542 et
1030 3474 1220 3562 praediximus
1233 3501 1240 3534 τ
1256 3503 1271 3532 α
1284 3475 1393 3538 oratio

309 3587 373 3667 ejus
387 3585 506 3670 (Taciti
524 3585 646 3663 verbis)
667 3573 796 3649 multm
820 3586 916 3650 cultus
935 3575 1078 3670 ¹pratulit.
1102 3611 1116 3640 n
1138 3581 1271 3666 Quare?
1295 3603 1393 3646 causa

310 3691 421 3774 duplici
440 3714 447 3748 ε
466 3719 481 3746 u
495 3705 529 3753 nt
544 3691 600 3753 luit
616 3691 661 3753 illi
682 3693 749 3755 viro
761 3713 915 3758 amoenum
925 3692 1099 3776 ingenium,
1118 3705 1148 3752 et
1161 3687 1308 3772 temporis
1322 3688 1395 3769 ejus

311 3797 434 3860 auribus
459 3799 733 3862 accommodatmn.
756 3826 772 3853 ι»
793 3795 894 3876 Ecce,
917 3799 1003 3882 prior
1027 3815 1118 3860 causa
1140 3791 1180 3857 ah
1203 3791 1325 3876 iugenio
1361 3807 1397 3853 et

312 3903 413 3967 indole
426 3917 490 3982 est,
507 3905 586 3968 culta
602 3916 633 3967 et
646 3923 765 3968 amoena
776 3949 786 3982 ,
798 3903 880 3968 facili
892 3916 922 3965 et
933 3905 1056 3987 copiosa
1075 3925 1083 3960 ε
1100 3899 1196 3963 altera
1206 3897 1246 3960 ab
1258 3896 1313 3958 resi
1326 3918 1397 3958 rno-

313 4010 397 4074 ribus
416 4025 448 4073 et
462 4011 617 4087 sensibus,
633 4010 681 4074 cui
700 4011 798 4074 oratio
814 4010 879 4073 lere
895 4031 928 4072 ee
944 4022 1036 4094 aptat.
1060 4007 1175 4070 Noster
1195 4003 1359 4067 verissime
1386 4028 1394 4060 t

316 4115 612 4200 “Quemadmodum
636 4115 866 4200 uuimcujusque
887 4117 966 4180 actio
985 4115 1097 4178 dicenti
1124 4109 1231 4173 sirnilis
1253 4122 1318 4181 est;
1349 4109 1398 4170 sic

315 4245 407 4308 genus
426 4224 543 4287 dicendi
562 4223 697 4285 imitatur
718 4221 856 4306 publicos
878 4243 990 4285 mores.
1012 4250 1027 4276 u
1046 4211 1399 4303 (Epist.cx1v.)Cor-

315 4331 414 4413 ruptio
430 4331 519 4412 igitur
533 4330 588 4393 ista
601 4375 609 4404 ,
623 4327 744 4392 nonnisi
764 4327 794 4390 in
817 4327 897 4390 cultu
919 4328 1014 4390 nimio
1033 4352 1039 4386 ι
1058 4339 1088 4389 et
1106 4323 1177 4403 quid
1194 4322 1280 4422 valde
1304 4322 1401 4382 dam-
