2930 4956
306 427 365 514 aa
492 427 524 494 J.
550 427 711 496 masta
735 423 1186 518 nasunocrrours

303 571 392 633 illurn
406 566 543 633 Stoicum
558 569 792 654 philosophum,
810 569 863 650 qui
880 565 1016 652 Scipioni
1029 563 1222 655 Carthaginis
1235 570 1378 634 domitori

307 677 448 753 adhaesit,
465 677 663 760 convixitque.
675 704 691 732 ι»
703 673 791 755 (Lib.
801 673 910 754 XIV.)
923 671 998 737 Haec
1012 687 1081 736 nmt
1091 674 1186 738 nimia
1201 673 1283 737 mira
1297 695 1306 736 t
1325 696 1379 738 nec

308 787 345 847 de
359 773 540 861 Posidonio,
565 784 619 846 sed
631 779 762 844 Panotio
778 795 872 846 certa.
893 779 999 862 ltaque
1013 780 1045 843 id
1060 801 1175 844 nomen
1188 781 1314 844 omnino
1326 803 1379 844 re-

306 893 498 974 ponendam,
508 889 567 952 nisi
576 891 671 952 latum
681 903 712 951 et
721 888 928 952 ridicularium
938 907 1075 950 errorem
1086 886 1247 950 Athenaeus
1257 890 1379 952 erravit.

306 994 409 1059 Potuit
421 1009 521 1060 antem
535 993 647 1058 Strabo
658 997 778 1058 novisse
792 992 973 1072 Parmtirnn,
993 995 1045 1076 qui
1058 996 1098 1057 ad
1108 993 1250 1056 ultimum
1262 995 1380 1057 senium

307 1104 410 1179 venit,
435 1103 621 1166 adolescens.
641 1101 761 1166 Tamen
781 1099 871 1163 hodie
889 1101 920 1162 in
938 1097 1097 1163 Strabonis
1115 1099 1179 1163 haeo
1196 1119 1258 1162 non
1274 1099 1378 1184 legas,

305 1209 365 1272 nisi
379 1208 478 1270 fallor.
496 1206 557 1272 Hic
571 1221 618 1271 est
626 1229 720 1292 porro
731 1205 927 1284 Posidonius,
940 1209 1024 1292 cujus
1034 1207 1204 1271 moderatio
1215 1251 1225 1275 .
1237 1227 1300 1270 non
1314 1229 1380 1270 eru-

307 1316 381 1378 ditio
396 1315 495 1378 solum
506 1315 663 1392 laudatur,
677 1313 789 1398 judicio
800 1311 920 1376 Stoicus
933 1337 941 1374 z
956 1315 989 1377 'et
1003 1315 1073 1378 ideo
1087 1314 1252 1396 aliquando
1261 1315 1382 1378 diesem

306 1423 403 1499 tiens,
423 1435 456 1484 ut
470 1421 521 1504 qui
537 1449 552 1477 o
562 1436 676 1484 sectam
688 1423 830 1484 deserere
842 1421 1007 1501 maluerit(
1014 1418 1153 1484 Galenus
1164 1423 1202 1485 de
1215 1427 1277 1500 eo)
1289 1443 1383 1504 qnam

302 1509 496 1594 ceritatem.»
508 1527 609 1610 Atque
625 1530 680 1592 ista
694 1527 760 1592 sere
774 1529 925 1592 successio
939 1541 985 1592 est
997 1529 1037 1592 ad
1045 1527 1171 1613 Augusti
1181 1549 1279 1591 terrun
1298 1551 1307 1590 s
1325 1549 1384 1591 ne-

306 1657 366 1720 que
387 1635 467 1698 ultra
487 1655 597 1717 qaraero.
622 1635 743 1698 Addam
769 1657 787 1698 e
807 1632 934 1698 Sidonio
957 1635 1105 1720 imagines
1130 1651 1162 1699 et
1191 1635 1384 1699 habitudines

306 1745 518 1826 quorumdam.
531 1741 615 1804 Nam
625 1743 677 1804 ille
685 1742 851 1828 inepistola
860 1743 1001 1824 quadam,
1014 1743 1056 1804 ait
1068 1769 1084 1797 a
1093 1762 1150 1826 per
1162 1741 1322 1828 gymnasia
1333 1741 1381 1804 vel

307 1865 452 1937 prytanea
471 1852 555 1935 pingi
577 1852 733 1913 Zenonmu
753 1850 852 1914 fronte
872 1863 1042 1927 contracta,
1057 1847 1264 1938 Chrysippam
1283 1849 1384 1934 digitis

271 2030 276 2038 Ι
306 1971 433 2043 propter
445 1979 657 2021 mensurarum
673 1957 769 2040 spatia
783 1956 907 2034 laxatis,
926 1956 1106 2020 Cleanthem
1121 1971 1249 2043 propter
1261 1970 1385 2019 utrum-

307 2085 366 2148 que
390 2064 557 2128 corrosis.»
577 2061 665 2142 (Lib.
682 2061 745 2139 lx,
764 2063 851 2146 epist.
867 2062 934 2143 tv.)
951 2062 1090 2126 Invenies
1107 2063 1182 2126 inibi
1203 2077 1234 2126 et
1253 2064 1292 2125 de
1316 2063 1385 2124 aliis

306 2169 518 2253 Philosophia,
542 2169 595 2232 sed
615 2189 673 2253 ego
692 2189 779 2231 meos
800 2169 946 2252 excerpsi.
963 2168 1015 2231 De
1032 2169 1165 2232 Zenonis
1183 2169 1300 2258 fronte,
1322 2189 1384 2230 non

307 2277 439 2350 miruma
454 2297 577 2340 severus
593 2289 624 2339 et
636 2275 820 2340 subacerbua
833 2275 908 2348 fnit,
923 2275 1144 2360 superciliosus.
1159 2276 1335 2340 Zenodotus
1355 2277 1386 2338 in

308 2379 537 2468 Epigrammate
555 2404 562 2441 :

503 2495 582 2552 litos
595 2495 637 2549 cis
648 2493 728 2562 «ολιῗᾷ
739 2497 819 2564 mystis
828 2496 962 2566 ἱπισκυνίῳ.

505 2583 572 2638 Cum
583 2605 647 2638 cano
660 2598 780 2657 augustus
791 2586 864 2640 Zeno
877 2585 1021 2660 supercilio.

347 2694 489 2777 Denique
499 2695 801 2778 inprocerhitnnivit,
807 2699 1191 2782 Stoicumsupcrcrlsitmset
1201 2702 1386 2784 Stot'cagra·

307 2807 393 2866 vitas.
400 2801 451 2864 De
458 2800 622 2887 Chrysippi
632 2803 731 2887 digitis
743 2803 926 2883 constrictis,
934 2805 1091 2870 dissentire
1103 2803 1214 2870 Cicero
1225 2806 1384 2883 videamr,

307 2907 438 2990 qaaisacit
447 2909 606 2986 sedentem,
620 2921 753 2993 porrecto
765 2933 870 2974 mmo.
886 2909 949 2976 Sed
956 2927 1056 2997 potest
1064 2933 1159 2997 pansa
1175 2933 1283 2975 manus
1300 2935 1385 2989 esse,

309 3028 339 3077 et
352 3015 435 3098 digiti
454 3013 624 3092 coherere,
644 3017 700 3080 etsi
718 3037 781 3079 non
801 3017 922 3082 inflecti.
939 3017 1001 3101 Qui
1013 3033 1116 3082 tamen
1133 3020 1253 3083 habitus
1272 3019 1326 3083 vix
1349 3023 1387 3083 ad

307 3141 452 3182 numeros
466 3120 618 3203 inquibus
632 3123 809 3208 complicari
822 3126 906 3188 varie
921 3125 1019 3188 solent
1035 3147 1043 3185 ε
1060 3128 1100 3189 ad
1113 3146 1191 3208 qnos
1208 3125 1317 3211 pulsan
1335 3125 1387 3189 Si-

307 3228 416 3290 donius
431 3247 493 3289 non
502 3225 553 3290 hio
567 3240 684 3291 tantum
695 3229 798 3294 refert.
809 3231 893 3295 Nam
909 3247 940 3295 et
954 3231 1042 3311 alibi,
1066 3261 1082 3288 a
1096 3231 1263 3318 Chrysippi
1274 3253 1386 3296 nanne-

308 3356 376 3411 ros,
390 3348 420 3396 et
430 3331 566 3400 Euclidis
579 3355 737 3399 mensuras
752 3364 767 3390 »ι
782 3337 824 3400 ita
837 3340 942 3424 jungit.
962 3337 1054 3421 (Lib.
1064 3339 1128 3419 lv,
1142 3341 1230 3424 epist.
1240 3346 1314 3421 nt.)
1337 3340 1388 3403 An

308 3442 348 3503 ad
364 3439 498 3504 Soritem
517 3439 607 3523 igitur
625 3441 689 3504 Mc
705 3455 861 3526 spectant,
883 3444 931 3508 oui
953 3441 1142 3531 Chrysippus
1160 3447 1326 3522 inventor,
1359 3459 1389 3508 et

308 3546 396 3608 illum
409 3565 607 3610 numerosum
621 3549 799 3612 adscensum
816 3550 865 3612 vel
882 3552 1083 3616 demensum?
1097 3547 1194 3618 Dices
1214 3575 1251 3614 ex
1273 3555 1388 3616 eodem

309 3649 434 3716 Sidonio
447 3651 574 3734 (Caum.
586 3656 699 3733 tamt.)
716 3679 724 3714 ι

501 3767 563 3820 Non
574 3767 661 3834 hunc,
671 3768 693 3820 ti
705 3769 787 3822 voluit
797 3781 879 3825 rotare
890 3771 1037 3846 rhythmos,

503 3857 651 3930 Quidquam
662 3859 788 3933 proposito
802 3861 886 3916 vinam
897 3864 991 3917 morari

504 3946 660 4024 Chrysippus
670 3943 790 4024 po'tuisset
800 3973 829 4006 ea
840 3973 939 4008 acervo.

308 4049 394 4114 adde
405 4066 435 4114 et
448 4051 650 4120 Scholiastcm
663 4057 761 4122 Persii
775 4061 806 4122 in
817 4061 912 4140 illud,

502 4177 639 4244 Inventus,
652 4181 808 4257 Chrysippo,
821 4184 859 4238 tui
868 4184 954 4238 finitor
965 4189 1056 4241 acervi.

264 4288 266 4297 “
309 4276 370 4339 Sed
382 4293 414 4340 ut
425 4282 462 4342 de
475 4303 545 4344 mea
556 4299 656 4351 mente
666 4288 780 4369 dmm,
790 4290 953 4374 longinqua
964 4295 1036 4358 satis
1045 4295 1108 4360 hac
1117 4297 1285 4366 sidoniana
1301 4319 1376 4368 sunt
