2900 4944
446 459 728 538 CAPUT'XX.
1061 469 1126 541 513

66 608 128 675 acti
145 602 315 698 stipitibus
330 595 649 693 singulispeudeut¹
666 623 673 662 :
688 595 725 664 hi
735 595 840 687 quiin
854 617 890 662 se
905 595 971 686 ipsi
981 596 1130 666 animad-

66 735 221 794 vertunt,
240 733 323 811 quot
335 714 596 809 cupiditatibus,
619 727 667 782 tot
685 711 845 781 crucibus
859 709 1097 785 distmhuntur
1118 743 1125 782 :

66 855 100 906 et
116 836 285 919 maledici,
298 837 334 902 iu
344 832 486 902 alienam
510 829 746 899 contumeliam
764 830 897 896 venusti
916 845 996 897 sunt
1007 833 1034 898 ².
1050 833 1130 900 Cre-

66 953 179 1022 derum
194 947 205 990 ³
227 953 293 1019 illis
310 951 375 1018 hoc
391 971 534 1029 vacare,
555 946 620 1013 nisi
643 941 781 1036 quidam
795 940 1032 1037 ex·patibnlo⁴
1052 971 1130 1015 suos

66 1088 268 1164 spectatores
289 1079 526 1158 conspuerent.

114 1189 198 1255 XX.
218 1187 293 1254 Non
308 1195 470 1276 praestant
488 1177 680 1272 philosophi
705 1201 780 1270 quac
811 1179 1024 1270 loquuntur?
1045 1179 1132 1248 mul·

68 1319 137 1368 tum
158 1316 268 1366 tamen
297 1308 474 1388 precatam,
496 1291 588 1385 quod
613 1291 820 1383 loquuntur,
842 1285 958 1384 quod⁵
990 1291 1131 1362 honesta

66 1431 179 1484 mento
194 1412 400 1504 concipiunt.
425 1411 509 1476 Nam
524 1399 577 1476 si⁶
595 1424 629 1477 et
642 1408 736 1501 paria
751 1407 851 1476 dietis
869 1425 1024 1502 agerunt,
1047 1408 1132 1502 quid

65 1544 156 1598 essct
167 1527 234 1595 illis
249 1525 382 1593 beatius
397 1523 412 1590 l
425 1523 562 1591 interim
576 1546 645 1590 non
661 1538 712 1591 est
729 1521 821 1614 quod
837 1539 1032 1592 contemnas
1043 1523 1131 1594 bona

66 1643 189 1725 verbs,
209 1658 244 1711 et
267 1641 366 1709 bonis
384 1639 646 1732 cogitationibus
669 1637 768 1732 plena
794 1637 981 1731 precordia
1006 1645 1031 1706 ².
1059 1643 1133 1710 Stu-

64 1763 201 1831 diorum
230 1759 423 1827 sulutarium
441 1751 474 1840 ⁸,
507 1757 606 1824 etiam
639 1757 725 1826 citra
752 1755 928 1839 effectum,
963 1755 1132 1830 laudanda

103 1955 575 2032 1.Quumssfigsre...pendent.Quum
624 1977 700 2025 mus,
728 1971 752 2012 ct
772 1957 856 2014 Gracci
879 1960 998 2015 dicebaut
1017 1961 1131 2034 σΊιωριςς

68 2041 93 2092 iu
102 2060 135 2094 eo
143 2039 202 2103 sint,
213 2051 239 2090 ut
249 2037 373 2104 crucibus,
380 2037 424 2090 is.
435 2036 577 2111 cupiditati·
624 2057 724 2093 erucem
733 2057 793 2090 vcro
803 2038 912 2112 stipitem
926 2040 1001 2093 luisse
1014 2043 1055 2094 eui
1070 2039 1133 2094 infi-

65 2118 112 2170 bus
127 2117 179 2170 suis
195 2135 223 2170 ss
235 2116 343 2170 liberent
357 2155 364 2180 ,
382 2135 427 2169 vos
439 2115 514 2169 unies
528 2115 577 2168 hoc
625 2115 751 2190 gebantur
761 2115 873 2170 bannali
885 2119 967 2182 servi3
980 2118 1049 2190 quod
1062 2120 1133 2172 inta-

66 2197 157 2267 agitis,
171 2207 200 2248 nt
217 2193 255 2247 bis
270 2195 330 2263 ipsis
346 2193 461 2247 crucibus
475 2189 578 2245 afficia—
626 2213 668 2246 uae
679 2207 704 2247 et
715 2194 813 2248 l'oedum
823 2195 941 2269 supplicii
953 2216 1034 2268 genus
1040 2198 1089 2250 soli
1105 2199 1132 2251 in

66 2275 152 2339 suini,
167 2286 247 2326 restra
262 2285 350 2346 spouts
367 2271 532 2342 vosmetipsos
546 2271 576 2323 iis
625 2271 726 2345 Europa
738 2287 823 2327 nostra
835 2274 926 2328 Turcsr
939 2275 970 2330 ad
985 2275 1052 2328 hune
1065 2274 1132 2330 dicus

64 2352 183 2426 sdigatia.
196 2349 238 2404 llli
248 2363 342 2414 taruco,
352 2349 373 2401 si
386 2349 500 2402 crucibus
511 2368 537 2400 se
547 2348 576 2401 li·
625 2369 768 2410 servavere.
782 2365 831 2405 eta
845 2351 903 2424 palo
919 2355 1047 2422 impulsari
1055 2357 1065 2421 (
1073 2374 1132 2408 cm-

65 2430 153 2484 bsrars
167 2449 219 2482 nou
230 2441 350 2502 possunt,
369 2426 479 2498 ideoque
490 2445 576 2499 panas
621 2430 715 2502 paler)
730 2443 895 2504 nuncupatur.
908 2431 1004 2484 Grecis
1014 2431 1064 2484 tuis
1073 2455 1131 2486 css-

64 2511 126 2564 darc
136 2509 444 2580 dcbeut‚proptsaunam
453 2507 576 2580 cupidita·
625 2510 740 2572 ληιζιιν.
761 2508 918 2562 Putibulum
945 2529 1046 2582 quoque
1067 2529 1132 2584 steps

64 2605 115 2644 tam
126 2588 279 2664 puniuntur,
297 2605 376 2657 quum
392 2605 436 2638 ros
447 2585 575 2658 multipli·
623 2598 735 2640 auctores
743 2606 868 2640 sacrarum
879 2587 1006 2640 literarum
1017 2589 1132 2642 diasruut

65 2690 120 2722 aem
133 2685 234 2742 prauam
245 2665 304 2718 dare
316 2662 453 2737 cogamini.
624 2681 724 2715 crucam
741 2683 792 2734 quo
811 2663 925 2718 Christus
937 2685 1071 2740 suspensus
1087 2681 1132 2720 cst.

99 2767 122 2798 s.
138 2746 251 2797 Venisset.
263 2744 282 2792 l.
294 2761 316 2795 e.
326 2741 353 2794 hi
362 2741 472 2814 improbi
482 2739 574 2794 bosti-
624 2739 765 2806 Quodvid.
777 2741 817 2794 sel
830 2763 860 2796 aa
870 2743 966 2812 llymn.
978 2745 1130 2813 Fortunati,

65 2841 110 2874 nea
120 2819 189 2872 dicta
203 2817 298 2890 jaciunt
311 2836 318 2870 ε
328 2817 371 2870 scd
383 2818 432 2872 hoc
442 2837 496 2871 uon
507 2837 574 2870 con·-
623 2835 639 2862 α
648 2817 747 2870 Vexilla
757 2819 836 2893 regis,
850 2833 897 2874 etc.
907 2843 920 2870 s

64 2897 157 2952 stantia
175 2894 255 2948 aniani
276 2897 389 2957 iaciunt,
407 2915 486 2965 qunsn
502 2895 542 2948 vel
559 2915 574 2947 a
656 2893 712 2948 XX.
727 2896 798 2950 Atto.
818 2897 859 2950 sd
875 2897 929 2954 hee
941 2899 1008 2954 bona
1023 2903 1131 2956 intentio

62 2973 210 3052 patibulatis
231 2973 308 3024 sciam
332 2973 446 3045 pessimis
469 2974 574 3043 conspui
621 2973 830 3048 pbilosophorum
841 2977 960 3051 preclara
969 2980 1130 3034 suadentium

64 3064 233 3129 spectatores,
248 3051 363 3120 quamvis
376 3051 490 3106 maximis
502 3051 575 3106 dolo-
600 3113 601 3116 Ἴ
622 3051 751 3110 laudanda
768 3066 819 3119 cst,
840 3068 870 3107 ut
882 3057 965 3110 dssiut
977 3059 1042 3114 viras
1061 3061 1131 3134 paria

61 3135 137 3187 ribus
145 3131 195 3183 siut
205 3129 317 3183 districti.
624 3131 698 3185 dictis
710 3132 810 3206 agendi.
824 3133 919 3188 locum
929 3136 1010 3198 buue.
1023 3139 1050 3191 iu
1058 3159 1133 3215 mag-

98 3211 124 3266 3.
139 3210 270 3262 Crederem
281 3209 510 3276 illislsocoucars,
524 3213 578 3263 nisi
625 3209 664 3261 nis
687 3209 763 3264 ctiam
785 3210 872 3264 conari
898 3213 1031 3286 pulchrum
1057 3235 1130 3282 essa,

60 3292 185 3360 quidam.
196 3287 240 3340 Sic
251 3287 340 3360 optimi
353 3285 426 3340 codd.
437 3301 462 3340 ct
469 3288 573 3353 Erasm,
625 3289 738 3341 tractavit
749 3289 838 3342 Cicero
849 3289 950 3343 Orator.
959 3311 981 3345 c.
993 3311 1002 3342 ι
1016 3307 1040 3346 et
1051 3315 1074 3347 a.
1084 3295 1133 3348 Go-

64 3367 190 3441 probsnte
204 3365 318 3419 Gronov.
330 3365 445 3420 Muretus
456 3363 574 3418 dederat:
625 3365 807 3420 lamelldeilc
817 3367 888 3420 liust.
896 3371 989 3442 praelat.
1000 3371 1132 3440 iinQuin·

63 3447 280 3506 credenmttlts,
299 3447 352 3498 m'ss'
361 3439 490 3514 quidmst:
506 3443 576 3496 libris
624 3444 661 3496 til.
671 3445 709 3508 X,
725 3447 747 3498 l.
762 3445 883 3520 Apuleius
901 3446 928 3498 iu
948 3447 1060 3502 Floridis
1077 3453 1130 3516 lll,

64 3543 120 3578 nou
138 3520 327 3596 opitulantibus.
343 3521 519 3574 Proecsdsntia
531 3539 538 3573 ι
548 3521 577 3573 lss'
624 3542 647 3595 p.
662 3520 794 3578 astatus.

61 3605 113 3668 «μα’
124 3603 154 3652 r'n
160 3619 189 3652 se
196 3601 251 3670 ipss'
256 3619 283 3650 u.
294 3598 428 3652 Gronovio
436 3617 536 3652 suasore
547 3617 576 3650 ca
657 3603 681 3654 5.
693 3601 821 3655 Honesta.
840 3604 947 3656 Virtutis
964 3605 1084 3661 studiosa.

60 3690 187 3752 apparatu
201 3675 302 3730 Grutcri
315 3675 409 3728 reduxi.
422 3679 502 3730 Antea
523 3693 530 3725 :
548 3677 576 3726 sis
657 3678 801 3734 hNamss'.
813 3679 946 3734 Erasmus
956 3704 1055 3754 sequor.
1067 3686 1133 3740 Gro-

64 3777 93 3810 se
102 3762 174 3826 ipsos
186 3776 213 3808 a.
625 3755 734 3808 noviaua
745 3756 776 3810 sl.
790 3757 864 3810 Nam
875 3761 988 3827 quidem,

99 3835 124 3902 4.
134 3831 265 3886 patibulo.
274 3833 344 3886 ldssu
353 3851 452 3906 semper
460 3843 576 3903 autsaeps
658 3833 845 3902 7.Proecord1'a.
853 3837 871 3888 l.
885 3857 906 3889 c.
917 3838 1042 3904 animum,
1054 3855 1082 3894 ut
1093 3863 1132 3918 ap.

63 3911 184 3984 estquod
199 3932 259 3966 crux
275 3925 300 3964 et
313 3911 379 3985 apud
393 3910 483 3982 optimi
498 3909 576 3963 seculi
625 3912 882 3980 Ovid.l{croid.xvt‚
899 3914 952 3984 ὧι
1044 3959 1048 3968 .

63 4007 89 4044 ιι
108 3991 211 4066 optima
224 4005 290 4045 nottc
302 4005 414 4045 auctores
430 4002 576 4065 perpetuum
660 3993 684 4046 8.
696 3991 849 4046 Studiorum
866 3997 1032 4049 mnodum.
1046 4000 1133 4054 Philo-

64 4085 209 4146 usurpatur.
222 4071 578 4143 lmoctquidamauturnsve·
626 4067 727 4142 sophin.
760 4071 856 4123 Laudat
884 4072 981 4144 Lipsius
1008 4095 1037 4126 es
1066 4080 1135 4152 Apu-

60 4172 91 4202 rc
106 4191 113 4215 ‚
130 4151 216 4203 nescio
228 4170 261 4203 au
273 4149 357 4216 mals,
371 4149 512 4224 patibulum
526 4167 578 4200 csse
628 4145 837 4200 lciozomuihus
860 4148 934 4202 bonis
952 4151 979 4202 iu
1000 4153 1073 4206 rabus
1090 4177 1135 4208 co-

62 4248 130 4282 vers
141 4229 209 4298 quod
225 4249 270 4284 nos
281 4227 359 4284 hodic
375 4231 448 4282 croix
465 4225 580 4300 appella·
628 4239 700 4279 natus
714 4226 741 4278 in
759 4226 849 4294 lauda,
868 4231 970 4283 affectus
980 4231 1007 4282 ira
1020 4253 1079 4287 casu
1091 4249 1135 4290 ast.

268 4327 295 4392 l.
931 4325 974 4394 33
