2896 4958
197 455 264 524 AD
289 453 467 524 STolc.
493 453 704 523 PHILOS.
730 454 827 522 LlB.
854 451 931 520 Ill.
1014 456 1111 546 cxciii

56 609 117 680 qnia
130 599 263 662 inclinari
279 611 348 660 ante
363 619 428 660 rem
445 595 717 679 comprehensam,
735 609 766 658 et
779 596 915 658 assentiri
929 640 938 670 ,
954 593 985 656 in
995 617 1115 680 praepe-

57 717 109 764 tem
122 719 150 766 et
161 703 344 788 praecipitem
358 703 455 786 magis
473 702 631 776 convenit,
646 723 744 784 neque
765 702 844 763 cadit
857 701 888 762 in
909 701 1087 764 industrium
1103 746 1112 772 ,

58 810 226 890 perlectum,
244 823 274 872 et
288 808 421 892 probum
434 805 544 868 virum.
559 833 573 862 a
593 804 704 870 Cicero
718 808 748 868 in
763 807 864 869 verbis
878 807 990 870 ultimis
1004 821 1117 869 utram-

59 939 106 996 qne
118 918 209 1000 tetigit
223 963 232 993 ,
247 935 341 997 mum
352 914 560 991 Imbecillam,
576 927 627 975 aut
640 911 733 976 Falso
753 913 969 998 Incognitoqne
987 915 1117 978 vicinam

58 1024 127 1084 dixit.
143 1023 203 1086 Sed
215 1024 286 1105 quid
300 1023 412 1106 igitur?
432 1041 585 1102 nunquam
600 1039 637 1083 ea
650 1021 759 1082 utitur?
772 1022 813 1082 ita
825 1044 834 1096 3
856 1024 909 1083 sed
922 1023 995 1084 citra
1018 1041 1119 1086 assen-

58 1149 122 1190 sum.
137 1129 218 1192 Nam
232 1150 324 1211 quam
337 1128 432 1190 multa
447 1125 576 1211 Sapiens
591 1127 702 1210 cogitat
715 1140 745 1190 ct
761 1123 897 1203 disserit,
912 1129 949 1190 de
961 1129 1052 1190 rebus
1071 1151 1119 1191 sn-

58 1239 128 1317 peris
139 1236 319 1317 inferisque,
331 1237 362 1296 in
377 1233 484 1316 quibus
494 1254 556 1296 nou
566 1235 605 1296 sit
614 1248 696 1296 certa
709 1235 941 1318 comprehensio
952 1237 965 1298 i
978 1237 1015 1298 de
1026 1237 1121 1300 stellis

58 1363 208 1426 earumque
223 1357 330 1417 motu,
348 1343 385 1404 de
408 1342 555 1419 cometis,
582 1343 618 1403 de
637 1340 813 1403 fulminibus
832 1365 839 1402 ι
865 1357 896 1404 ct
915 1362 976 1404 uno
1000 1343 1117 1420 verbo,

57 1450 147 1530 qualia
156 1451 300 1532 pleraque
314 1447 429 1510 artibus
443 1446 671 1530 comprehensa.
682 1444 744 1508 Sed
758 1447 903 1510 nimirum
922 1448 964 1510 ita
979 1449 1119 1524 disserit,

58 1569 85 1616 ot
98 1556 286 1634 verisimilia,
307 1576 371 1616 non
382 1575 454 1616 vera
466 1567 586 1618 certmst
611 1567 671 1616 :et
682 1554 740 1616 nisi
754 1553 806 1616 ubi
820 1553 908 1616 firma
923 1565 955 1616 et
967 1577 1032 1637 quae
1046 1575 1121 1618 con-

60 1662 194 1724 rellinon
206 1663 302 1746 possit
327 1660 419 1724 Ratio
440 1673 505 1737 est,
533 1666 617 1744 ἐποχῇ
635 1659 747 1734 utitur,
772 1673 802 1722 et
825 1660 950 1724 sustinet
974 1664 1123 1724 assentiri.

60 1765 134 1830 Scire
148 1791 191 1858 se·
201 1781 318 1830 tanhtm
332 1789 396 1848 quae
412 1766 504 1842 lecit,
524 1768 613 1828 sentit
629 1777 658 1826 et
672 1765 829 1848 profitetur
852 1789 860 1825 ε
883 1779 913 1827 et
927 1765 990 1829 haec
1004 1789 1123 1849 quoque

62 1876 174 1937 scientia
191 1888 255 1946 est,
275 1875 352 1936 scire
371 1874 443 1955 quid
455 1874 585 1956 ignores.
600 1870 672 1954 Quo
684 1893 773 1934 sensu
787 1885 817 1934 et
830 1872 905 1934 illud
916 1873 1071 1956 splendide
1083 1875 1125 1938 ef-

61 1985 150 2045 lcruut
162 2007 171 2043 ε
183 2011 199 2036 α
213 1981 301 2044 Nihil
316 2002 386 2042 enm
396 1981 491 2042 latere
506 2005 542 2051 aa
554 1979 629 2041 sicut
640 1992 727 2040 antea
737 1977 849 2042 dictum
860 1980 1033 2054 mirabaris,
1047 1982 1127 2045 «Ni-

62 2085 97 2147 hil
109 2091 257 2172 ignorare.
272 2115 287 2142 n
306 2085 389 2168 Quid
403 2087 498 2170 crgo?
515 2085 695 2161 omniscius,
711 2085 742 2146 id
758 2081 821 2162 est,
837 2083 946 2147 Deus?
964 2087 1051 2149 absit.
1067 2087 1125 2151 llle

63 2213 125 2254 rero
139 2194 240 2256 divina
252 2206 282 2255 et
294 2193 426 2254 hnmana
443 2192 515 2268 scit,
538 2193 591 2254 sed
612 2203 757 2273 quaterms
775 2212 852 2276 opus
872 2205 937 2270 est,
957 2207 988 2255 et
1001 2207 1124 2277 potesta
1244 2239 1246 2244 -

63 2314 190 2364 ceterum
214 2302 257 2362 ita
278 2300 380 2362 omnia
405 2299 480 2374 scit,
501 2311 531 2359 et
549 2296 625 2358 nihil
644 2298 780 2380 ignorat,
795 2312 828 2359 ut
844 2299 919 2360 sciat
936 2321 1057 2386 semper
1077 2317 1127 2364 aut

64 2407 131 2468 seire
144 2429 187 2484 se,
201 2419 253 2467 aut
263 2405 404 2488 ignorare
417 2429 425 2475 ;
442 2402 541 2466 ethoc
554 2403 635 2479 satis,
648 2415 681 2463 ut
692 2403 856 2465 vindicetur
867 2404 906 2465 ab
918 2401 1044 2469 Errore.
1057 2406 1125 2492 Ego

65 2531 128 2572 rcro
140 2511 271 2596 amplius
284 2510 340 2572 tibi
362 2511 491 2587 addam,
510 2529 608 2592 pauca
627 2508 703 2571 scire
718 2507 901 2592 Sapientem.
922 2509 1005 2574 Nam
1021 2533 1077 2591 ea,
1094 2515 1125 2576 iu

64 2617 161 2696 quibus
172 2638 232 2678 nos
246 2614 449 2690 elaboramus,
466 2627 496 2676 et
509 2614 550 2675 ob
560 2635 625 2696 quae
631 2612 724 2676 Docti
739 2615 857 2676 titulum
869 2617 1072 2696 inscribimus,
1085 2642 1124 2682 ne

64 2725 195 2787 &emas
209 2723 330 2804 quidem
343 2734 468 2784 censent
476 2744 484 2780 ε
492 2721 617 2805 proprio
626 2734 657 2782 et
670 2741 724 2783 suo
735 2722 830 2784 verbo
842 2729 1044 2808 ἐπιτηδεύματα,
1056 2729 1128 2788 Stu-

64 2829 105 2888 dia
116 2830 279 2915 appellant.
288 2827 422 2891 Stobmus
436 2852 443 2886 ε
458 2856 474 2882 ιι
481 2827 641 2890 Musarum
652 2828 765 2890 cultum
778 2844 811 2890 et
830 2832 969 2894 universe
987 2847 1067 2895 artes
1076 2832 1128 2896 Li-

63 2931 723 3020 beralesqqasdicimus,Studia(imrndnlpccn)
731 2936 852 3016 quidem
864 2937 1130 3021 appellant,Scr'en—

64 3041 384 3124 tahs(imripmr)vero
394 3038 520 3101 minime
531 3039 567 3100 t»
578 3036 641 3101 Eas
652 3053 754 3102 umen
764 3042 979 3118 usuilatentnr,
990 3059 1021 3107 et
1031 3046 1128 3109 bonas

63 3147 147 3209 ctiam
162 3148 246 3223 fieri,
259 3147 291 3208 in
302 3145 384 3208 bono
397 3145 483 3220 viro,
496 3145 712 3229 perVirtutem
727 3147 914 3226 immutatas,
925 3154 1005 3212 etad
1017 3151 1126 3216 Finem

64 3253 174 3316 relatas.
188 3281 205 3308 α
216 3251 278 3316 Sed
286 3253 357 3334 qnid
372 3265 417 3315 est
431 3251 486 3334 (ait
500 3249 630 3330 Seneca)
646 3273 739 3334 quare
750 3255 911 3334 existimes,
924 3279 986 3320 non
995 3261 1128 3323 futurum

62 3357 232 3444 Sapientem
244 3379 314 3422 enm
328 3359 380 3439 qui
400 3358 515 3420 litteras
536 3359 651 3428 nescit;
668 3380 761 3441 quum
779 3358 934 3444 Sapientia
953 3387 1015 3429 non
1039 3367 1078 3430 sit
1095 3368 1126 3430 in

62 3463 181 3528 litteris?
192 3493 209 3518 n
218 3461 292 3547 (Ep.
300 3469 470 3542 nxxxvttt.)
482 3461 586 3546 ltaque
594 3465 712 3526 curiosa
726 3463 829 3529 Studia
846 3469 885 3532 ab
897 3471 1086 3551 illoabsuut3
1100 3489 1129 3536 et

62 3572 261 3652 pulcherrime
272 3570 332 3634 hoc
344 3568 432 3632 Plato
446 3593 454 3630 z
469 3569 606 3632 «venun
616 3567 834 3655 Philosophum
845 3573 1078 3658 Quinquertioni
1090 3581 1130 3643 si-

62 3679 158 3741 milem
169 3699 240 3740 esse
255 3701 262 3737 :
277 3690 321 3738 est
336 3677 417 3739 enim
431 3698 537 3739 revera
554 3677 632 3756 talis,
646 3691 678 3738 ut
690 3679 765 3740 nulli
779 3681 825 3742 rci
839 3681 890 3740 uni
903 3683 1013 3745 serviat
1028 3706 1126 3768 neque

63 3801 156 3849 exacta
165 3785 325 3868 diligentia
335 3805 429 3846 unum
440 3783 553 3866 aliquid
565 3783 718 3856 elaboret;
737 3785 780 3848 sic
793 3800 825 3848 ut
836 3789 906 3848 dum
926 3791 977 3851 uni
992 3791 1060 3854 huic
1080 3807 1128 3856 to-

62 3903 118 3952 tum
131 3915 163 3955 sc
176 3891 348 3974 impendit,
362 3889 495 3971 reliquas
508 3911 559 3952 res
572 3890 709 3966 omittat,
726 3905 777 3952 aut
787 3895 927 3971 deserat,
943 3908 976 3955 ut
988 3897 1087 3960 solent
1097 3900 1128 3960 in

63 4001 247 4081 suoquisque
257 4017 369 4080 genere
380 3994 518 4058 Artifices
532 4020 540 4067 ;
554 3997 607 4057 scd
616 3997 712 4084 magis
727 4017 833 4060 omnes
846 4021 895 4062 res
913 4015 1050 4084 artesque
1062 4027 1128 4068 mo

62 4107 156 4168 derata
172 4105 251 4166 libet
263 4117 295 4166 et
307 4103 440 4186 attingat.
453 4129 468 4156 n
482 4100 533 4180 (ln
544 4099 725 4180 Theaeteto.)
734 4101 871 4166 Aureum
885 4108 1013 4190 dogma,
1026 4123 1056 4171 et
1071 4132 1128 4173 cu-

63 4212 131 4290 pidis
146 4209 336 4290 minsisque
351 4207 478 4290 ingeniis
490 4187 733 4289 imprimendum.
749 4207 853 4291 ltaque
867 4213 971 4274 omitte
987 4215 1132 4278 arbitrari

27 4381 28 4394 χ
63 4317 171 4380 alti-aut
193 4314 467 4396 vani-loquentiam
477 4313 556 4375 hanc
569 4335 633 4376 esse
650 4338 657 4373 :
671 4329 796 4392 tanturn,
809 4315 999 4382 Paradnxum
1013 4303 1072 4383 hoc
1085 4337 1139 4384 te-·

185 4425 206 4476 l.
