2896 4958
317 505 377 548 ccx
489 479 521 544 l.
548 477 711 546 LIPSll
734 475 1197 548 MANUDUCTIONIS

316 622 408 687 etiam
421 619 528 683 elatius
541 643 548 682 ι
566 645 582 674 s
594 615 677 701 Quid
690 617 770 680 inter
782 630 813 680 te
824 615 1025 703 (Sapientem)
1038 631 1069 682 et
1078 617 1165 684 Deos
1174 620 1375 686 bateriuturorn

315 730 352 792 sit
366 725 489 810 quaeris?
504 725 615 790 diutius
628 737 724 788 erunt.
738 723 780 786 At
792 723 965 788 mehercule
978 725 1080 809 magni
1093 725 1215 790 artificis
1229 741 1289 804 est,
1304 729 1376 792 clau-

313 837 386 900 sisse
400 848 498 897 totum
512 832 544 896 iu
558 833 674 916 exiguo.
688 831 821 894 'I'antum
837 829 973 916 Sapienti
987 853 1055 910 sua,
1070 847 1215 914 quantum
1228 832 1299 896 Deo
1312 854 1376 896 om-

312 944 360 1005 nis
370 954 439 1003 actas
450 953 542 1025 patet.
555 965 570 994 s
582 937 659 1024 (Ep.
676 941 757 1017 stu.)
770 935 813 1002 Et
827 939 872 1001 vis
886 938 1006 1002 culmen
1019 939 1171 1003 stultitia?
1185 941 1373 1024 superaddit:

314 1078 330 1105 κ
346 1046 404 1110 Est
417 1046 547 1130 aliquid,
563 1065 624 1128 quo
639 1043 769 1130 Sapiens
783 1049 938 1110 antecedat
954 1045 1074 1122 Demn,
1093 1047 1145 1110 ille
1160 1062 1272 1112 naturas
1285 1049 1375 1112 bene-

312 1156 399 1232 ficio,
417 1175 480 1216 non
494 1174 548 1216 suo
561 1154 682 1238 sapiens
695 1168 749 1216 est
762 1151 845 1217 Ecce
858 1175 909 1216 res
923 1171 1051 1238 magna,
1067 1154 1181 1218 habere
1195 1155 1377 1220 imbecillita-

309 1277 373 1326 tem
386 1261 532 1338 bortrinis,
544 1261 735 1324 securitatem
747 1257 847 1323 Dei.»
864 1258 941 1323 Srmt
953 1261 1021 1324 alias
1034 1261 1108 1324 alibi
1117 1262 1193 1326 tales
1206 1283 1296 1326 voces
1307 1286 1317 1322 t
1329 1263 1377 1324 ab

309 1370 422 1432 borceo
437 1381 467 1430 et
478 1369 590 1452 despue
604 1391 612 1428 ε
626 1381 657 1429 et
670 1366 724 1430 ab!
737 1367 799 1430 mei
808 1364 914 1444 Stoici,
925 1387 1017 1450 quam
1028 1388 1047 1430 a
1058 1381 1140 1432 recto
1151 1390 1208 1452 per
1219 1368 1376 1431 clationem

310 1475 424 1538 inistis?
439 1471 553 1536 Melius
567 1473 791 1554 modestiusque
808 1471 1019 1558 Pythagorici,
1034 1495 1051 1536 c
1064 1495 1194 1556 quorum
1206 1473 1310 1538 schola
1323 1472 1377 1535 Ar

309 1582 412 1666 chytas
425 1603 434 1640 s
451 1607 466 1634 a
482 1577 598 1642 Differt
615 1575 701 1642 Deus
720 1599 739 1640 a
759 1578 826 1642 viro
845 1577 949 1658 bono,
974 1581 1057 1661 quod
1077 1577 1164 1642 Deus
1184 1580 1306 1662 qstidem
1316 1597 1376 1640 nou

309 1687 408 1750 solnm
421 1707 531 1770 puram
557 1699 587 1747 et
601 1706 619 1748 a
634 1683 706 1748 boe
720 1685 804 1748 omni
818 1684 948 1748 liberam
964 1684 1121 1749 Virtutem
1132 1686 1240 1765 babet,
1256 1707 1295 1750 ac
1311 1685 1376 1748 labe

309 1794 471 1858 affectuum
486 1793 707 1864 bononorum
727 1793 780 1855 sed
796 1792 983 1874 quodetiam
999 1793 1063 1856 vim
1078 1814 1114 1856 ac
1127 1792 1302 1858 facultatem
1316 1793 1377 1874 ejus

307 1899 543 1984 infatigabilem,
565 1911 596 1961 et
613 1897 703 1960 siml
724 1897 854 1960 liberam
869 1917 968 1980 neque
988 1897 1151 1960 obnoxiam
1166 1897 1319 1982 possidet,
1342 1897 1378 1959 ad

304 2022 485 2070 aeternorum
491 2005 604 2068 scilicet
613 2023 741 2087 operum
749 2005 940 2086 maiestatem
948 2017 978 2066 et
985 2007 1128 2068 decorem
1137 2007 1376 2088 respondentem.

307 2112 412 2176 Homo
427 2123 546 2188 autem,
563 2131 626 2172 non
640 2109 739 2172 solum
754 2111 819 2192 ipsa
831 2109 1040 2173 constitutione
1050 2109 1188 2173 mortalis
1196 2123 1311 2174 nature
1323 2109 1378 2170 mi-

205 2243 209 2250 ’
306 2242 415 2283 norem
431 2219 516 2281 illam
531 2215 640 2293 babet,
655 2219 708 2278 scd
722 2215 844 2278 interim
857 2217 949 2278 etiam
963 2215 1026 2278 sire
1040 2213 1083 2278 ob
1095 2215 1246 2279 lsooormu
1268 2216 1378 2278 intern-

304 2327 444 2412 periesn,
462 2324 525 2386 sive
547 2323 792 2386 consuetudinem
810 2320 965 2400 validam,
985 2321 1048 2384 sire
1065 2334 1207 2388 naturam
1227 2343 1376 2405 pravam,

307 2433 439 2514 aliasque
453 2449 578 2506 causas,
595 2447 658 2490 nou
670 2441 771 2512 potest
790 2428 915 2490 omnino
935 2429 973 2490 ad
986 2427 1107 2491 odmen
1127 2427 1200 2491 illud
1215 2429 1281 2490 veri
1299 2425 1378 2490 Boni

305 2538 486 2623 pertingere.
501 2561 516 2590 n
533 2531 641 2615 (Stob.
657 2531 723 2595 Ser.
740 2531 784 2610 Ι.)
797 2531 874 2598 Haec
887 2553 980 2610 vera,
995 2533 1058 2598 Mc
1070 2553 1143 2596 sana
1155 2547 1239 2612 sunt,
1256 2547 1379 2617 praetu-

305 2665 392 2706 more
407 2641 461 2703 illo
477 2653 508 2704 et
520 2639 744 2721 vaniloquentia
760 2635 943 2726 Stoicfflm
957 2635 1044 2720 Quos
1060 2657 1099 2700 an
1115 2660 1259 2703 excusare
1276 2653 1378 2703 tamen

306 2749 414 2813 leviter
426 2767 489 2809 non
503 2746 548 2808 sas
565 2744 633 2808 esti
651 2742 802 2806 Homines
817 2744 873 2806 toti
888 2743 920 2806 in
935 2742 1076 2820 Virtute,
1095 2757 1125 2808 et
1140 2747 1203 2828 ejus
1215 2744 1380 2828 splendore

309 2855 412 2919 oculos
425 2852 601 2938 praestricti,
617 2851 752 2914 divinum
768 2850 930 2914 censebant
945 2851 1088 2934 quidquid
1101 2870 1137 2914 ea
1151 2853 1279 2914 tinctmn
1293 2863 1379 2916 esset

306 2959 406 3041 Atque
420 2959 534 3020 utinam
541 2956 692 3050 Divinum
701 2970 836 3030 tantum,
850 2955 925 3020 etin
939 2977 975 3020 ea
989 2975 1063 3020 voce
1072 2957 1273 3021 mansissent!
1288 2958 1381 3020 serre·

308 3087 394 3136 muas
416 3077 448 3124 ut
468 3062 521 3124 illu
537 3061 687 3140 Homeri,
705 3065 849 3139 ἃιοιιδιῖς,
870 3068 1032 3140 θεοιὶκὼι,
1048 3068 1140 3126 isdum
1155 3111 1164 3144 ,
1180 3085 1249 3147 que
1262 3063 1382 3148 maguis

306 3172 379 3234 viris
389 3170 532 3254 adsignat.
542 3166 724 3244 Ferremus,
736 3169 860 3250 inqmrn
870 3191 877 3226 ε
888 3169 951 3231 imo
962 3169 1173 3246 laudaremus,
1186 3191 1280 3233 seusu
1290 3189 1380 3252 quesn

306 3282 338 3343 in
354 3279 415 3341 alio
427 3277 500 3339 scito
514 3273 617 3338 Stoico
629 3275 717 3338 rideo
727 3289 762 3339 et
772 3274 949 3360 amplector.
961 3273 1045 3339 Nam
1058 3275 1180 3339 aiebam
1195 3299 1203 3334 s
1219 3301 1234 3330 s
1247 3275 1382 3339 Divinos

308 3409 374 3452 esse
387 3384 562 3468 Sapientem
576 3403 648 3444 naua
668 3382 782 3445 babere
798 3384 830 3444 in
850 3383 965 3468 seipsos
982 3385 1206 3465 quodammodo
1228 3381 1346 3447 Deum.
1365 3407 1380 3436 a

308 3492 425 3574 (baem.
436 3491 466 3551 in
476 3486 565 3566 Zenl
576 3484 718 3565 Habent,
733 3487 865 3552 babent:
878 3503 909 3552 et
923 3515 938 3543 s
951 3488 1035 3552 nulla
1044 3487 1190 3556 suellen
1199 3511 1291 3552 mens
1301 3489 1382 3552 bona

310 3611 364 3662 est.
382 3624 397 3652 ss
413 3591 504 3676 (swa
520 3591 619 3677 Epist·
632 3593 766 3668 uxxnt.)

626 3745 967 3816 DISSERTATIO
987 3753 1070 3816 Π.-

313 3883 392 3947 XIII
406 3880 513 3942 Purnd.
535 3880 697 3961 Sapientem
715 3879 811 3938 omnin
822 3887 896 3938 recte
905 3875 1027 3956 fiscere,
1049 3880 1133 3940 etium
1152 3879 1285 3958 Dipsium
1299 3903 1385 3942 essse-

635 3983 733 4043 reodo.
746 3983 814 4044 Sine
826 3985 953 4066 peccatis
969 4005 1042 4044 esse.

354 4138 442 4201 Sorsr
454 4139 516 4220 jam
529 4149 559 4196 et
572 4134 630 4196 alia
642 4135 778 4216 qtraedam
789 4133 830 4196 ab
842 4135 951 4196 eodem
964 4133 1022 4196 isto
1036 4129 1185 4196 Elationis
1198 4133 1284 4196 sonte
1300 4147 1383 4204 orta,

314 4262 344 4312 et
358 4241 519 4313 noscendi,
534 4259 596 4300 non
609 4235 758 4322 probandi
771 4259 880 4318 causa,
899 4239 1097 4302 edisserenda.
1112 4237 1189 4302 Tale
1203 4239 1262 4304 boc
1278 4239 1387 4325 inopi-

317 4363 417 4415 utum
430 4373 437 4408 ε
451 4373 466 4401 «ι
477 4343 592 4408 Omnia
601 4359 682 4410 recte
693 4345 792 4408 lacere
801 4341 977 4428 sapientem,
987 4347 1172 4427 »quodcum
1187 4347 1385 4412 admotione
