2886 4958
411 803 777 873 ARGUMENTUM.

529 1101 661 1122 -n-—e—

90 1377 202 1431 orditur
218 1378 249 1432 ab
266 1379 318 1433 otio
335 1379 451 1435 laudibus
467 1382 598 1436 ell'ereudo
610 1399 617 1436 ε
628 1382 745 1438 meliores
760 1381 853 1435 erimus
866 1380 999 1456 siuguliin
1014 1401 1124 1446 secessus
1237 1421 1240 1434 .

52 1484 113 1538 esp.
127 1465 159 1515 28
166 1467 205 1530 ,ᾼ
217 1470 250 1517 At
261 1485 320 1517 vero
329 1484 416 1518 noune
427 1464 476 1519 hoc
486 1478 573 1520 contra
583 1465 718 1520 sententias
731 1465 874 1518 Stoicorum
886 1478 937 1531 est,
949 1465 993 1536 qui
1003 1485 1082 1536 usque
1093 1465 1126 1520 etl

52 1549 179 1602 ultimum
195 1548 254 1602 ritae
266 1547 347 1602 linem
362 1549 390 1602 in
403 1563 460 1602 actu
474 1570 525 1604 esse
538 1549 702 1624 precipiunt?
715 1549 866 1622 Epicureum
882 1547 977 1622 dogma
989 1551 1128 1624 amplecte-

51 1634 99 1687 ris.
121 1633 171 1686 Cui
187 1633 323 1706 objectioni
341 1633 520 1707 respondetur:
532 1635 679 1688 Stoicorum
690 1635 766 1687 duces
778 1653 804 1686 se
815 1632 904 1703 sequi,
923 1632 1015 1708 quippe
1033 1635 1079 1704 qui
1092 1635 1124 1688 ed

49 1715 240 1790 rempublicam
252 1719 428 1791 capessendam
441 1739 493 1772 nou
505 1719 665 1783 secesserintg
676 1737 723 1772 nec
734 1739 760 1770 se
771 1737 785 1770 s
797 1717 924 1790 preceptis
937 1737 1024 1770 eorum
1036 1716 1127 1772 descit-

48 1823 123 1856 cere.
141 1801 218 1870 Quod
236 1815 263 1855 ut
280 1803 383 1876 probet,
404 1802 513 1858 dicenda
532 1805 560 1857 in
579 1804 641 1857 duas
658 1803 751 1857 dividit
768 1814 864 1876 partes:
886 1805 910 1854 1⁰
925 1822 996 1876 posse
1014 1803 1126 1876 aliquem

47 1888 131 1942 omni
146 1889 199 1960 jure
213 1901 236 1941 et
252 1889 392 1942 secundum
405 1889 549 1943 Stoicorum
559 1903 679 1964 praecepte
693 1889 735 1944 vel
751 1909 766 1942 a
782 1888 862 1961 prima
878 1901 949 1941 etate
966 1890 1127 1964 contemple-

48 1972 125 2026 tioni
146 1973 256 2026 veritatis
277 1987 359 2027 totum
378 1995 404 2028 se
422 1975 534 2041 tradere3
558 1978 586 2028 2⁰
602 1975 727 2028 seniorem
747 1995 762 2026 a
782 1972 889 2047 reipubl.
899 1973 1045 2026 tractatione
1057 1993 1126 2026 sece-

49 2059 118 2110 dere
130 2077 202 2130 posse
213 2071 237 2110 et
250 2058 277 2110 in
293 2059 345 2112 otio
358 2058 458 2123 vivere3
475 2079 528 2135 cap.
539 2061 579 2113 3o.
593 2059 671 2128 Quod
684 2059 717 2113 sd
728 2059 838 2134 primum
849 2056 954 2122 sttinet‚
966 2055 1059 2111 Stoicis
1072 2057 1126 2111 hec

50 2159 108 2192 uua
124 2159 184 2192 euru
196 2140 325 2214 Epicureis
335 2141 448 2213 placent,
459 2141 509 2194 nisi
519 2142 587 2213 quod
598 2141 626 2194 hi
638 2141 718 2194 otium
728 2153 813 2215 petant
821 2159 851 2193 er
863 2137 1001 2213 proposito,
1014 2151 1038 2191 et
1047 2139 1127 2192 coacti

51 2225 87 2278 ad
98 2244 182 2296 remp
192 2223 325 2290 accedant;
337 2224 376 2278 illi
387 2245 460 2279 censa
472 2226 545 2302 grui
555 2227 662 2299 permoti
674 2225 753 2280 otium
766 2225 962 2299 amplectentum
974 2244 1026 2298 cap.
1036 2223 1085 2290 30,
1103 2223 1127 2279 3.

50 2309 151 2362 Causas
169 2325 230 2362 vero
243 2307 295 2363 iste
307 2309 335 2362 in
347 2309 443 2383 republ.
454 2310 508 2366 site
519 2324 577 2364 suut
590 2330 596 2364 :
611 2311 632 2364 si
643 2311 769 2384 desperate
782 2321 896 2382 cormpta
907 2347 914 2374 ,
926 2308 947 2361 si
959 2320 1078 2383 occupate
1091 2319 1128 2361 est

51 2392 148 2452 malis;
162 2391 255 2446 deiude
266 2393 288 2445 si
298 2394 459 2459 sonoritate,
470 2394 566 2447 viribus
577 2405 621 2448 aut
631 2392 774 2447 veletudins
786 2393 853 2446 bona
864 2405 932 2446 caret
943 2393 1059 2466 sepiem
1071 2413 1126 2466 esp.

50 2478 100 2544 3ο,
115 2476 132 2546 §
144 2476 189 2541 4-
197 2475 237 2528 31.
248 2477 338 2549 Neque
350 2493 434 2530 temen
444 2478 543 2533 inutilis
553 2479 606 2532 erit.
620 2478 688 2530 Nam
701 2496 780 2548 quum
790 2476 849 2530 dote
861 2476 1008 2550 respublica
1019 2476 1125 2548 cogitari

48 2562 172 2636 possint,
182 2575 206 2614 et
219 2581 275 2614 vere
285 2562 351 2630 sint,
365 2563 442 2640 altera
453 2581 545 2638 magns
557 2577 581 2616 et
592 2581 649 2616 vere
661 2562 775 2636 publica,
791 2581 840 2632 qus
852 2559 889 2617 dii
900 2573 924 2613 et
934 2560 1051 2614 homines
1063 2579 1125 2612 con-

47 2643 179 2708 tinentur,
190 2643 267 2695 altere
279 2643 373 2706 minor,
386 2645 473 2715 inqua
488 2644 594 2714 quisque
606 2655 679 2697 natus
689 2643 736 2709 sit,
754 2643 795 2696 eui
809 2643 910 2713 utrique
926 2642 1051 2696 deservire
1068 2663 1126 2717 pos·

46 2745 160 2789 sumus,
172 2726 204 2778 sd
216 2726 281 2780 hauc
293 2727 413 2798 majorem
427 2741 452 2781 et
462 2728 489 2780 iu
500 2729 554 2785 otio
564 2729 682 2782 accedere
695 2729 754 2780 licet
765 2768 773 2795 ,
786 2727 941 2798 querendo,
955 2726 1018 2797 q'oid
1030 2726 1062 2780 sit
1075 2728 1126 2779 vir·

45 2825 107 2878 tus,
121 2825 170 2865 etc.
181 2811 267 2878 brevi,
281 2811 497 2886 pbilosophaud0;
510 2834 566 2888 esp.
577 2813 616 2866 31.
630 2812 672 2864 Ad
686 2811 924 2886 contemplationem
938 2832 997 2864 vero
1010 2815 1125 2864 enatura

45 2891 173 2946 conditos
183 2912 228 2945 nos
238 2913 289 2946 esse
300 2931 307 2958 ,
320 2893 424 2948 docetur
435 2895 546 2968 primum
557 2914 650 2968 magns
663 2895 797 2969 cupiditate
820 2893 911 2965 ruique
924 2892 1025 2946 homini
1040 2894 1127 2946 inusta

47 2995 123 3030 nova
136 2989 162 3030 et
174 2976 260 3048 ignota
272 2977 392 3030 noscendi
406 2977 557 3031 audiendive
570 2995 576 3030 :
589 2978 681 3031 deiude
697 2979 750 3051 ipso
767 2978 824 3031 loco
838 2997 915 3048 quern
929 2978 956 3030 in
972 2977 1069 3030 mundo
1084 2990 1126 3030 te-

47 3080 165 3130 nemus,
179 3074 231 3112 tum
244 3060 325 3136 figura
343 3075 440 3129 erecta,
454 3083 530 3134 quarn
543 3075 631 3114 natura
642 3062 714 3116 nobie
727 3061 805 3115 dedit
821 3063 856 3114 lta
867 3063 999 3116 materiem
1010 3062 1126 3134 requiri-

50 3166 128 3209 mus,
137 3164 191 3216 qne
204 3145 255 3199 nixi
267 3158 291 3198 et
302 3145 334 3198 ad
349 3166 378 3198 ea
390 3146 523 3200 transimus
535 3147 623 3200 auimo
637 3159 785 3218 menteque,
800 3163 857 3217 qoae
871 3165 991 3199 sensuum
1003 3145 1125 3199 observa-

48 3228 172 3282 tionibus
182 3247 208 3280 se
217 3227 376 3296 subducunt,
388 3242 412 3281 ct
424 3247 481 3301 quse
496 3229 561 3283 ultre
579 3230 703 3284 mondum
716 3231 810 3303 jacent;
822 3248 875 3304 cap.
888 3229 919 3282 ³2
929 3267 937 3295 ,
949 3251 974 3303 p
986 3229 1089 3284 Deinde
1102 3242 1128 3284 et

49 3312 156 3367 actioni
176 3324 264 3366 nature
277 3333 324 3366 nos
340 3314 446 3387 genuit:
461 3333 519 3385 quse
535 3333 593 3366 cum
605 3314 816 3388 contemplatione
827 3333 925 3388 semper
935 3314 1070 3387 conjuncta
1082 3327 1126 3368 est.

49 3395 150 3448 Talem
161 3393 240 3446 vitam
251 3413 324 3466 cgere
335 3395 442 3458 Zenon,
456 3394 608 3458 Cleanthes,
630 3395 798 3468 Chrysippus,
815 3397 906 3470 qnippe
917 3394 963 3466 qui
974 3395 1090 3448 docendo
1103 3409 1126 3448 et

47 3477 195 3531 scribendo
205 3496 258 3531 nou
270 3478 316 3530 uni
327 3477 437 3544 civitati,
450 3478 495 3532 sed
507 3479 553 3532 toti
567 3479 679 3532 humano
696 3479 785 3551 generi
797 3482 960 3553 proluerent,
976 3478 1084 3550 ideoque
1098 3499 1127 3530 ex

48 3561 190 3636 preceptis
206 3561 257 3615 suis
273 3563 402 3622 vixeruntz
418 3583 472 3634 cup.
487 3563 536 3628 32,
559 3564 596 3630 ιζ.
613 3563 733 3617 l’raetersa
745 3563 793 3615 tria
810 3563 868 3616 vitre
881 3582 988 3635 genera,
1006 3562 1127 3636 volupta-

49 3649 146 3714 rium,
165 3647 405 3722 contemplativum,
423 3648 549 3714 estimes,
566 3649 601 3702 ita
619 3649 799 3722 interecepto
821 3661 845 3700 et
863 3667 925 3702 nexa
939 3662 1013 3713 sunt,
1032 3662 1060 3702 ut
1080 3669 1128 3702 nec

46 3731 253 3804 contemplatio,
271 3752 318 3786 nec
330 3733 396 3786 actio
415 3731 462 3786 ulli
476 3752 565 3785 eorum
576 3733 647 3786 desit.
659 3733 765 3806 Sapiens
775 3747 857 3784 autem
869 3733 962 3785 stoicus
972 3735 1127 3805 contempla-

46 3816 157 3868 tionem
171 3815 285 3886 prael'ert,
300 3813 507 3886 quandoquidem
519 3833 548 3867 es
556 3814 695 3887 respublica
706 3813 745 3865 illi
756 3814 825 3866 deest
837 3832 894 3884 ques
906 3833 982 3882 eum,
996 3828 1039 3868 aut
1049 3836 1127 3888 quam

46 3902 106 3974 ipse
124 3897 178 3972 poli
188 3899 273 3972 possit.

82 3985 152 4038 Jarn
163 4003 237 4057 supra
246 4022 253 4048 ,
262 3985 294 4038 de
305 3985 399 4056 Tranq.
413 3988 462 4040 An.
475 4003 527 4058 cap.
539 3985 572 4050 3,
586 3983 706 4051 vidimus,
721 3983 752 4036 de
766 3983 821 4037 olio
831 3983 951 4058 sapientis
961 3986 1128 4056 questionem

45 4067 137 4120 fuisse
149 4063 216 4116 iuter
228 4064 411 4140 Philosophus,
423 4065 451 4118 in
461 4066 549 4143 primis
562 4065 627 4118 iuter
639 4065 756 4132 Stoicos,
767 4065 812 4135 qui
824 4065 905 4118 otium
917 4067 1080 4140 pretulemut
1089 4109 1097 4138 ,
1107 4069 1129 4123 si

46 4165 142 4204 cansa
157 4146 284 4218 graviores
306 4147 447 4216 obstarent,
469 4148 605 4220 quominus
623 4149 655 4202 sd
672 4148 734 4221 reip·
750 4148 927 4201 tractationem
945 4149 1074 4204 secederet
1090 4171 1129 4206 ss-

45 4233 151 4308 piens,
167 4242 253 4283 contre
271 4230 424 4306 Epicureos,
437 4231 483 4302 qni
496 4231 575 4285 otium
592 4232 664 4286 omui
677 4233 740 4307 reip.
757 4233 900 4286 uectatioui
919 4247 1130 4310 anteposuerunt,

52 4337 111 4372 nec
128 4313 161 4368 acl
175 4335 254 4386 remp.
265 4334 418 4370 accessumus
430 4315 552 4389 putabant
562 4316 715 4389 sapientem,
728 4316 777 4368 uisi
791 4316 813 4370 si
825 4317 886 4387 quid
903 4317 1070 4373 interveniret.
1084 4317 1132 4372 Ce-
