2926 4958
321 445 442 528 cxxviij
511 439 543 510 J.
570 441 732 509 LIPSII
757 439 1217 510 MANUDUCTIONIS

320 583 489 648 Arcesilam
499 582 876 646 alienavitetllcademicos
885 583 1023 644 armavit:
1034 582 1139 646 itahaeo
1150 582 1390 644 finiseonstitutio

322 704 351 752 et
360 687 719 776 explicatio,acreStoicis
728 689 843 751 bellum
854 685 1389 773 in[Peripateticos,Epicureos,alios,

321 797 468 860 excitavit.
481 795 563 877 Quid
573 796 718 858 iacimus?
731 795 875 858 industrie
890 795 979 858 simul
993 809 1023 858 et
1038 809 1123 858 caute
1137 796 1339 878 inquiramus,
1362 809 1391 857 et

321 921 360 962 an
377 921 438 962 non
453 897 569 964 Seneca
583 914 688 963 nostro
702 901 800 964 duce?
821 901 872 982 qui
893 902 1093 964 communiter
1107 923 1228 964 causam
1241 901 1392 962 aberran-

322 1007 398 1069 tium
411 1027 429 1068 a
443 1024 516 1068 vero
531 1008 630 1091 aperit
646 1031 653 1066 ε
668 1021 698 1069 et
715 1021 746 1068 tu
758 1008 817 1070 hoc
829 1009 962 1091 primum
976 1009 1053 1070 audi.
1070 1035 1084 1062 e
1101 1007 1183 1088 Quid
1193 1022 1258 1083 est,
1275 1009 1389 1088 inquit,

320 1113 419 1196 inquo
430 1113 480 1176 hie
491 1113 627 1177 erratur?
637 1111 741 1196 Quum
755 1135 861 1177 omnes
873 1114 994 1178 beatam
1005 1116 1096 1176 vitam
1103 1126 1216 1197 optent,
1232 1116 1312 1196 quod
1325 1115 1393 1176 ius-

320 1232 470 1282 trumenta
488 1221 551 1302 ejus
569 1240 626 1303 pro
647 1221 711 1304 ipsa
732 1220 862 1291 habent,
888 1234 918 1283 et
938 1223 1009 1282 dum
1028 1219 1111 1282 illam
1129 1233 1247 1304 petunt,
1265 1218 1391 1302 sugirmt

320 1323 403 1388 Nam
416 1348 509 1408 qutun
523 1348 641 1389 summa
652 1326 746 1388 heatae
762 1327 827 1388 vitae
843 1328 880 1388 sit
895 1327 990 1388 solida
1006 1326 1214 1408 tranquillitas,
1228 1338 1258 1386 et
1271 1326 1335 1407 ejus
1350 1325 1393 1384 in-

320 1452 464 1495 concussa
482 1431 588 1495 fiducia
602 1455 610 1493 ε
623 1432 829 1496 sollicitudinis
843 1452 948 1494 causas
959 1432 1123 1515 colligunt,
1140 1443 1171 1492 et
1187 1451 1243 1513 per
1262 1429 1394 1490 insidio-

322 1559 389 1600 sum
402 1539 460 1600 iter
470 1539 554 1615 viee,
568 1559 629 1600 nou
641 1551 756 1600 tantum
768 1538 867 1599 ierunt
878 1539 1028 1614 sarcinas,
1046 1539 1099 1598 sed
1116 1536 1245 1598 trahunt.
1260 1533 1306 1595 lta
1320 1535 1393 1595 lon-

322 1645 388 1728 gius
406 1644 445 1705 ab
456 1643 565 1706 ellectu
576 1646 659 1727 ejus,
672 1646 752 1727 quod
761 1659 882 1729 petunt,
896 1665 1017 1728 semper
1026 1643 1201 1719 abscedunt,
1215 1655 1244 1704 et
1254 1661 1313 1722 quo
1321 1641 1393 1724 plus

323 1770 422 1833 operae
436 1749 633 1834 impendunt,
648 1750 707 1814 hoc
719 1773 752 1813 se
763 1751 861 1836 magis
873 1751 1049 1837 impediunt.
1063 1748 1154 1830 Quod
1168 1749 1280 1826 evenit,
1296 1748 1326 1809 in
1345 1748 1393 1808 la-

322 1855 463 1941 byriatho
474 1857 716 1941 properantibus,
726 1858 790 1941 ipsa
800 1857 869 1919 illos
878 1857 1020 1920 velocitas
1030 1855 1193 1940 implicat.»
1204 1852 1393 1939 (prnrv.)

322 1959 519 2035 Divinautia,
537 1963 600 2025 imo
614 1963 712 2025 divina
729 1963 831 2025 verba.
845 1961 927 2046 Quid
940 1964 1020 2026 aliud
1036 1963 1110 2025 olim
1128 1975 1158 2024 et
1177 1941 1394 2045 nuncpleros-

324 2091 383 2152 que
398 2081 511 2132 areeto
529 2069 588 2131 fine
607 2069 656 2132 vel
675 2069 887 2153 intelligendo,
909 2070 957 2131 vel
978 2068 1249 2154 apprehendendo,
1271 2067 1393 2130 abster-

323 2177 382 2238 ruit
395 2203 404 2247 ;
418 2197 508 2258 quarn
523 2178 628 2239 vilium
644 2191 674 2240 et
684 2178 935 2242 inaestimabilium
947 2177 1061 2260 aliquot
1074 2199 1177 2240 rerum
1189 2176 1348 2239 aetimatio
1364 2189 1394 2237 et

324 2282 434 2343 amor?
457 2281 504 2344 lta
522 2283 706 2368 voluptatem
720 2284 813 2357 alius,
830 2284 1045 2361 indolentiam,
1059 2304 1152 2367 opes,
1168 2283 1390 2358 valetudinem,

326 2400 447 2449 externa
455 2389 557 2450 omnia
569 2403 620 2450 aut
628 2388 739 2469 lacere,
748 2404 798 2452 aut
808 2392 911 2471 juvare
921 2390 1093 2453 felicitatem
1101 2389 1275 2451 voluerunt:
1287 2387 1393 2450 ethaeo

325 2515 390 2556 esse
406 2495 485 2558 iuter
498 2497 706 2559 convenientia
718 2512 837 2560 naturae.
852 2495 902 2559 De
914 2497 980 2560 aliis
992 2498 1119 2580 loquor?
1133 2498 1211 2559 inter
1221 2497 1303 2580 ipsos
1311 2493 1393 2556 Stoi·

324 2623 377 2666 cos
397 2616 597 2668 controversae
616 2604 725 2666 mentis
745 2589 807 2667 nae'e
826 2603 918 2666 verba
939 2627 946 2664 τ
965 2618 995 2666 et
1010 2579 1164 2687 Epictetus
1177 2602 1228 2664 ille
1239 2601 1314 2664 fidus
1325 2603 1393 2663 veri

325 2709 475 2791 interpres
486 2722 516 2770 et
528 2721 671 2784 assertor,
682 2708 740 2770 hoc
757 2709 835 2770 inter
853 2711 946 2772 ardua
961 2709 1090 2771 maxime
1102 2707 1192 2771 habet
1204 2732 1211 2768 ε
1224 2705 1337 2790 «Quid,
1348 2708 1394 2768 in

324 2813 406 2893 quit,
430 2813 609 2876 admirabile
623 2814 738 2898 igitur?
757 2813 848 2894 (Non
864 2812 1066 2900 Chrysippum
1083 2813 1249 2898 intelligere
1263 2826 1314 2874 aut
1329 2813 1395 2874 Ze-

324 2917 416 2998 nona)
428 2921 481 2980 sed
494 2919 590 2997 istud,
609 2919 709 2982 Nosse
724 2921 906 2984 voluntatem
916 2935 1037 2982 naturae.
1054 2948 1068 2973 n
1088 2919 1122 2999 (1
1135 2917 1263 2982 Dissert.
1274 2921 1393 2994 xvttt.)

324 3023 511 3102 Videamus,
528 3027 590 3089 sive
608 3029 763 3090 audiamus
774 3075 783 3106 ,
793 3029 817 3090 si
827 3027 938 3112 placet,
954 3029 1085 3113 primurn
1095 3027 1265 3091 consulares
1276 3025 1394 3106 aliquot

325 3131 406 3192 velut
419 3129 602 3204 Senatores,
614 3135 776 3216 etquidem
788 3136 949 3198 sententias
963 3156 1031 3198 suas
1045 3135 1203 3200 recitantes
1217 3155 1252 3194 ex
1266 3131 1392 3194 tabella·

324 3233 359 3296 ln
372 3235 484 3299 Stohtei
495 3235 636 3324 Eclogis,
653 3243 693 3303 ita
711 3256 833 3304 censent
851 3267 857 3302 :
873 3269 887 3296 u
900 3239 1009 3304 Finem
1017 3241 1099 3305 Zeno
1109 3241 1151 3303 ita
1162 3241 1267 3316 edidit,
1280 3260 1393 3302 eonve-

323 3344 444 3404 nieuter
458 3345 580 3423 vivere,
596 3349 677 3428 quod
691 3361 756 3424 est,
777 3351 940 3410 secundum
953 3369 1043 3410 unam
1058 3349 1206 3409 rationem
1217 3358 1247 3407 et
1259 3364 1392 3407 concor·

324 3451 394 3511 dern
404 3449 461 3511 sihi
470 3451 589 3513 vivere:
602 3453 687 3533 quasi
696 3451 838 3516 animalia
847 3455 992 3516 variantia
1004 3466 1054 3515 aut
1063 3452 1222 3536 pugnantia
1231 3451 1394 3512 infeliciter

323 3571 420 3637 agant
435 3557 540 3638 Atqui
556 3572 624 3643 post
634 3561 738 3638 secuti,
754 3581 892 3644 expresse
906 3575 937 3622 et
950 3560 1084 3622 distincte
1094 3559 1189 3641 magis
1199 3557 1391 3619 extulerunt:

323 3659 545 3726 Conveuieuter
563 3679 675 3728 uaturae
690 3667 791 3730 vivere
810 3693 818 3740 ς
833 3689 925 3748 quum
935 3679 1090 3730 censerent
1102 3666 1317 3746 miuus,quam
1333 3685 1393 3747 pro

323 3787 356 3827 re
368 3811 377 3842 ,
390 3767 558 3831 Zenouium
577 3770 652 3832 illud
664 3772 775 3835 dictum
792 3793 866 3836 esse.
880 3771 960 3835 Sane
973 3769 1134 3836 Cleanthes
1147 3770 1281 3853 primus,
1297 3791 1393 3851 quum

324 3873 387 3952 ejus
396 3885 509 3935 sectam
521 3874 681 3962 locumque
687 3879 875 3962 suscepisset,
887 3879 1004 3963 adjecit,
1018 3905 1033 3932 u
1042 3891 1153 3939 nattum
1164 3905 1189 3936 n.
1203 3873 1393 3963 Chrysippus

323 3979 430 4040 deiude
448 3979 507 4042 hoe
528 3983 626 4064 ipsum
645 3983 754 4048 clarius
775 3987 879 4048 volens
899 3987 1042 4062 reddere,
1059 3985 1099 4046 ita
1120 3983 1224 4046 extulit
1244 4008 1252 4045 :
1275 3983 1393 4046 Vivere

322 4085 485 4145 secundun
509 4089 650 4168 peritiam
671 4111 777 4152 eorum
797 4139 807 4169 ,
827 4113 892 4173 quae
912 4090 1028 4153 Natura
1055 4091 1201 4151 eveniunt
1234 4089 1393 4172 Diogenes

320 4211 431 4272 porro,
462 4209 577 4257 rectam
604 4193 766 4272 Rationem
792 4219 827 4260 ac
852 4197 1006 4258 Judicium
1032 4197 1219 4272 incorum,
1245 4219 1313 4277 quae
1339 4220 1391 4259 se-

318 4303 451 4366 cumdum
474 4317 614 4366 naturam
635 4319 724 4383 sumt,
749 4307 894 4370 electione
916 4320 967 4368 aut
984 4306 1152 4388 rejectione.
1177 4309 1388 4373 Archedemus
