2930 4956
456 523 760 597 PRAEFATIO.
1088 529 1145 612 xiij

90 661 203 712 strenue
212 645 314 713 telam
329 667 398 735 quo
411 644 553 711 consilio
567 668 703 713 exorsus
718 670 810 716 eram
823 644 981 713 detexere
994 647 1142 736 perrexi,

90 782 187 850 quum
201 758 270 829 hoc
288 759 464 828 volumine
481 772 609 827 tentum
624 783 694 828 non
704 776 773 830 toto
789 760 956 841 coniecto,
971 782 1063 841 ecee,
1081 783 1146 828 uec

90 875 219 966 opinato,
234 876 345 944 literae
361 874 578 960 aLibreriae,
601 900 703 968 quam
713 875 812 947 modo
830 901 905 946 cum
922 875 1024 943 leude
1040 877 1145 944 meri-

89 990 198 1058 tissima
222 992 425 1072 nominavi,
448 991 613 1084 prefectis
636 991 880 1062 honestissimis
903 993 1142 1074 mitterentur,

90 1105 142 1172 sibi
159 1108 311 1200 adeoque
336 1106 420 1176 mihi
449 1108 649 1176 nunciantes
670 1133 866 1180 concessum
885 1111 952 1190 iri,
972 1109 1039 1177 nisi
1051 1108 1145 1178 aliud

90 1223 275 1307 suaderem,
304 1225 495 1293 libertatem
519 1224 748 1317 plenissimam
771 1229 835 1295 ista
852 1224 1040 1296 subsidias
1063 1227 1146 1295 Viro

90 1342 350 1430 prestantissimo
364 1363 494 1408 summo
508 1338 625 1408 labore
643 1357 678 1408 et
690 1344 831 1435 egregia
846 1367 928 1411 curs
941 1341 1082 1411 collecta
1096 1344 1144 1412 ita

91 1454 120 1519 in
131 1477 221 1522 usum
235 1471 389 1524 nostrum
403 1455 645 1540 convertendi,
667 1473 706 1524 ut
720 1460 870 1526 omnium
886 1480 962 1550 quse
980 1457 1144 1526 hactenus

90 1589 167 1660 saepe
179 1572 461 1664 nuncupavissem
473 1587 626 1640 votorum
647 1595 783 1666 compos
799 1572 931 1640 fierem.
947 1573 1027 1665 Quo
1040 1597 1147 1666 queu-

91 1707 181 1784 toque
194 1691 319 1787 gaudio
335 1713 407 1762 turn
423 1695 580 1788 perfusus
593 1697 680 1779 sim,
700 1711 782 1788 quot
794 1711 1005 1787 quantasque
1021 1697 1147 1790 gratias

90 1827 151 1878 tum
167 1812 221 1878 his
238 1812 408 1905 praeiectis
422 1813 666 1880 honestissimis
682 1814 835 1906 egerim,
863 1810 977 1880 dicere
997 1812 1084 1880 nihil
1096 1829 1148 1883 st-

89 1927 176 1996 tinet.
207 1928 304 2019 Quid
328 1929 433 1997 multa
453 1929 469 1995 i
486 1929 642 1998 Praelecti
663 1929 828 2008 Librarius
850 1928 1145 1999 Weidmannianae

88 2059 234 2112 emerunt
262 2045 322 2112 illa
351 2042 502 2112 subsidia
525 2044 679 2137 mihique
705 2042 968 2127 submiserunt,
1000 2071 1145 2138 quorum

88 2157 271 2228 uberiorem
300 2155 561 2253 descriptionem
585 2135 756 2228 Volumini
787 2175 880 2230 sexto
909 2163 998 2230 etei
1028 2163 1146 2232 ultimo

88 2279 228 2373 Operum
245 2279 383 2351 Senecae
393 2279 589 2374 Philosophi
606 2280 792 2363 destinavi,
805 2281 974 2375 adjunctis
986 2297 1058 2351 tum
1069 2307 1146 2353 cor·

88 2396 232 2488 rigendis
246 2414 283 2466 et
303 2395 549 2478 emendandis,
570 2412 639 2464 tum
657 2395 840 2465 indicibus.

135 2539 150 2576 s
167 2511 236 2582 Sed
251 2537 296 2582 ne
325 2515 362 2581 in
388 2512 447 2582 illo
466 2509 607 2604 quidem
628 2511 787 2580 thesauro
809 2512 975 2582 sumtibus
999 2517 1068 2583 suis
1089 2539 1147 2586 ec·

87 2629 247 2719 quirendo
273 2652 385 2722 operae
409 2645 444 2696 et
464 2625 576 2696 studio
604 2651 665 2695 suo
696 2629 732 2696 in
759 2629 895 2698 senecae
918 2653 995 2722 quae
1023 2649 1151 2702 restant

87 2768 182 2838 opera
200 2745 439 2841 philosophica
458 2743 594 2814 modum
614 2745 691 2813 fieri
707 2745 816 2814 voluit
828 2746 993 2815 Librariae
1006 2749 1151 2840 praefeo-

88 2881 168 2932 tura.
181 2866 315 2932 Etenim
329 2886 435 2956 quum
447 2887 466 2930 e
477 2863 587 2930 literis
596 2861 742 2931 Fessleri
754 2863 789 2932 S.
799 2865 842 2930 V.
855 2865 1064 2950 rescivisset,
1075 2868 1149 2959 ejus

86 2979 204 3046 amicos
217 2980 386 3046 Romanos
400 2993 434 3045 et
446 2977 660 3044 Florentinos
674 2973 710 3042 id
726 2977 838 3069 operis
853 2977 981 3069 imponi
995 2978 1059 3045 sibi
1074 3005 1150 3073 pas-

86 3115 135 3162 sos
146 3118 244 3180 esse,
261 3094 457 3176 honorarii,
475 3092 567 3185 quod
581 3108 723 3173 vocant,
739 3108 835 3186 parte
851 3091 945 3160 haud
957 3071 1149 3186 spernenda

81 3208 329 3304 jam-accepta,
345 3226 384 3278 ut
402 3208 500 3279 codd.
524 3233 602 3278 mss.
625 3209 713 3302 Qip.
732 3209 892 3289 Senecae,
914 3210 973 3300 qui
987 3211 1101 3279 Romae
1115 3229 1150 3279 et

84 3319 264 3394 Florentiae
282 3341 518 3406 asserventur,
539 3340 695 3394 accurate
718 3323 963 3398 contendendis
987 3325 1023 3394 in
1041 3327 1151 3394 meri-

85 3459 194 3512 torum
221 3442 266 3526 de
287 3445 424 3514 Senecae
450 3443 542 3536 Opp.
566 3441 775 3510 emendatius
794 3441 934 3509 edendis
957 3443 1147 3510 societatem

84 3563 260 3642 venirent,
277 3585 422 3653 qnorum
436 3560 521 3628 alter
533 3610 544 3641 ,
556 3559 670 3628 Abbss
679 3557 911 3638 Santolonius,
927 3558 1056 3626 collatis
1068 3582 1150 3628 non·

85 3677 184 3744 nullis
205 3675 309 3745 codd.
340 3701 419 3744 mss.
449 3675 607 3769 epistolas
629 3675 766 3744 Senecee
792 3673 1091 3766 complectentibus
1114 3692 1148 3744 et

84 3791 233 3862 custodia
246 3793 463 3862 Bibliothecae
480 3793 641 3862 vaticanae
655 3790 806 3883 deposita
820 3791 995 3882 Romaque
1008 3789 1126 3859 relicte
1134 3841 1145 3877 ‚

85 3911 279 3980 bscicnlum
296 3912 495 3980 Lectionum
512 3909 653 3978 istarum
669 3907 871 3977 variantium
888 3907 995 3974 amico
1015 3907 1148 3974 cuidam

86 4025 231 4094 liomano
247 4024 475 4104 commiserit,
494 4021 604 4105 alter,
622 4021 825 4099 Bundinius,
844 4017 1061 4087 Bibliothecae
1074 4019 1150 4087 Flo·

86 4143 225 4210 restim
244 4156 358 4210 custos
382 4139 644 4218 meritissimus,
667 4135 787 4206 relicto
808 4134 1024 4204 hauddubie
1049 4138 1148 4204 etiam

85 4257 241 4325 fasciculo
248 4255 449 4324 lectionum
460 4253 662 4322 variantium
676 4275 695 4319 e
709 4249 808 4320 codd.
824 4275 902 4320 mss.
916 4251 1003 4343 Opp.
1012 4251 1148 4320 Senecae
