2926 4958
306 460 369 502 cxx
490 433 521 502 J.
547 435 703 504 LIPSII
727 435 1183 509 MANUDUCTIONIS

305 599 392 639 suum
416 576 471 654 lit,
497 591 529 638 ut
552 579 670 650 dicunt,
686 585 910 661 ἀνεπιτεχνήτως,
928 607 943 634 ιε
960 581 1025 642 sine
1050 581 1230 646 adminiculo
1254 583 1340 644 artis.
1355 612 1371 638 n

304 681 462 758 Alltram,
481 691 607 765 ἡγὶνιται
625 685 784 770 dt'iptrlpae
798 691 961 758 didascalice
983 694 1025 750 καὶ
1050 694 1181 770 ineptiis:
1198 713 1205 748 :
1225 717 1240 743 «
1263 712 1327 772 qnae
1342 692 1374 752 fit

305 809 399 872 opera
413 791 561 854 industriae
578 805 608 854 et
618 793 757 854 doctrinae
772 806 889 854 nostrae.
909 819 924 846 ι»
942 790 1137 875 (Plutarchus
1151 797 1188 856 de
1198 793 1303 857 Placit.
1313 794 1373 870 lv,

305 917 372 980 cap.
391 919 445 972 11,
463 912 493 960 et
507 884 645 962 Laertius
664 899 695 960 iu
708 899 862 978 Zenone.)
876 896 939 961 Sub
961 899 1009 960 his
1031 900 1123 960 etiam
1143 899 1211 960 illas
1234 901 1374 983 vulgares

305 1015 336 1063 et
348 1002 537 1083 quotidianas
552 1005 691 1066 notiones
704 995 918 1088 comprehendi
931 1004 1023 1080 scito,
1039 1025 1104 1084 quer
1113 1005 1258 1088 impressa
1268 1004 1374 1068 Phan-

304 1107 378 1170 tasia
390 1129 507 1190 quaque
519 1109 617 1170 stabili
628 1110 787 1194 gignuntur
798 1133 806 1169 t
818 1113 911 1172 sedet
927 1124 1034 1171 nostrae
1045 1109 1103 1170 illae
1114 1110 1173 1172 huc
1182 1111 1373 1173 reducantur.

304 1209 347 1272 Et
360 1226 406 1274 est
419 1233 491 1276 sane
505 1215 640 1275 omnium
654 1235 778 1298 maguus
792 1218 830 1278 ad
843 1214 1006 1278 Seieutiam
1020 1213 1067 1276 vel
1081 1212 1267 1298 Sapientiam
1279 1237 1371 1277 usus:

305 1321 380 1380 adeo
393 1346 408 1373 s
422 1333 456 1382 ut
464 1321 527 1382 sine
537 1322 595 1384 hoc
607 1318 765 1391 (Cicerone
775 1319 985 1404 adstipulante)
993 1341 1050 1382 nec
1058 1320 1184 1403 intelligi
1194 1321 1373 1402 quidquam,

305 1447 362 1488 uec
375 1426 489 1507 quari,
507 1448 563 1507 uec
577 1426 720 1509 disputari
738 1429 839 1510 possit.
857 1453 872 1481 ιι
889 1425 958 1505 (IV
972 1425 1086 1506 Acad.)
1102 1426 1205 1508 ltaque
1220 1427 1303 1488 idem
1324 1427 1375 1490 ille

306 1532 385 1594 inter
395 1531 539 1594 beneficia
553 1545 663 1594 natum
675 1533 776 1616 ponit,
789 1536 869 1614 quod
882 1561 897 1586 «
912 1532 1215 1615 comprehensionem
1228 1533 1373 1606 dedisset,

307 1639 392 1718 quasi
402 1658 541 1698 normam
552 1638 699 1713 scientiae,
712 1651 741 1698 et
753 1639 934 1722 principium
949 1639 994 1700 sui
1009 1661 1016 1698 t
1029 1641 1108 1700 unde
1118 1651 1223 1721 postea
1236 1638 1377 1700 notiones

306 1763 411 1804 rerum
429 1743 536 1805 animis
555 1745 817 1826 imprimerentur,
839 1765 856 1805 e
880 1745 987 1825 quibus
1012 1765 1072 1805 non
1093 1743 1240 1826 principia
1255 1742 1375 1816 solnm,

307 1851 360 1910 sed
370 1848 491 1911 latiores
501 1853 635 1931 quaedam
646 1853 684 1913 ad
693 1851 843 1912 rationem
853 1851 1063 1912 inveniendam
1076 1851 1130 1911 viae
1144 1849 1347 1932 reperiuntur.
1361 1875 1375 1900 u

308 1958 322 2032 (
329 1952 344 2014 l
358 1953 473 2034 Acad.)
483 1953 558 2018 llaec
569 1956 599 2017 iu
608 1955 860 2019 Academicorum
870 1957 955 2018 libris
965 1956 1061 2030 binis,
1074 1956 1125 2037 qui
1135 1955 1225 2016 hodie
1239 1967 1374 2016 exstem:

310 2073 340 2121 et
351 2059 381 2120 in
393 2060 430 2122 iis
441 2062 668 2143 germanissima
678 2061 741 2123 lere
753 2059 925 2123 Stoicorum
939 2063 1071 2122 decreta.
1081 2058 1244 2141 Quomodo
1256 2073 1378 2132 autem,

312 2178 342 2226 et
357 2165 464 2245 quihus
477 2165 558 2226 velut
576 2166 716 2248 gradihus
731 2167 769 2227 ad
782 2164 946 2228 Scientiam
962 2168 1070 2228 ducant
1089 2167 1171 2228 idem
1189 2165 1305 2247 optime
1326 2185 1381 2226 ex-

197 2289 202 2306 ·
309 2271 439 2354 pressit:
456 2299 471 2324 u
488 2269 578 2333 Mens
591 2272 674 2354 ipsa,
689 2273 801 2353 inquit,
815 2293 879 2353 qn‘c
890 2293 1031 2334 sensuum
1046 2272 1113 2333 l'ons
1125 2286 1187 2344 est,
1207 2284 1297 2352 atque
1316 2272 1381 2353 ipsa

311 2397 432 2452 seuam,
445 2379 614 2440 nattualem
628 2379 689 2439 vim
702 2378 813 2454 habet,
830 2399 921 2459 quam
936 2378 1061 2440 intendit
1074 2381 1113 2439 ad
1124 2399 1176 2452 ea,
1193 2377 1304 2458 quihus
1315 2397 1380 2438 mo-

311 2497 406 2546 retur.
421 2482 524 2566 ltaque
538 2484 637 2565 aliqua
654 2485 717 2546 visa
729 2485 772 2546 sic
786 2485 907 2567 arripit,
924 2483 1016 2546 uthis
1030 2486 1129 2546 statim
1142 2497 1242 2545 utatur
1257 2506 1265 2542 t
1279 2483 1382 2565 aliqua

312 2589 511 2654 sic'recoudit.
514 2633 564 2650 .....
577 2613 594 2650 e
610 2591 717 2671 quihus
734 2590 881 2652 memoria
898 2592 1004 2652 oritur.
1018 2588 1136 2654 Cetera
1151 2603 1253 2652 autem
1263 2589 1382 2667 :simiti-

313 2695 464 2757 urdiuihus
481 2696 651 2758 constituit:
669 2717 704 2756 ex
725 2696 831 2777 quihus
848 2695 1015 2758 efficiuntur
1029 2696 1143 2756 notitiae
1163 2715 1285 2762 rerum;
1309 2715 1384 2774 quas

316 2799 415 2868 Greci
426 2811 617 2878 ιιιιιιΕιιιίας,
630 2816 694 2862 tum
704 2805 841 2885 πριλήψιις
852 2815 968 2864 vocant.
981 2797 1029 2861 Eo
1039 2823 1131 2882 ιιιιιιιιι
1141 2797 1382 2874 accessitllatio,

315 2908 539 2991 argumentique
562 2907 733 2984 conclusio,
756 2928 917 2988 rerumque
930 2906 1194 2968 innumerabilium
1211 2905 1383 2974 multitudo,

315 3028 380 3075 tum
389 3027 419 3075 et
428 3016 581 3097 perceptio
592 3035 698 3076 eorum
707 3015 841 3076 omnium
851 3027 987 3098 apparet,
996 3026 1027 3075 et
1037 2997 1385 3094 eademl’tatioprolecta

317 3119 357 3182 ab
371 3119 418 3180 his
430 3121 570 3203 gradibus
584 3125 622 3184 ad
631 3120 817 3204 Sapientiam
828 3121 981 3204 pervenit»
994 3098 1055 3198 (Ill
1063 3117 1172 3195 head.)
1183 3115 1299 3179 Omnia
1314 3137 1386 3198 par-

318 3226 381 3302 tite,
394 3238 424 3288 et
432 3227 514 3288 velut
522 3250 557 3289 cx
567 3227 702 3310 professo
713 3230 834 3301 doceat,
842 3226 941 3289 adfert
953 3250 960 3285 ι
971 3247 1035 3308 que
1045 3225 1179 3288 breviter
1187 3223 1387 3298 examinanda

319 3347 397 3410 sunt,
407 3345 437 3394 et
449 3332 632 3395 illustranda.
645 3332 708 3411 Ait,
718 3332 873 3397 «Mentem
883 3334 1009 3418 ipsam.»
1018 3327 1389 3394 lta.NameaPhantasias

319 3441 382 3504 sire
395 3439 471 3502 Visa
485 3440 610 3523 recipit,
625 3441 656 3502 id
673 3445 758 3503 ested
771 3443 919 3523 ἡγιμιιιιιόι
933 3441 1049 3502 Anime
1063 3463 1070 3500 :
1084 3437 1246 3500 Plutarcho
1258 3458 1296 3497 ex
1308 3433 1389 3498 Stoi-

320 3567 425 3610 corum
435 3560 534 3610 mente
545 3546 680 3610 ‹h'sertim
690 3546 840 3631 scriptum
852 3545 1027 3630 (DePlacit.
1033 3545 1132 3622 Phil.)
1141 3543 1273 3618 Deinde,
1291 3569 1308 3596 α
1320 3562 1388 3603 eam

321 3655 480 3724 moverim
496 3675 605 3738 nempe
625 3654 664 3716 ab
683 3655 828 3737 impressa
851 3653 1011 3716 Phantasis
1028 3676 1035 3710 ι
1058 3665 1088 3714 et
1102 3651 1219 3712 videtur
1232 3650 1271 3710 ad
1287 3645 1391 3733 Chry-

323 3759 401 3843 sippi
417 3760 543 3823 verbum
556 3773 748 3842 mentemque
761 3761 942 3845 respexisse,
957 3759 1008 3839 qui
1022 3755 1215 3818 Phantasiam
1227 3775 1291 3816 non
1302 3763 1390 3818 uleu-

323 3872 403 3928 susis
419 3869 513 3950 ψυχῇ,
531 3895 546 3920 ιι
562 3866 791 3949 impressionem
804 3865 950 3928 inanimo
967 3890 1003 3941 u,
1019 3849 1164 3950 uttzeu03
1183 3863 1237 3923 sed
1251 3864 1390 3924 sillaim

324 3972 470 4044 vocabat.
487 3987 537 4034 aut
549 3971 819 4055 interpretabatur,
832 3971 863 4033 id
872 3985 916 4034 est
927 3969 1136 4032 Mutationem.
1147 3967 1249 4051 Pergit
1262 3965 1389 4042 Cicero,

329 4109 343 4136 a
361 4079 459 4161 aliqua
474 4078 551 4140 Visa
569 4079 612 4142 sic
626 4077 718 4159 arripi
739 4077 885 4138 utstatim
898 4091 996 4138 utatur
1017 4104 1031 4130 n
1051 4075 1126 4137 :ubi
1138 4075 1297 4156 'distinguit
1317 4075 1392 4135 Visa

326 4187 387 4251 sire
401 4183 592 4262 Phantasias,
615 4185 647 4246 in
660 4181 880 4246 Praesentaneas
894 4196 923 4244 et
938 4181 1117 4244 Manantes:
1135 4180 1220 4256 illas,
1239 4201 1306 4261 quae
1324 4201 1393 4241 mo-

326 4307 489 4359 mentaneae
510 4306 597 4367 suut,
623 4306 653 4354 et
674 4305 818 4375 perenut;
839 4292 923 4367 istas,
946 4311 1011 4371 quae
1034 4291 1256 4364 reconduntur,
1270 4302 1305 4350 ut
1324 4290 1390 4350 ait:
