2910 4954
210 413 221 434 ⁸
301 464 348 532 66
750 471 818 536 nn
845 469 931 538 ms

303 716 454 808 ingrati,
485 717 581 784 multi
612 719 731 801 avari,
762 719 860 788 multi
890 721 989 787 luriis
1014 721 1208 790 ambitionis
1235 723 1367 815 agitati.

262 851 276 900 5
300 831 426 901 Omnia
443 834 507 900 ista
533 849 598 900 tam
622 835 791 927 propitius
813 834 978 928 adspiciet
991 839 1023 916 ¹,
1046 861 1146 927 quam
1166 861 1275 930 aegros
1293 861 1373 905 suos

301 945 489 1015 medicus².
506 947 680 1039 Numquid
699 947 756 1014 ille
775 947 873 1040 cujus
891 949 1063 1040 navigium
1083 950 1244 1031 multam,
1269 950 1372 1018 undi-

300 1089 368 1156 que
396 1065 513 1132 laxatis
534 1065 776 1158 compagibus,
801 1089 923 1157 aquam
950 1067 1075 1148 trabit,
1097 1070 1209 1135 nautis
1236 1069 1371 1160 ipsique

300 1182 436 1272 navigio
455 1181 640 1250 irascitur?
657 1183 806 1249 occurrit
820 1183 954 1274 potius,
976 1199 1010 1249 et
1028 1183 1129 1250 aliam
1142 1183 1294 1252 excludit
1310 1209 1373 1252 un·

297 1294 397 1374 dam,
418 1293 519 1362 aliam
537 1289 691 1388 egerit³,
715 1295 892 1362 manifesta
915 1297 1080 1364 foramina
1097 1295 1298 1389 praecludit,
1322 1298 1372 1365 la-

299 1409 450 1478 tentibus
468 1427 503 1478 ct
522 1435 562 1478 er
576 1409 708 1479 ocmslto
726 1413 894 1478 sentinam
913 1407 1141 1480 ducentibus‘
1158 1413 1274 1480 labore
1288 1437 1372 1481 con·

302 1525 395 1592 tinuo
429 1525 585 1592 resistit:
616 1549 680 1592 nec
705 1523 784 1592 ideo
814 1525 1033 1606 intermittit,
1065 1528 1171 1616 quia,
1203 1543 1371 1618 quantum

256 1663 273 1714 e
300 1641 498 1710 exhaustum
520 1659 592 1722 est,
618 1641 845 1709 subnascitur.
872 1645 993 1736 Lento·
1007 1638 1175 1734 adjutorio
1203 1668 1290 1736 opus
1319 1661 1373 1712 est

299 1775 416 1826 contra
435 1758 521 1826 mala
538 1761 700 1826 continua
719 1773 753 1825 et
773 1757 951 1840 lmcundn,
969 1783 1037 1826 non
1056 1775 1094 1827 ut
1111 1757 1292 1841 desinant,
1309 1759 1373 1828 sed

299 1897 342 1940 ne
360 1889 510 1940 vincent.

260 2033 268 2064 .
348 1992 411 2058 ΧΙ.
433 1989 643 2070 «Utilisest‚
661 1991 793 2081 inquit,
811 1991 861 2058 ira
874 2039 883 2072 ,
897 1991 977 2082 quia
986 2005 1213 2082 contemptum
1224 1988 1370 2081 effugit,

257 2149 270 2178 α
301 2133 318 2168 u
335 2106 416 2198 quia
430 2106 534 2173 malos
552 2121 670 2172 terret.
688 2133 704 2168 s
726 2107 877 2174 Primum
891 2106 964 2188 ira,
981 2108 1009 2174 si
1025 2120 1189 2199 quantum
1204 2106 1370 2186 minatur,

296 2221 406 2302 valet,
428 2221 472 2288 ob
495 2221 561 2288 hoc
580 2222 690 2313 ipsum
714 2220 807 2313 quod
832 2221 996 2289 terribilis
1016 2238 1090 2302 est,
1113 2238 1148 2290 et
1171 2221 1280 2288 invisa
1303 2235 1369 2286 est.

298 2339 523 2406 Periculosius
552 2354 604 2405 est
628 2355 742 2405 autem
770 2339 905 2420 timeri,
937 2364 1038 2430 quam
1067 2338 1208 2432 despici.
1232 2339 1266 2406 Si
1287 2361 1373 2406 vero

297 2457 371 2522 sine
389 2454 520 2522 viribus
540 2469 612 2535 est,
635 2455 742 2546 magis
762 2455 911 2546 exposita
930 2456 1137 2548 contemptui
1156 2469 1229 2536 est,
1251 2469 1288 2520 et
1310 2453 1375 2520 de-

297 2571 403 2638 risum
422 2595 491 2638 non
510 2571 652 2662 effugit3
674 2568 759 2661 quid
774 2570 868 2637 enim
885 2586 936 2639 est
953 2570 1131 2639 iracundia
1151 2572 1186 2638 in
1205 2595 1375 2663 superva-

256 2698 272 2750 3
297 2711 396 2754 cuum
417 2685 643 2754 tumultuante
657 2684 845 2778 frigidius?
862 2683 997 2755 Deinde
1012 2713 1079 2754 non
1094 2686 1171 2754 ideo
1186 2685 1347 2780 quaedam
1362 2737 1372 2767 ‚

296 2847 388 2912 sentit,
405 2848 444 2901 bis
460 2869 486 2901 se
507 2847 557 2922 ipse
576 2848 643 2900 intus
664 2844 808 2915 alloquitur.
891 2847 914 2900 3.
924 2847 1190 2918 Excludit....egeri!.
1201 2847 1268 2899 Eam
1284 2851 1378 2900 exclu-

298 2926 364 2994 Quae
380 2925 448 2978 enim
459 2937 601 2997 sequuntur
618 2939 643 2977 et
654 2923 714 2977 huie
726 2927 807 2994 φράσει
857 2927 917 2990 dtr,
943 2945 1000 2996 qnae
1024 2925 1139 2978 noudum
1159 2938 1237 2977 ratem
1260 2925 1376 2988 invasit,

298 3003 355 3056 linis
365 3016 437 3069 sunt,
450 3003 504 3058 bec
517 3003 635 3078 sapientis
648 3001 681 3055 ad
690 3023 717 3055 se
728 3001 809 3076 ipsum
858 3003 989 3056 manifesta
996 3003 1122 3056 foramina
1131 3001 1305 3076 praeludens;
1318 3023 1376 3056 eam

298 3080 375 3134 rerba
386 3079 526 3134 continent
859 3083 954 3148 egerit,
967 3099 1025 3152 quse
1041 3081 1092 3152 jam
1108 3081 1193 3132 navim
1210 3100 1377 3153 supergressa

335 3180 357 3210 ι.
378 3160 519 3228 Adspiciet.
537 3159 577 3210 Ne
598 3177 613 3209 a
632 3157 743 3230 sapiente
764 3155 810 3208 ista
859 3168 911 3222 est,
929 3156 991 3209 dnm
1011 3157 1144 3210 latentibus
1161 3157 1231 3210 rimis
1249 3157 1379 3209 continuo

299 3255 399 3308 qnoque
412 3235 509 3309 prolata
520 3235 597 3287 verba
607 3234 750 3299 videantur,
761 3232 811 3286 dia·
859 3232 944 3288 labore
955 3235 1053 3288 resistit.

300 3313 369 3367 tinxi.
382 3313 449 3385 lips.
461 3312 562 3366 emend.
571 3315 728 3381 adspiciam.
893 3316 916 3380 4.
927 3311 1065 3366 Sentinum
1074 3313 1231 3365 ducentibus.
1242 3311 1302 3364 lloc
1317 3325 1357 3365 est
1369 3349 1377 3374 ‚

270 3398 273 3409 '
336 3415 358 3448 n.
385 3393 475 3465 Quom
498 3411 580 3462 agros
603 3411 664 3445 suos
688 3395 810 3446 medicus.
859 3391 983 3443 sentinam
995 3391 1021 3443 in
1030 3391 1079 3442 ima
1091 3389 1295 3453 detrabentibus,
1311 3391 1377 3442 dum

301 3472 371 3525 ldem
380 3471 470 3534 sentit,
479 3469 548 3523 idem
556 3469 810 3543 docetoptirnusille‚
860 3471 935 3523 etiam
952 3483 1026 3542 atque
1040 3471 1114 3524 etiam
1124 3489 1196 3542 aqure
1214 3469 1319 3544 pondus
1330 3492 1380 3524 au-

227 3562 233 3575 *
302 3571 353 3604 non
366 3549 470 3602 nomine
481 3546 657 3620 quidem,sed
666 3568 692 3599 re
705 3546 812 3620 phileto·
861 3549 945 3622 gessit.
966 3547 1070 3602 Sentius
1093 3567 1153 3602 vero
1177 3549 1228 3598 ima
1254 3561 1294 3600 est
1322 3569 1381 3623 pars

301 3628 366 3702 plius
381 3628 504 3690 Malim,
518 3647 562 3698 per
571 3639 648 3678 totam
659 3625 727 3678 illam
740 3625 812 3677 labu·
861 3625 950 3690 navis,
968 3626 1059 3698 gallice
1066 3627 1139 3700 send
1148 3627 1252 3678 desole.

303 3707 353 3758 lam
364 3701 812 3777 ιῑιιτοὶιιιετὶἱιὶιιιτὶινΙῖίιζειιιιϋηπορι,Ι
895 3701 939 3754 xt.
953 3707 1021 3755 Atta.
1041 3703 1097 3756 lloe
1118 3715 1142 3755 et
1160 3703 1277 3772 sequenti
1295 3705 1383 3777 eapite

303 3796 328 3836 et
338 3781 475 3857 presertim
487 3780 604 3855 expressit
615 3781 654 3834 bis
666 3779 794 3832 versiculis
806 3797 813 3832 ι
862 3778 911 3830 alia
921 3781 1025 3850 questio
1037 3781 1184 3846 discutitur,
1193 3801 1286 3856 nempe
1295 3803 1335 3835 an
1344 3785 1383 3836 ira

862 3857 959 3927 aliquid
976 3858 1066 3912 babeat
1081 3859 1145 3912 inse
1159 3859 1293 3927 utilitatis,
1308 3862 1383 3933 quod

452 3988 459 4009 2
862 3935 942 3990 malos
958 3949 1063 4002 terreat,
1082 3937 1191 4008 ideoque
1203 3951 1383 4012 acontemptn

301 4025 386 4064 somme
394 4024 443 4061 sices
452 4023 497 4060 unit
506 4023 517 4058 b
525 4019 635 4060 l'ltttmltte
644 4029 713 4059 natum·
722 4036 726 4045 ·
863 4035 909 4067 nos
924 4029 989 4068 tutos
1000 4017 1081 4068 stein,
1092 4016 1223 4088 thflmr,
1235 4016 1298 4086 (μὴ
1311 4017 1349 4068 in
1359 4030 1384 4068 ει

304 4085 330 4124 Et
339 4084 455 4136 monesprit
464 4082 517 4120 enfin
527 4082 618 4133 n'estpas
627 4081 752 4134 ptnsottenst
863 4093 950 4145 odium
961 4092 1025 4166 {mit
1037 4106 1061 4144 et
1075 4105 1246 4165 contemptum
1258 4113 1320 4146 eum
1336 4095 1384 4146 de,

306 4142 696 4190 oovotrunttonmetonrbe,totunm
711 4141 810 4190 intdrease'„
876 4169 882 4182 .
972 4170 978 4181 .
1047 4171 1053 4182 .
1198 4170 1204 4183 ,

301 4211 349 4256 Que
357 4209 381 4246 ds
388 4208 430 4248 voir
437 4208 471 4246 des
480 4215 572 4246 santones
580 4205 661 4243 suunt·
670 4205 694 4243 de
704 4219 797 4254 rnrnage,
863 4188 928 4222 ΜΖ
939 4169 1035 4222 ‘lande'
1045 4170 1071 4222 ¹d
1084 4208 1091 4234 t
1107 4169 1176 4240 ‘iuml
1186 4183 1309 4236 l'mml't
1327 4192 1382 4223 '¹⁰¹¹

306 4269 411 4315 Dessiopes
416 4266 814 4318 mallaisans‚etdesloupsplainsslersge.
863 4247 920 4299 ideo
929 4248 996 4300 bono
1006 4248 1061 4300 vlro
1072 4259 1108 4299 etl
1118 4247 1237 4320 optabile·

300 3898 355 3946 (tui,
367 3897 388 3944 je
396 3897 438 3936 vois
450 3909 482 3935 oea
489 3896 582 3946 delente,
594 3897 642 3936 dont
650 3905 704 3934 retra
712 3907 757 3932 arne
763 3907 819 3932 mur·
