2896 4958
236 500 305 569 AD
329 499 503 570 STOIC.
531 499 741 570 PHILOS.
767 499 865 570 LIB.
890 499 968 568 111.
1041 503 1138 570 cxcix

76 643 221 716 sufficeres
231 662 303 706 nam
319 643 423 705 omnia
439 641 591 717 aliorum,
606 644 672 727 ejus
686 663 762 706 esse.
774 669 789 698 a
804 639 927 725 (baert.
940 641 972 704 iu
985 640 1139 720 Antistii.)

76 752 180 814 Vides?
196 769 258 812 non
274 770 328 812 sna
344 749 444 812 solum
461 749 538 828 sibi,
554 750 608 812 sed
622 749 725 811 omnia
740 747 878 812 omnium
892 747 985 811 habet
999 769 1008 809 ε
1024 749 1140 830 etquid

77 857 184 920 homini
198 856 269 918 huic
279 855 375 924 desit?
390 853 463 918 ttae
476 853 586 942 Cynici
601 853 647 917 illi
659 855 813 939 jactabant
825 873 902 933 ore,
917 853 1021 916 auimo
1035 855 1143 917 sentie-

77 965 140 1026 lant
154 985 163 1022 ε
176 961 284 1048 Cynici
297 1006 307 1039 ,
321 962 393 1024 nudi
404 1007 415 1040 ,
427 963 552 1046 inopes,
563 960 650 1026 vacui
662 981 769 1025 rerum
782 960 920 1024 omnium
930 971 961 1024 et
972 961 1139 1046 copiarum.

75 1067 183 1136 Placuit
209 1083 241 1132 et
261 1067 394 1148 Stoiciss
414 1069 623 1151 sciueruntqne
645 1089 654 1131 s
677 1095 693 1126 ι
708 1067 887 1154 Sapientum
905 1067 1010 1132 omnia
1032 1089 1110 1132 esse.
1122 1095 1139 1124 a

74 1174 191 1252 (laert.
206 1176 239 1238 in
249 1177 345 1254 zen.)
357 1173 494 1251 Seneca,
508 1173 641 1256 Cicero,
656 1175 710 1239 nlii
725 1175 912 1260 ingeminant
923 1197 931 1237 ε
941 1177 996 1240 sed
1008 1175 1060 1238 ille
1071 1195 1142 1238 nos-

73 1295 115 1344 ter
129 1283 203 1345 alibi
219 1305 259 1344 ee
268 1281 355 1344 Unus
369 1295 416 1344 est
426 1279 576 1366 Sapiens,
589 1283 674 1366 cujus
687 1284 792 1346 omnia
806 1297 891 1362 sunt,
903 1303 961 1350 nec
976 1305 1012 1346 ex
1025 1282 1143 1346 difficili

72 1391 187 1452 tuenda.
196 1417 211 1444 ιι
225 1386 299 1470 (De
311 1385 511 1467 BeueiVll,
530 1409 596 1472 cap.
607 1387 659 1468 3.)
673 1386 746 1470 Quo
759 1409 850 1452 seusu
862 1389 985 1453 annm?
1001 1387 1142 1450 omnibus

73 1517 141 1579 ergo
154 1517 210 1558 sna
224 1495 340 1579 eripit,
361 1496 438 1557 etin
452 1516 486 1558 se
501 1493 614 1558 vertiti
630 1491 704 1558 Non
721 1517 730 1556 ε
747 1494 836 1558 absit.
851 1493 962 1558 «Nihil
972 1495 1134 1579 prohibet,
1239 1525 1245 1536 ¹

71 1601 179 1683 aliquid
191 1615 222 1664 et
238 1599 391 1685 Sapientis
406 1621 472 1664 esse
486 1645 495 1679 ,
514 1614 545 1663 et
559 1600 640 1685 ejus,
655 1601 706 1665 nui
722 1602 826 1663 datum
839 1614 871 1662 et
885 1602 1069 1685 assignatum
1083 1615 1137 1664 est.

70 1706 141 1770 Jure
153 1707 254 1784 cirili,
269 1707 374 1770 omnia
384 1705 477 1791 Regis
487 1720 574 1769 sunt:
588 1719 732 1770 ettamen
743 1707 796 1769 illa
808 1751 817 1784 ,
830 1727 961 1789 qaorum
969 1709 1009 1770 ad
1020 1704 1140 1791 Regem

69 1814 195 1896 pertinet
205 1812 348 1876 universa
361 1813 533 1897 possessio,
545 1814 577 1875 in
591 1813 725 1898 singulos
737 1810 877 1876 dominos
887 1815 1037 1897 descripta
1052 1827 1137 1890 sunt,
1190 1829 1198 1850 ⁸

70 1934 96 1983 et
109 1937 293 2003 unamque
304 1941 353 1982 res
362 1920 456 1986 habet
468 1939 677 2004 possessorem
691 1941 789 1984 snum.
803 1917 854 1984 Ad
867 1918 969 2004 Reges
983 1921 1065 1981 enim
1078 1940 1139 2003 po-

68 2041 153 2091 testas
163 2028 308 2112 pertinet,
323 2027 363 2088 ad
378 2025 511 2111 singulos
522 2027 699 2090 dominium
706 2055 722 2082 »ι
730 2026 823 2107 (lbid.
834 2047 862 2092 c.
873 2025 919 2106 4.)
933 2023 1016 2089 Ecce
1024 2029 1139 2088 nodum

70 2134 196 2198 solntrnn
211 2132 309 2194 habes
324 2152 334 2192 a
353 2145 384 2194 et
395 2153 468 2194 vere
489 2151 526 2196 ac
540 2131 676 2216 pulchre.
689 2129 801 2217 Tangit
813 2131 892 2195 hane
915 2127 1138 2196 distinctionem

70 2236 218 2304 Laertinss
228 2260 302 2300 nam
311 2239 379 2321 quis
388 2239 514 2323 ambigit
529 2236 670 2302 eStoieis
685 2239 818 2302 lontibus
831 2235 981 2302 Senecam
990 2235 1139 2301 hausisse?

69 2347 167 2429 tang't,
174 2347 311 2428 inquam,
324 2345 355 2406 iu
364 2365 454 2408 cansa
463 2345 527 2430 ejus
535 2343 617 2408 dicti.
626 2342 756 2410 «Omnia
766 2343 1140 2431 Sapientumesse.Datam

69 2453 144 2514 enim
153 2453 192 2516 iis
201 2457 316 2519 muta
327 2457 454 2535 ἐξουσίαν,
462 2452 669 2515 omnimodam
682 2464 863 2536 potestatem
876 2450 1018 2532 (Seneca
1031 2472 1140 2514 vocem

69 2558 215 2642 agnosce)
231 2580 251 2622 a
267 2560 348 2644 lege.
365 2557 534 2622 Stultorum
556 2572 657 2621 autem
676 2560 813 2641 quedam
836 2559 996 2638 dicuntur,
1019 2557 1094 2621 sicut
1108 2569 1140 2618 et

68 2665 265 2747 injustorum,
285 2679 375 2748 atque
388 2664 476 2729 aliter
487 2667 626 2748 quadam
641 2665 817 2749 reipublicae
831 2665 980 2744 dicimus,
1000 2664 1137 2746 quaedam

66 2771 220 2834 utendum.
230 2799 247 2828 ι
258 2767 343 2856 Ergo
357 2773 461 2834 omnia
471 2773 536 2855 ejus
546 2784 630 2848 sunt,
641 2791 705 2834 non
715 2768 931 2854 occupatione,
948 2773 1000 2834 sed
1014 2770 1133 2834 animo:

67 2889 95 2939 et
110 2878 289 2941 universitas
303 2878 369 2956 illi,
386 2899 448 2940 non
470 2877 534 2942 luec
553 2877 669 2963 singula
690 2877 911 2960 mancipantur.
926 2872 959 2938 Ο
974 2875 1134 2958 magnilica

66 2984 237 3065 possessio!
255 2997 285 3047 et
301 3005 392 3066 qnam
411 3005 448 3046 ex
466 2982 549 3046 incili
564 2985 644 3068 regit
657 3003 693 3046 nc
710 2982 830 3045 tuetur!
848 2981 983 3059 Tuetur,
997 2979 1057 3044 hoc
1070 2982 1138 3063 ipso

65 3092 144 3170 qnod
160 3090 302 3151 intuetur.
319 3115 335 3145 a
346 3087 420 3153 Non
433 3088 527 3152 habet
538 3089 700 3152 mittendos
716 3101 800 3150 trans
814 3087 911 3150 maria
924 3087 1060 3170 legatos,
1078 3105 1136 3148 nee

65 3199 206 3258 mmanda
220 3197 253 3258 in
270 3195 344 3279 ripis
362 3195 522 3263 hostilibus
542 3209 659 3274 castra,
686 3215 748 3257 non
765 3215 840 3278 opus
859 3207 905 3257 est
920 3192 1062 3278 legione,
1078 3211 1135 3254 uec

66 3301 255 3384 equestribus
282 3303 399 3364 turmis.
426 3302 693 3385 Quemadmodum
718 3300 773 3364 Dii
797 3301 984 3364 immortales
1008 3319 1137 3383 regnum

65 3407 198 3470 inermes
210 3422 316 3492 regunt
327 3423 375 3486 ,et
388 3409 449 3472 illis
463 3429 699 3474 rerumsuarum
714 3430 750 3470 ex
759 3409 839 3470 edito
853 3405 1074 3489 tranquilloque
1086 3419 1136 3466 tu·

63 3515 122 3576 tela
137 3529 185 3576 est
197 3515 261 3576 :ita
274 3514 324 3578 hic
337 3515 523 3593 officiosus,
539 3514 677 3596 quamvis
690 3515 834 3578 latissime
848 3527 989 3597 pateant,
1004 3512 1070 3573 obit
1083 3534 1091 3570 ι
1105 3525 1136 3573 et

66 3642 156 3684 omne
169 3621 337 3682 humanum
346 3643 441 3705 genus
453 3667 462 3700 ‚
475 3623 699 3705 potentissimus
713 3623 778 3704 ejus
789 3621 998 3703 optimusque,
1015 3618 1093 3680 infra
1104 3639 1136 3682 se

65 3729 154 3790 videt.
162 3755 180 3783 n
193 3725 287 3808 (Seu.
296 3725 347 3790 De
359 3726 468 3790 Benes.
476 3727 548 3790 Vll.
558 3750 623 3811 cap.
634 3725 686 3806 3.)
697 3725 806 3807 Neque
815 3725 909 3787 verba
922 3725 985 3787 haec
994 3744 1136 3786 censeas:

66 3833 127 3896 iuno
141 3832 260 3909 verba,
275 3834 326 3916 qui
342 3833 473 3917 eripiunt
487 3830 576 3911 hnic,
594 3845 624 3898 et
640 3833 698 3896 sibi
713 3831 837 3894 hahent.
850 3828 928 3911 Quis
944 3842 1042 3890 totum
1056 3828 1136 3890 hunc

65 3939 195 4016 orbem,
211 3939 312 4017 idest,
327 3952 372 4001 tot
386 3959 495 4024 agros,
509 3952 612 4022 prata,
625 3939 732 4017 silvas,
746 3936 888 4014 flumina,
901 3936 1006 4014 lacus,
1022 3923 1138 4013 mari'a,

65 4047 193 4110 rerlsulo
203 4059 256 4108 aut
266 4045 398 4108 formula
408 4066 426 4108 a
436 4067 486 4108 me
498 4045 614 4110 aufert?
626 4043 756 4109 Coneris
767 4045 925 4127 quamvis,
940 4057 1030 4106 teneo
1045 4066 1052 4103 ι
1065 4063 1137 4104 ocu-

65 4152 120 4228 lis,
143 4169 176 4216 et
195 4166 277 4216 certe
295 4153 413 4229 animo,
431 4171 553 4236 usurpo.
575 4149 749 4214 «Derideas
764 4151 835 4215 licet
851 4174 859 4212 ε
873 4150 1001 4236 ingentis
1018 4149 1139 4232 spiritus

64 4281 112 4322 res
135 4275 204 4334 est,
229 4281 324 4342 quum
351 4257 514 4323 Orientem
535 4257 794 4340 Occidentemque
816 4257 989 4322 lustraveris
1011 4256 1135 4330 muno,

65 4387 158 4448 quum
172 4381 219 4430 tot
233 4366 392 4446 animalia,
408 4365 654 4450 tantam-copiam
669 4385 773 4432 rerum
785 4410 794 4442 ,
807 4385 881 4446 «psas
893 4363 1011 4428 Natura
1025 4361 1143 4427 beatis-
