2930 4956
338 463 379 537 L,
405 463 586 537 ANN'AEI
609 463 839 539 SENECAE.
1045 469 1126 534 xxix

64 613 188 697 eorrupit
200 631 273 675 etun
287 609 375 687 aula,
394 629 452 673 uec
466 612 505 672 ad
517 609 666 673 familiare
681 624 712 674 et
733 623 895 694 cognatum
911 631 997 696 pone
1020 609 1126 673 vitium

64 716 278 782 adulationem?
294 714 385 778 flexit
397 713 546 788 Minime,
563 717 628 800 ipse
642 719 680 780 ad
688 715 847 780 Neronem
864 740 871 778 :
891 743 907 771 o
920 713 1042 780 Diutius
1054 737 1127 778 mo-

65 823 236 888 rarimehic
247 836 374 908 patere,
387 842 449 884 non
460 834 493 884 ut
505 821 644 888 blandiar
654 823 777 888 auribus
786 825 845 887 tuis
860 845 869 885 s
884 843 942 888 nec
955 823 1039 886 enisu
1051 821 1127 886 mihi

64 932 106 994 hio
115 953 182 994 mos
193 929 428 994 estemaluerim
438 928 518 992 reris
526 927 693 1008 offendere,
705 953 798 1014 qrram
807 929 929 1015 placere
942 931 1125 993 adulando.»

63 1035 106 1118 (Π
118 1036 169 1100 De
195 1033 321 1113 Clean.)
335 1032 456 1116 Etiam
475 1034 658 1114 mummulo,
679 1039 760 1121 apud
776 1037 933 1112 Tacitum,
954 1035 1064 1100 referri
1078 1037 1127 1119 ju·

64 1143 111 1204 bet
122 1142 256 1227 principi
278 1166 288 1202 s
312 1170 328 1196 α
346 1137 420 1206 Non
437 1140 494 1204 sihi
509 1155 685 1226 promptmn
704 1143 735 1206 in
748 1143 934 1207 adulationes
947 1143 1126 1227 ingenium:

62 1251 146 1330 idque
159 1247 236 1310 nulli
257 1248 356 1332 magis
374 1269 520 1332 guarum,
544 1269 635 1330 quam
649 1247 787 1325 Neroni,
805 1249 858 1330 qui
877 1249 984 1332 saepius
1002 1247 1142 1340 liherta-v

64 1371 122 1416 um
134 1351 275 1433 Senem,
296 1376 388 1437 quam
401 1355 556 1417 servitium
572 1369 713 1439 expertus
726 1367 815 1419 esset.
831 1383 847 1410 »
861 1353 939 1433 (XV
950 1351 1045 1438 Anu.)
1054 1354 1129 1418 Arn-

62 1462 155 1544 plius,
170 1485 238 1544 qure
255 1483 378 1523 morum
396 1461 523 1543 visaque
545 1462 684 1540 exactio,
698 1475 729 1524 et
749 1462 897 1525 examen?
912 1460 1101 1546 lterumipse
1117 1485 1126 1524 s

63 1596 79 1619 ι
97 1565 175 1628 Utor
184 1566 244 1630 hac
259 1580 430 1650 potestate,
445 1567 619 1649 etquotidie
635 1569 715 1652 apud
730 1589 781 1630 me
798 1588 920 1631 causam
936 1567 1014 1630 dico.
1025 1566 1129 1649 Quum

62 1673 243 1736 subtatum
261 1686 424 1758 conspectu
444 1672 546 1735 lumen
560 1687 628 1751 est,
652 1687 682 1736 et
700 1675 842 1737 conticuit
857 1696 934 1738 uxor
951 1676 1047 1738 moris
1068 1676 1131 1758 jam

62 1780 121 1840 inei
136 1779 276 1858 conscia,
295 1791 392 1840 totum
415 1777 496 1840 diem
512 1799 633 1842 mecum
655 1792 788 1856 scrutur,
809 1779 887 1842 facta
911 1801 947 1843 ac
963 1782 1041 1844 dicta
1062 1801 1131 1842 mea

63 1885 216 1946 remetior.
230 1883 317 1946 Nihil
333 1883 409 1945 mihi
423 1881 592 1961 abscondo,
607 1883 683 1944 nihil
695 1898 815 1948 transeo
829 1909 837 1944 ε
852 1906 946 1966 quare
957 1885 1040 1948 euim
1050 1887 1134 1967 quid-

65 2011 156 2070 quam
166 2012 204 2051 ex
214 1988 372 2053 moribus
381 1987 458 2050 meis
467 1988 610 2063 timeam,
626 2011 720 2069 quum
732 1991 847 2072 possim
861 1991 961 2054 dicere
984 2015 991 2050 :
1004 1990 1086 2054 Vide
1094 2014 1133 2056 ue

65 2097 138 2157 istud
156 2094 302 2179 'amplius
319 2093 428 2168 facias,
445 2114 523 2156 nuuc
545 2093 599 2155 tibi
621 2094 768 2177 ignosco?
786 2093 954 2182 »¹(111De
970 2095 1053 2174 lra.)
1070 2095 1134 2158 1³0-

63 2215 118 2262 test
139 2204 239 2284 majus
262 2213 314 2262 aut
347 2199 458 2262 clarius
482 2199 610 2260 studium
636 2200 756 2262 elucere
781 2201 919 2264 virtutis?
941 2198 1083 2284 Denique
1104 2215 1135 2266 et

64 2309 156 2390 pietas
165 2309 197 2370 iu
206 2305 314 2370 Deum
325 2318 355 2367 et
367 2304 542 2383 submissio,
554 2306 672 2386 quoties
683 2308 831 2390 apparet?
846 2305 951 2370 Unum
961 2324 1136 2393 excerptum

64 2435 192 2495 posuero
209 2435 217 2472 :
238 2441 252 2466 ι
270 2410 304 2474 Si
314 2411 385 2493 quid
398 2411 496 2473 credis
504 2409 579 2472 mihi
590 2457 599 2488 ,
612 2412 734 2473 intimos
743 2411 867 2475 affectus
880 2435 968 2478 meos
978 2415 1033 2477 tihi
1043 2439 1137 2498 quum

64 2523 193 2583 maxime
208 2522 317 2604 detego
334 2543 342 2579 :
361 2519 394 2579 in
409 2517 548 2581 omuibus
566 2541 632 2600 quoe
653 2539 761 2602 aspera
781 2519 921 2583 videntur
935 2535 966 2584 et
979 2523 1073 2601 dura,
1094 2525 1137 2586 sic

63 2629 211 2690 formatus
234 2647 312 2688 sum.
332 2623 404 2687 Nou
423 2645 518 2709 pareo
537 2621 630 2702 Deo,
651 2627 705 2686 sed
722 2625 892 2698 assentior3
916 2648 952 2689 ex
972 2628 1075 2690 auimo
1097 2629 1138 2691 il-

63 2733 148 2807 lum,
163 2752 228 2794 non
248 2732 319 2812 quia
332 2751 454 2793 necesse
468 2742 529 2807 est,
542 2751 662 2811 sequor.
675 2728 762 2791 Nihil
775 2751 908 2812 unquam
921 2732 997 2794 mihi
1011 2734 1136 2812 incidet,

64 2843 146 2920 quod
157 2839 254 2901 tristis
268 2837 439 2920 excipiam,
455 2839 536 2917 quod
552 2837 636 2898 malo
653 2835 737 2898 vultu
754 2859 762 2898 a
780 2837 898 2899 nullum
920 2839 1066 2901 tributum
1088 2842 1139 2902 in-

64 2950 144 3010 situs
155 2945 323 3011 muferam.
338 2973 353 2998 »2
369 2942 480 3028 (Epist
493 2945 594 3022 xcw.)
608 2940 651 3005 Et
660 2944 747 3027 plura
760 2959 828 3008 sunt
842 2945 913 3008 falia
923 2947 954 3008 in
968 2945 1140 3012 Mauuduc-

61 3055 166 3130 tione,
179 3067 235 3117 ant
246 3051 456 3136 Physiologia,
469 3071 487 3113 a
502 3049 591 3112 nohis
608 3064 720 3112 uotam.
738 3049 806 3113 lmo
828 3064 891 3113 tam
906 3052 993 3115 clarae
1003 3055 1141 3136 quaedam

60 3162 206 3245 pietatis,
227 3173 261 3222 ut
275 3159 481 3221 Termllianus
500 3170 531 3219 et
545 3157 636 3242 prisci
651 3154 800 3220 Nostrum
811 3158 985 3242 appellent,
1002 3159 1141 3224 Concilio

61 3271 131 3353 ipsa
156 3269 297 3350 quaedam
315 3266 489 3327 auctoritate
519 3265 584 3346 ejus
603 3265 660 3342 (in
683 3263 859 3348 fragmentis
881 3266 988 3348 posui)
1012 3281 1144 3332 utantur.

60 3375 168 3456 Atque
184 3375 263 3435 adeo
284 3369 368 3434 Otho
381 3369 582 3455 Frisiugeusis
598 3383 712 3432 asserat
728 3393 736 3429 ε
754 3397 769 3424 o
788 3366 825 3431 L.
842 3368 990 3434 Senecam
1003 3394 1065 3434 uon
1079 3385 1142 3436 tam

61 3477 302 3564 Philosophum,
317 3499 407 3560 quam
419 3475 626 3541 Christianum
633 3475 802 3539 dicendum.
814 3503 830 3532 υ
841 3475 941 3559 Atque
954 3477 995 3539 ob
1004 3478 1059 3541 has
1070 3480 1146 3542 cmi·

60 3603 175 3650 nentes
189 3587 335 3661 virtutes,
353 3584 444 3646 etiam
457 3583 510 3646 illo
526 3603 608 3660 aero,
624 3584 729 3666 ingens
740 3582 777 3644 de
793 3604 830 3645 eo
848 3583 970 3667 opinio,
985 3597 1014 3648 el
1029 3586 1076 3649 vel
1088 3587 1146 3650 im·.

61 3698 155 3779 perio
172 3693 374 3757 destinabant.
394 3691 517 3754 Tacitus
533 3703 638 3774 aperte
660 3689 721 3753 hoc
740 3690 884 3774 agitatum
907 3691 1010 3754 scribit
1036 3717 1043 3751 ε
1070 3721 1084 3748 κ
1102 3693 1146 3757 Ut

61 3804 243 3864 traderetur
265 3799 428 3883 imperium
442 3794 588 3875 Seuecoe,
613 3797 699 3878 quasi
712 3796 841 3875 insonti,
860 3795 1036 3861 claritudine
1050 3801 1149 3862 virtu-

61 3925 129 3970 tum
144 3909 190 3969 ad
204 3926 358 3969 summram
373 3903 526 3988 fastigium
547 3901 666 3966 dilecto.
676 3930 691 3957 a
705 3900 784 3983 (XV
794 3901 891 3981 Anu.)
900 3900 933 3965 0
947 3902 1067 3985 Roma,
1085 3929 1147 3971 uon

62 4013 217 4078 meabas
238 4025 267 4073 te
277 4011 343 4074 haec
358 4009 505 4088 felicitas,
518 4030 575 4072 nec
585 4005 672 4073 Deus
682 4009 726 4072 sic
735 4009 868 4092 respexit
882 4010 889 4070 l
901 4007 1045 4092 Alioqui,
1095 4063 1098 4072 ,

189 4141 281 4194 libera
294 4143 315 4195 si
328 4139 423 4193 dentur
436 4138 529 4212 populo
539 4138 660 4211 suffragia
670 4176 678 4206 ,
688 4136 744 4208 quis
756 4148 807 4190 tam

194 4231 307 4284 Perditus
319 4270 327 4296 ,
339 4239 367 4283 ul
380 4229 476 4284 dubitet
489 4230 609 4284 Senecam
620 4228 738 4302 preferre
749 4225 867 4280 Neroni?

458 4319 460 4324 ’
567 4319 571 4324 ’
683 4317 809 4387 (tumr.
825 4315 884 4372 Sal.
895 4315 954 4387 Χ.)
