2930 4956
273 455 343 524 AD
368 455 538 525 s'l'otc.
564 455 772 528 PHILOS.
798 458 898 528 ΜΒ.
925 459 954 530 l.
1081 457 1153 546 lxiij

102 596 231 681 mgisque
240 598 371 661 ebrimn
383 643 392 668 ,
405 583 659 662 ed'Dieleetioam
670 613 699 662 et
713 600 838 664 subtiles
849 601 1017 683 brevesque
1034 601 1155 666 conclu-

104 703 227 766 siunculas
250 705 317 786 ejus
336 703 456 766 referri.
476 702 513 766 ld
529 705 611 768 enim
626 707 711 790 digiti
730 708 863 772 adstricti
879 721 1006 779 notare:
1029 720 1060 770 et
1080 708 1154 772 item

104 831 187 872 nunus
199 824 362 894 porrecta,
379 811 580 893 disputantem
594 825 704 896 potest
714 811 822 877 Simile
836 815 867 877 in
881 813 1038 879 Cleanthis
1052 835 1155 878 corro-

103 917 133 978 sis
144 916 241 1001 digitis.
257 915 370 998 Neque
386 917 458 993 hic,
480 918 603 998 inquam
614 963 628 995 ,1
639 922 789 982 assentior
801 946 809 992 ;
822 922 895 1002 quid
910 921 992 983 enim
1006 921 1156 1006 singulare

101 1021 177 1084 illein
190 1023 339 1086 Numeris
353 1037 405 1085 eut
414 1020 549 1107 Spatiis?
562 1038 592 1086 et
605 1046 659 1088 cur
670 1027 754 1111 digiti
769 1027 809 1090 ab
822 1029 858 1090 iis
870 1028 1005 1092 corrosi?
1025 1028 1106 1092 Vide
1117 1051 1156 1091 en

101 1151 148 1190 oon
160 1133 195 1193 ad
205 1131 395 1215 diligentiam
411 1131 648 1194 etintentionem
657 1135 715 1196 viri
726 1133 823 1219 magis
837 1135 975 1199 referast
991 1149 1155 1218 notumque
1201 1159 1205 1174 ¹

100 1256 237 1316 peream,
254 1238 326 1300 rodi
340 1259 464 1320 ungues.
476 1236 525 1300 An
538 1241 620 1302 etad
635 1241 752 1303 attritos
770 1242 878 1326 digitos
897 1242 937 1304 ab
951 1243 1043 1305 antlia
1058 1243 1156 1306 obiter

98 1344 280 1426 adspectum?
297 1345 455 1427 cogitetur.
466 1341 607 1408 Sidonius
618 1346 699 1409 idem
710 1347 783 1410 alibi
796 1347 919 1431 (Cerne
936 1346 1013 1427 ll.):

281 1511 308 1530 0.
319 1512 358 1530 ...
368 1514 426 1532 ...
438 1480 532 1531 Arroso
546 1477 672 1550 quidquid
681 1479 746 1552 sapit
757 1500 844 1551 ungue
855 1479 998 1534 Cleanthes.

399 1695 735 1763 DISSERTATIO
761 1699 843 1796 llll.

114 1839 172 1897 Atii
182 1841 300 1921 altipuot
312 1838 395 1898 elan·
405 1839 517 1908 stom}
529 1849 560 1898 et
569 1844 737 1921 praesertt'm
751 1841 807 1921 qm·
818 1842 852 1900 in
867 1843 990 1902 Semooe
1004 1841 1133 1924 seraptis.

130 2000 286 2064 dnnrron.
305 2000 394 2064 Alios
407 2000 538 2077 omittis,
558 2001 588 2062 in
605 1999 735 2062 Tebelle
755 2013 786 2063 et
804 1999 907 2064 lndice
923 2002 1038 2085 positos
1054 2004 1159 2087 :juvet

95 2107 210 2170 novisse.
224 2105 378 2190 Smpicule
391 2105 474 2169 enim
487 2106 580 2190 lego,
602 2119 632 2168 et
645 2106 769 2169 nomint
783 2120 965 2170 occurrunt:
982 2126 1081 2189 neque
1094 2129 1158 2171 aevo

96 2227 140 2274 ant
150 2215 225 2276 notis
241 2213 313 2276 aliis
327 2233 449 2297 semper
462 2213 621 2296 distinguo.
635 2210 773 2275 Ltnstue.
787 2211 837 2275 Ad
851 2213 990 2278 laborem
1006 2215 1112 2278 addis:
1134 2216 1160 2278 si

93 2333 200 2400 gratnm
211 2335 339 2395 tamen,
359 2340 525 2401 exsequar,
543 2331 574 2381 et
589 2339 679 2402 spero
694 2319 895 2401 profuturnm.

129 2425 280 2490 massus
296 2437 342 2489 est
356 2445 374 2487 s
390 2425 485 2488 latere
504 2427 644 2508 primun
666 2446 758 2506 quern
777 2425 861 2488 vides
876 2448 893 2489 e
910 2426 1014 2490 schola
1027 2407 1161 2490 Zenonis

93 2531 306 2616 iusseratque
329 2552 425 2616 egos
446 2531 543 2615 patrio
564 2531 656 2594 etium
679 2533 766 2594 eddo.
781 2529 864 2594 Nem
885 2546 916 2594 et
935 2533 1000 2616 ipse
1023 2531 1164 2596 Cittieus.

94 2635 155 2720 Qua
169 2640 200 2702 in
216 2662 252 2703 re
269 2639 342 2701 lusit
360 2639 441 2723 apud
458 2635 637 2699 Athenaeum
650 2635 731 2700 Bion
743 2635 966 2701 Boristhenites
981 2662 988 2696 τ
1004 2641 1056 2721 qui
1069 2660 1162 2704 oons-

92 2761 171 2827 peua
189 2759 291 2810 natus
305 2747 370 2828 ejus
382 2766 485 2818 senes,
508 2743 540 2805 in
558 2765 617 2826 qus
637 2744 833 2828 inscriptum,
856 2759 1003 2807 nsnsnns
1025 2762 1162 2808 znsosrs

93 2869 234 2918 ttrrrtm
252 2881 261 2917 :
279 2879 294 2906 α
306 2849 377 2935 lpse
393 2871 511 2914 errasse
527 2851 706 2935 scriptorem
727 2851 820 2928 dixit,
843 2849 1072 2934 faciendumque
1093 2859 1164 2916 δικι-

91 2965 143 3026 τώς
153 2983 168 3010 2·
182 2982 191 3028 ς
207 2960 294 3040 quod
308 2971 387 3020 esset
405 2957 536 3020 Zenonis
559 2957 700 3020 lentulus.
719 2955 861 3035 Scilicet,
879 2960 960 3040 qnod
974 2959 1006 3020 in
1023 2956 1165 3044 Diogene

91 3075 150 3140 est,
164 3085 238 3127 vere
256 3063 441 3126 famulatum
458 3063 577 3126 Zenoni
594 3065 736 3137 tradunt,
758 3062 914 3144 librosque
928 3063 1121 3148 descripsisse
1137 3079 1167 3127 et
1210 3141 1217 3152 Ι

92 3167 146 3230 alia
158 3171 333 3252 ministeria
347 3170 459 3233 obiisse
476 3194 484 3228 ι
499 3170 554 3232 etsi
568 3183 674 3254 postes
688 3171 727 3232 ad
742 3169 929 3254 Antigonum
939 3191 1044 3254 regem
1055 3171 1164 3247 rediit,

90 3296 107 3334 s
122 3297 181 3356 qno
196 3279 330 3339 donatus
344 3277 463 3339 Zenoni
477 3275 584 3338 luerat.
600 3274 692 3360 Apud
702 3275 794 3337 istum
805 3279 931 3360 (regem
941 3277 1032 3354 dico)
1048 3276 1166 3360 sepien-

32 3439 35 3446 .
89 3381 132 3442 tiae
154 3398 387 3467 persistentem,
410 3395 442 3445 et
457 3381 544 3444 titolo
567 3402 622 3444 sno
637 3382 781 3464 dignum,
806 3381 838 3442 in
857 3382 954 3472 gratia
975 3379 1049 3460 tuit,
1076 3396 1166 3464 etque

90 3491 176 3551 etiam
185 3492 226 3552 nd
238 3511 310 3552 rem
321 3488 442 3551 civilem
453 3469 484 3549 et
493 3487 659 3550 militarem
668 3501 837 3572 promotus.
848 3485 932 3550 Nem
942 3486 1165 3552 Acrocorintho

90 3616 155 3658 enm
169 3596 331 3680 praefecit,
352 3617 370 3658 a
391 3615 454 3676 qno
469 3616 539 3658 eree
558 3591 724 3658 Corinthus
744 3595 830 3678 ipss,
852 3589 916 3657 imo
935 3592 1164 3680 Peloponesus,

91 3699 238 3778 pendebat
254 3721 263 3757 :
284 3698 338 3760 sed
352 3717 461 3779 parum
474 3695 555 3758 felici
570 3696 667 3769 exitu,
679 3717 773 3777 qutun
789 3707 856 3758 astu
864 3693 953 3758 Arati
966 3693 1100 3782 Sicyonii
1114 3717 1166 3759 arx

90 3817 171 3887 captu
187 3805 266 3881 snit,
279 3817 311 3865 et
325 3799 460 3864 Perseus
473 3802 538 3886 ipse
551 3803 682 3884 ejectus,
700 3801 767 3877 rel,
786 3815 819 3863 nt
830 3801 970 3884 quidem,
985 3802 1169 3865 interfectus.

92 3905 231 3991 Ejectmn
238 3907 423 3972 lPutarchns
436 3907 549 3985 refert,
561 3908 612 3990 qui
626 3909 720 3970 etiarn
734 3909 847 3972 dictum
857 3910 923 3992 ejus
935 3922 1042 3993 postea
1054 3922 1169 3984 narrat,

90 4037 154 4080 etun
168 4019 345 4080 disserente
362 4018 505 4098 quodam,
516 4011 649 4077 «Solum
666 4015 833 4098 sapientem
850 4014 924 4077 belli
938 4017 1047 4080 ducem
1064 4037 1144 4078 esse:
1155 4043 1169 4068 ι»

93 4123 215 4204 subjecit
229 4147 237 4183 ι
256 4151 274 4178 α
287 4120 330 4184 Et
344 4121 434 4184 nobis
449 4121 525 4183 olim
538 4119 602 4183 ltaec
618 4121 701 4195 risa,
718 4143 755 4183 ex
768 4119 901 4182 Zenonis
915 4119 1016 4195 scitis;
1032 4123 1085 4184 sed
1099 4144 1173 4183 mn-

91 4231 146 4290 nvi
159 4245 213 4309 ,et
226 4229 350 4313 juvenis
364 4226 524 4314 Sicyonius
536 4226 681 4307 (Aratum
695 4227 847 4312 signabat)
856 4227 944 4290 aliter
957 4249 1008 4290 me
1022 4229 1174 4290 condoce-

91 4331 164 4397 fecit.
177 4364 193 4390 ιι
207 4333 272 4414 (ln
287 4332 419 4410 Arato.)
434 4332 476 4394 At
489 4332 681 4397 intersectum
693 4338 702 4410 ,'
714 4330 879 4396 Pausanias
892 4331 975 4396 clere
993 4355 1000 4393 ι
1017 4360 1033 4388 α
1042 4331 1173 4410 Aratus,
