2926 4958
285 443 348 528 ππ
462 442 494 508 ι.
521 439 686 510 n11>s11
710 437 1162 509 uanonocmoms

284 585 372 664 jecta.
381 611 396 636 n
407 581 500 644 Plane
513 583 579 644 hac
592 604 662 644 cum
668 579 819 646 Cicerone
829 583 1035 654 consentiunt;
1047 602 1086 643 an
1094 579 1205 646 Cicero
1215 582 1280 666 ipse
1288 581 1363 644 alibi

287 691 411 752 seeum?
428 688 511 752 Nam
527 689 649 764 scribit,
666 690 740 752 item
756 711 793 751 cx
810 689 943 752 Zenonis
964 689 1038 752 scito
1059 713 1065 748 :
1086 717 1100 742 «ι
1111 687 1188 770 Quae
1200 709 1258 751 nec
1271 686 1363 750 Bona

286 818 344 859 nec
355 795 440 858 Mala
450 775 541 872 sunt,¹
554 817 590 858 ex
606 795 643 864 iis
653 798 793 878 quadam
809 794 982 859 Secundum
995 807 1134 858 naturam
1148 795 1284 871 dicebat,
1302 793 1364 856 alia

285 917 400 966 natura
417 900 601 980 Contraria,
618 903 678 964 alia
692 901 797 965 Media
813 903 877 966 sive
891 902 1018 966 Neutra.
1033 901 1110 984 Qun
1126 900 1297 964 Secundum
1311 921 1365 962 na-

288 1025 388 1073 turam
400 1057 409 1088 ,
421 1031 457 1072 ea
468 1008 640 1083 Sumenda,
653 1024 683 1072 et
693 1012 824 1091 quadarn
833 1007 1052 1072 ffatimatione
1064 1009 1211 1092 dignanda
1224 1007 1362 1070 dicebat:

288 1130 453 1198 contraque
471 1113 644 1180 Contraria.
665 1115 783 1178 Neutra
802 1127 903 1178 autem
924 1116 956 1177 in
976 1115 1078 1178 medio
1103 1114 1309 1196 relinquebat,
1332 1112 1365 1173 in

289 1222 398 1303 quibus
409 1222 485 1285 nihil
500 1223 633 1307 ponebat
642 1223 800 1285 momenti.
812 1220 889 1304 Quae
900 1236 1000 1286 essent
1013 1220 1165 1284 Sumenda
1178 1267 1186 1298 ,
1203 1243 1238 1283 ex
1253 1220 1290 1282 iis
1303 1219 1367 1281 alia

289 1328 389 1392 Pluris
404 1351 470 1394 esse
484 1328 696 1402 AEstimaudm
713 1330 773 1396 alia
787 1329 928 1393 Minoris.
939 1329 1016 1411 Quae
1026 1327 1141 1402 Pluris,
1153 1350 1189 1391 ea
1199 1325 1368 1411 Proposita

290 1437 489 1520 appellabat:
508 1435 634 1518 Rejecta
654 1451 778 1509 autem,
804 1459 870 1519 quae
892 1435 1062 1499 Minoris.»
1083 1435 1121 1516 (l
1133 1434 1247 1511 dead-l
1267 1434 1303 1495 ln
1317 1433 1370 1495 bis

291 1543 393 1606 verbis
404 1543 518 1606 ultimis
527 1543 630 1628 palam
644 1541 772 1627 Reiecta
788 1543 843 1628 (ea
858 1558 928 1607 sunt
938 1537 1165 1630 Α’ποπροηγμένο)
1192 1544 1369 1628 ponitinter

292 1671 329 1712 ea
348 1672 415 1730 quae
434 1647 608 1713 Secundum
629 1648 801 1727 Naturam,
822 1673 887 1733 quae
911 1649 1082 1730 Sumenda,
1102 1665 1132 1713 et
1150 1649 1366 1728 AEstimauda,

293 1757 350 1818 etsi
364 1756 505 1820 Minoris.
517 1755 704 1846 ljlgoparum
720 1759 785 1822 baec
797 1761 903 1843 capio,
917 1774 948 1822 et
961 1773 1030 1822 sunt
1044 1781 1080 1821 ex
1091 1757 1238 1822 diametro
1249 1759 1369 1842 priori-

293 1863 350 1926 bus
370 1867 496 1927 adversa
515 1879 573 1928 :tu
594 1865 673 1928 vide.
689 1863 803 1929 Fateor
820 1865 934 1948 aliquid
951 1867 983 1928 in
1002 1863 1094 1929 Sexto
1114 1887 1170 1949 pro
1191 1865 1248 1927 bac
1264 1878 1369 1926 mente

293 1971 403 2049 videri,
415 1986 446 2035 ut
459 1971 569 2034 Latina
581 1973 705 2055 quidem
716 1975 817 2036 versio
829 1989 891 2048 est,
909 1995 981 2036 uam
995 1971 1103 2036 Graeca
1119 1973 1179 2036 vidi
1192 1993 1370 2054 numquam.

294 2079 341 2140 lbi
355 2079 412 2141 ista
427 2103 434 2140 ε
450 2107 464 2135 α
477 2077 572 2142 Stoici
583 2101 619 2142 ex
631 2078 875 2144 lndill'ereutibm
885 2081 945 2143 alia
953 2081 1037 2142 aiunt
1049 2086 1207 2164 προηγμένα,
1222 2077 1371 2140 Promota

294 2187 357 2250 sire
372 2185 559 2270 praeposita,
575 2188 634 2249 alia
651 2194 872 2272 ἀποπροηγμένα,
887 2187 1019 2251 Remota
1033 2186 1244 2275 sireRejecta.
1259 2185 1301 2248 Et
1315 2187 1370 2250 illa

294 2315 381 2370 esse,
398 2315 462 2375 qttae
480 2293 678 2358 sufficientem
692 2296 806 2358 habent
821 2296 1017 2380 dignitatem,
1032 2309 1065 2357 ut
1080 2293 1265 2369 Sanitatem,
1280 2289 1374 2354 Divi-

296 2401 361 2462 tias.
379 2400 457 2477 lsta,
473 2397 610 2482 Reiecta,
626 2423 691 2484 quac
706 2422 768 2464 uon
783 2401 898 2464 babent
909 2401 1107 2465 sufficientem
1121 2401 1295 2484 dignitatem
1313 2425 1321 2459 z
1338 2414 1374 2461 ut

295 2508 526 2592 Paupertatem,
547 2507 705 2571 Morbum.
718 2509 837 2572 Neutra
851 2525 953 2574 autem
969 2555 978 2585 ,
997 2523 1036 2574 ut.
1046 2523 1092 2572 est
1104 2507 1275 2570 Extendere
1288 2507 1374 2590 digi-

295 2628 378 2686 tum,
398 2627 450 2676 aut
462 2616 676 2678 contrahere·
696 2614 859 2702 (Pyrrhou.
874 2615 936 2692 lll,
954 2636 1021 2700 cap.
1037 2615 1107 2694 nl.)
1123 2614 1168 2676 lta
1191 2615 1234 2676 ibi
1248 2615 1375 2694 quidem

295 2719 428 2784 Sextus:
447 2743 486 2782 an
505 2723 577 2784 satis
596 2722 797 2800 considerate,
816 2736 867 2785 aut
887 2723 982 2785 vere?
1000 2721 1083 2784 Nam
1097 2721 1122 2784 si
1135 2721 1189 2782 illa
1207 2719 1373 2803 «Rejecta,

296 2849 361 2908 quae
375 2827 551 2910 pauxillam,
561 2841 594 2890 ut
606 2827 753 2907 Stobaeus,
768 2829 973 2914 dignationem
986 2827 1099 2890 habent
1108 2855 1123 2880 ο
1140 2851 1148 2888 ι
1163 2846 1223 2908 quo
1239 2847 1374 2888 numero

297 2932 390 2996 Sexto
405 2948 451 2997 est
463 2933 583 3011 Dolor,
611 2935 742 2999 Morbus
765 2961 772 2998 ε
794 2937 866 3018 quid
883 2937 974 3021 igitur
993 2957 1057 3017 quae
1073 2935 1145 2998 Non
1167 2933 1376 3018 dignationem

298 3041 434 3106 habent?
450 3065 517 3124 quae
528 3042 598 3120 illa,
615 3057 668 3106 aut
682 3066 742 3126 quo
758 3044 850 3118 loco,
873 3063 933 3124 qno
946 3043 1034 3106 titulo
1048 3041 1154 3104 eruut?
1175 3039 1258 3102 Nam
1271 3037 1377 3101 Dolor

300 3164 331 3213 et
347 3149 477 3217 Morbus
493 3165 574 3214 certe
594 3165 663 3214 sunt
684 3153 761 3230 ista,
787 3165 818 3214 et
838 3149 954 3218 Contra
973 3163 1114 3213 naturam
1136 3163 1167 3212 et
1186 3146 1377 3231 Rejicienda.

299 3257 406 3340 ltaque
420 3257 523 3336 aliter,
534 3273 565 3320 et
579 3260 679 3322 verius
689 3259 763 3322 alibi
777 3261 859 3322 idem
873 3257 998 3331 Sextum
1017 3255 1195 3340 «Praecipua
1209 3277 1294 3333 esse,
1308 3277 1377 3335 quse

301 3366 372 3429 satis
385 3364 499 3427 babent
515 3365 664 3449 dignitatis
684 3390 692 3428 t
708 3365 858 3448 Reiecit,
875 3389 941 3448 quae
955 3365 1027 3430 satis
1040 3363 1251 3448 indignitatis.»
1273 3360 1377 3441 (Λᾶν.

303 3461 471 3550 Mathem.)
493 3471 536 3534 Et
557 3473 605 3534 vir
627 3473 772 3557 ambigo,
793 3475 824 3536 in
844 3474 948 3558 priore
968 3473 1032 3555 ejus
1052 3471 1121 3535 loco
1144 3471 1175 3532 in
1196 3467 1312 3532 Graccis
1334 3469 1378 3530 ita

303 3581 393 3642 luisse
413 3605 421 3641 :
437 3585 533 3648 πολλὴν
545 3587 641 3664 ἀξίου,
657 3597 688 3644 et
702 3588 796 3648 πολλὴν
806 3587 914 3665 ἀναξίαν
928 3605 935 3641 :
950 3596 1002 3642 aut
1011 3581 1133 3662 quidem
1144 3600 1209 3642 esse
1225 3577 1379 3640 debuisse.

303 3687 353 3748 De
369 3687 520 3752 Cicerone
537 3689 644 3773 igitur,
663 3712 701 3752 ne
718 3691 804 3768 aliis,
826 3713 865 3752 ne
879 3690 959 3767 sibi,
981 3711 1020 3752 ne
1036 3707 1108 3751 vcro
1121 3698 1249 3771 pugnet,
1268 3685 1379 3748 riden-

304 3797 395 3872 dum,
418 3818 520 3858 annon
536 3811 567 3859 et
578 3799 605 3859 is
621 3798 706 3861 loeus
722 3799 847 3860 vitiosus
861 3811 913 3860 aut
926 3795 1028 3880 potius
1037 3795 1179 3871 mutilus,
1202 3794 1286 3856 etad
1300 3792 1381 3855 banc

304 3904 483 3966 seutentiam
499 3904 720 3968 reformandus.
734 3903 803 3990 Ego
820 3907 940 3990 opinor.
954 3901 1017 3966 Sed
1030 3923 1095 3984 quae
1109 3915 1154 3964 est
1168 3900 1218 3964 bic
1232 3893 1314 3980 Α’ξίοι,
1327 3899 1380 3960 rel

305 4003 417 4092 longia?
452 4007 592 4076 Laertius
616 4012 776 4096 dupliciter
798 4012 903 4074 definit
930 4033 936 4069 :
962 4025 992 4072 et
1012 4009 1162 4093 posterior
1185 4005 1275 4068 uobis
1299 4019 1380 4088 apta.

305 4111 383 4198 Ᾰξὶοιν
400 4120 464 4181 εἶναι
487 4124 566 4198 pium
580 4148 638 4182 τινα
658 4124 765 4202 δύναμιν
783 4125 797 4186 ἦ
819 4131 931 4205 χρείαν,
951 4123 1156 4201 σομὸοιλλιμίνηιι
1171 4119 1235 4198 πρὸς
1253 4117 1379 4176 cissami

305 4232 379 4304 pleis
393 4231 463 4286 dios:
474 4252 489 4278 ο
498 4223 760 4302 AEstimntionem,
770 4249 835 4288 esse
848 4227 977 4289 mediam
991 4226 1151 4307 quarendum
1165 4219 1339 4284 facultatem
1351 4232 1379 4278 et

304 4353 413 4409 usum,
433 4329 638 4396 conferentem
656 4347 706 4394 aut
715 4335 946 4395 convenientem
956 4335 994 4394 ad
1010 4333 1100 4393 vitam
1117 4331 1280 4392 secuudum
1298 4341 1382 4390 natu-
