2902 4958
301 445 363 526 eda
727 443 793 512 DE
831 444 926 512 lllA

296 597 366 664 que
383 571 658 664 filiorumpatri,
676 573 776 640 unius
790 573 1159 665 vacationempetenti,
1176 596 1278 664 quem
1290 573 1359 642 vel·
1438 558 1439 571 ¹

296 689 367 770 let,
388 689 516 782 eligere
537 690 717 782 permisit,
739 688 864 758 deinde
888 715 990 782 quens
1011 691 1181 784 elegerat,
1201 693 1360 784 inpastus

297 803 382 874 duas
409 804 607 872 distractum
630 805 674 872 ab
696 821 843 896 utroque
866 807 930 875 viae
956 805 1061 874 latere
1087 808 1220 900 posuit,
1242 823 1279 874 et
1302 809 1362 876 lsac

297 919 434 988 victima
450 917 605 1006 lustravit
621 920 819 986 exercitum.
839 920 967 988 Habuit
980 921 1113 1012 itaque¹
1131 943 1235 1011 quem
1245 919 1361 990 debuit

299 1038 424 1136 eaitum
441 1063 448 1100 :
463 1037 591 1117 victus,
613 1050 648 1104 et
664 1035 730 1104 late
751 1036 920 1130 longeque
937 1036 1066 1119 frssue',
1087 1061 1127 1106 oc
1141 1053 1281 1106 stratam
1293 1039 1361 1106 nlti-

296 1152 517 1244 quercinum
535 1173 632 1218 suam
649 1175 815 1233 cernens,
837 1151 970 1222 medius
992 1153 1083 1223 inter
1104 1177 1242 1222 suorum
1263 1153 1360 1222 ouda·

282 1275 379 1338 'veru
401 1270 552 1338 incessit.
577 1271 659 1336 Haec
678 1267 832 1336 barbaris
856 1268 1133 1362 regibusferitas
1152 1271 1189 1338 in
1206 1273 1258 1340 ira
1277 1271 1358 1352 fuit,

298 1408 384 1476 quus
406 1384 500 1452 nulla
525 1382 693 1465 eruditio,
715 1384 830 1454 nullus
852 1386 1028 1454 literanum
1045 1386 1157 1456 uduo
1177 1386 1358 1456 imbuerat!

259 1546 274 1577 a
297 1492 420 1572 Dabo³
438 1501 499 1568 tibi
515 1525 556 1568 ex
577 1499 770 1570 Aristotelis
791 1502 869 1568 sinu
892 1525 1008 1594 regem
1032 1501 1283 1585 Alexandrum,
1306 1505 1361 1595 qui

273 1623 276 1628 ’
298 1620 425 1689 Clitum
447 1619 657 1688 carissimum
680 1617 745 1685 eibi
767 1634 804 1688 et
827 1643 895 1688 une
912 1617 1120 1701 educatum,
1138 1621 1229 1688 inter
1250 1622 1362 1715 epulas

300 1733 500 1818 transfodit,
524 1749 558 1802 et
575 1757 679 1803 manu
697 1733 837 1826 quidem
855 1759 938 1816 stra,
960 1759 1084 1828 parum·
1096 1735 1313 1819 adulantem,
1332 1753 1363 1804 et

295 1851 397 1944 pigne
424 1875 465 1918 es
493 1849 679 1922 Macedone
703 1875 749 1920 ao
770 1851 880 1919 libero
906 1851 942 1919 in
971 1853 1143 1922 Persicam
1170 1854 1363 1922 servitutem

258 1981 273 2032 t
299 1977 541 2032 transeuntem.
558 1967 643 2032 Nom
660 1964 899 2056 Lysimachum
911 1959 938 2047 ⁴,
956 1988 1053 2056 aeque
1067 1964 1268 2036 familiarem
1280 1967 1360 2046 sibi,

295 2079 388 2148 leoni
407 2079 543 2172 objecit.
564 2078 739 2171 Numquid
756 2103 840 2174 ergo
865 2081 923 2150 hic
945 2081 1183 2173 Lysimachus,
1206 2082 1364 2150 felicitate

296 2197 444 2290 quedmn
458 2195 618 2265 dentibus
631 2197 738 2266 leonis
752 2197 898 2290 clapsus,
912 2197 957 2266 ob
969 2198 1034 2266 hoc
1045 2225 1152 2292 quum
1162 2201 1239 2292 ipse
1249 2225 1364 2294 regna·

296 2309 1363 2406 ret,mitiorfuithsmTelesphorum⁵Rlsodiumnmicumsusan

295 2429 449 2522 undique
466 2428 698 2511 decurtatum,
715 2453 821 2520 quum
831 2453 931 2498 auree
942 2431 992 2500 illi
1006 2433 1365 2528 usumqueobscidis·

334 2665 808 2735 1.Habuirtsapoe.ttex,nons1erci·
857 2665 932 2719 chum
944 2668 976 2719 ab
990 2668 1134 2724 Alexandro
1153 2670 1224 2724 leoni
1239 2670 1366 2742 objectum

297 2758 345 2808 tus,
354 2743 443 2797 habuit
455 2743 571 2797 eamdem
583 2757 685 2807 sortem,
696 2761 753 2814 que
763 2741 808 2794 sui·
856 2765 923 2812 csse,
939 2761 1025 2821 negat¹
1035 2748 1068 2816 Q.
1088 2747 1204 2813 Curtius,
1221 2749 1268 2801 lib,
1289 2751 1365 2810 Vlll,

297 2823 401 2876 serrimo
420 2823 484 2897 patri
503 2821 646 2885 acciderat,
671 2821 741 2892 cujus
759 2819 807 2872 lilii
856 2842 924 2898 capp.
943 2844 969 2888 t,
987 2825 1092 2893 swrbi
1104 2826 1156 2878 vid
1171 2827 1254 2898 intpp.
1269 2825 1367 2878 Plinius

296 2900 807 3048 tutaremus,
851 2901 1160 3056 :stultu
1173 2903 1367 3052 tutte

297 3055 427 3128 mopylss,
440 3055 588 3118 Salamina,
602 3053 738 3118 Plateam,
750 3054 807 3127 llly-
856 3080 871 3112 a
884 3061 988 3115 Seneca
1000 3075 1070 3134 parts
1079 3073 1156 3115 stant
1169 3060 1210 3112 cf.
1223 3073 1250 3112 ct
1262 3061 1368 3112 Nostra-

300 3136 370 3188 calcn
381 3157 387 3196 ;
399 3154 455 3204 qurc
467 3133 629 3186 celeberrima
639 3133 746 3185 nomina
766 3131 808 3184 ltic
857 3154 907 3192 nm
925 3140 1119 3194 Sama-cmix
1137 3141 1166 3193 in
1180 3139 1370 3192 ¹lit„.13,f..2n

300 3216 425 3290 scripsisse
437 3215 496 3267 satis
507 3228 551 3267 cst.
857 3221 964 3287 entique
973 3221 1021 3272 des
1030 3219 1169 3272 historiast
1175 3219 1368 3272 d'Almssdre.

334 3293 357 3344 3.
365 3294 453 3346 Dedo.
463 3292 547 3344 Verbo
557 3304 655 3342 tantam
665 3311 809 3355 monemus,
858 3285 921 3339 lioec
931 3305 991 3338 vero
1000 3305 1160 3356 sequensque
1171 3285 1295 3348 laistoria,
1311 3283 1370 3337 Plu·

303 3370 462 3425 Aristotelem
483 3371 529 3423 iras
553 3368 711 3422 defensorem
731 3369 775 3422 lsic
795 3389 809 3421 a
857 3360 943 3414 tarcbo
954 3361 1055 3422 inlibto
1066 3363 1098 3416 dc
1107 3363 1202 3418 Exsilio
1210 3375 1372 3436 nouprreter·

302 3451 395 3502 Nostro
404 3446 489 3518 tangi;
502 3445 675 3498 Alexandrum
686 3458 769 3498 sutem
781 3449 809 3497 in
858 3443 949 3508 missa,
960 3441 993 3496 ab
1003 3443 1165 3516 Hieronymo
1178 3442 1309 3496 Cardiano
1318 3461 1370 3514 pro·

303 3525 442 3578 Aristotelis
451 3527 511 3576 sinu
521 3561 528 3586 ,
540 3524 560 3576 is
570 3541 591 3574 e.
605 3523 775 3576 familiaritate
786 3537 811 3577 et
858 3524 928 3575 fecte
937 3543 988 3575 csse
995 3523 1131 3587 videntur,
1145 3541 1222 3594 quem
1230 3521 1337 3592 quidem
1345 3519 1371 3572 in

301 3601 451 3673 disciplina,
470 3601 545 3653 fnisse
557 3614 661 3654 constat
677 3600 762 3652 Etiam
780 3600 811 3653 dc
860 3599 965 3654 lsistoris
975 3617 1148 3654 mercatorum
1157 3598 1299 3662 Alexandri
1315 3618 1372 3652 eon·

290 3681 372 3732 ¹Clito
390 3680 479 3732 omnia
498 3693 559 3732 uota
584 3697 636 3731 esse
660 3691 764 3752 possunt
783 3700 813 3731 cs
859 3677 992 3730 scribenda
1008 3678 1181 3732 accusationes
1205 3677 1234 3730 in
1251 3677 1372 3750 Lysima-

303 3758 501 3822 Curtio‚Vll·l,
517 3775 546 3823 s,
563 3757 595 3810 sl.
860 3757 954 3821 cltum,
969 3769 1057 3810 contra
1070 3775 1147 3828 quem
1159 3772 1212 3810 una
1230 3775 1289 3810 uam
1308 3755 1374 3810 Plri-

336 3837 360 3902 4.
377 3837 450 3888 Nom
468 3837 661 3909 Lysimelm
687 3839 722 3888 rt
748 3856 812 3888 nom
859 3837 930 3910 lippo
956 3835 1093 3901 unoculo,
1115 3855 1174 3908 rege
1200 3833 1372 3888 Macedonum

304 3915 413 3967 involvit
439 3933 504 3989 steps
531 3916 665 3989 periodum
693 3915 811 3967 omissam
860 3909 1371 3988 pagnavsrat(Lucian.Vill,ssoBip)

304 3995 315 4060 (
327 3994 438 4066 exempla
449 3995 492 4048 dat
502 3995 633 4047 Manutius
641 3994 674 4047 sd
687 3995 738 4046 Cic.
749 3995 812 4067 Epp.
861 3991 1034 4046 accumulasse
1041 3991 1119 4045 tradit
1128 3989 1282 4052 Pausanias,
1293 3988 1339 4040 lib.
1349 3987 1372 4050 l,

304 4070 336 4123 ad
345 4071 445 4123 Divers.
455 4075 506 4136 111,
522 4094 546 4124 ιι
558 4076 582 4139 );
594 4073 665 4144 quasi
676 4072 813 4125 diceretur:
863 4089 915 4142 cap.
924 4089 950 4142 9,
959 4091 985 4144 p.
995 4069 1036 4122 35.

305 4169 358 4202 non
372 4163 452 4202 uuuus
466 4151 563 4204 Clitum
577 4150 711 4204 crudeliter
725 4150 814 4203 mule-
895 4149 919 4199 5.
938 4147 1013 4199 Nom
1029 4145 1222 4216 Telespltomm
1239 4144 1373 4216 Perpetem

304 4224 384 4288 tavit,
403 4247 526 4282 nens....·..
548 4229 672 4284 Ceterum
692 4228 813 4301 Lysinia·
862 4223 957 4298 placuit
980 4223 1114 4278 nonnullis
1139 4219 1295 4316 emendari:
1317 4220 1374 4272 Non
