2910 4954
327 453 482 520 LIBER
509 451 566 531 ΙΙ,
594 450 711 518 CAP.
737 451 900 518 XXXV.
1086 450 1151 528 ι103

80 583 169 648 terni
196 578 266 648 odii
285 585 292 614 ¹
323 581 411 648 fieri.
443 581 674 673 Cogitemus²‚
696 579 829 670 quotics
848 576 893 646 ed
909 575 1152 669 ignoscendum
1178 589 1192 654 4

80 699 241 768 difficiles
258 700 404 781 erimus,
426 723 470 766 an
494 696 652 790 expediat
670 721 786 766 omnes
807 696 907 765 nobis
928 695 1154 790 inexorabiles

81 841 168 883 csse.
182 816 298 906 Quom
313 837 400 906 saepe
413 814 560 896 reniam,
578 813 637 911 qui
654 814 812 905 nemit,
828 812 915 906 petit
929 815 1052 906 P‘quam
1066 835 1154 904 saepe

81 928 229 1020 pedihus
241 927 315 1018 ejus
328 925 507 996 advolutus
519 941 590 1008 est,
607 949 709 1018 quem
720 950 740 994 a
753 927 822 994 suis
831 925 959 1019 repulit
971 927 985 992 l
996 922 1093 1017 Quid
1106 939 1156 992 est

82 1045 288 1137 gloriosius,
312 1067 415 1135 quem
437 1044 523 1110 iram
544 1043 694 1122 amicitis
713 1043 873 1110 mutare?
890 1042 987 1134 Quos
1006 1041 1156 1133 Populus

81 1165 255 1228 Romanus
271 1157 443 1228 fideliores
460 1158 565 1226 hsbet
579 1159 709 1241 socios,
727 1183 829 1250 quam
843 1183 928 1251 quos
945 1157 1066 1228 hebuit
1077 1180 1157 1248 per-

82 1263 331 1344 tinacissimos³
351 1275 491 1342 hostes?
512 1272 615 1365 Quod
631 1273 734 1342 hodie
755 1289 844 1344 esset
860 1275 1067 1368 imperium,
1090 1272 1156 1340 nisi

82 1393 231 1460 salubris
264 1389 479 1485 providentia
511 1392 617 1460 victos
653 1392 905 1484 permiscuisset
932 1388 1154 1460 victoribus?

81 1511 255 1576 Irascetur
281 1508 430 1600 aliquis?
458 1521 495 1575 tu
522 1521 640 1576 contra
663 1507 840 1576 beneficiis
868 1487 1026 1599 provoca.
1059 1501 1197 1574 Codits

82 1626 200 1692 statim
223 1624 399 1706 simultas,
424 1623 468 1692 ab
490 1623 598 1692 alters
618 1638 717 1716 porte
741 1621 877 1712 deserte
898 1649 905 1689 :
924 1624 992 1692 nisi
1005 1622 1156 1716 puriter,

83 1763 155 1808 non
166 1745 324 1832 pugnant
334 1734 361 1806 ⁴.
382 1740 418 1808 Si
437 1741 599 1830 utrinque
614 1737 826 1820 certabitur,
842 1739 895 1805 irs
916 1737 1131 1826 concurritur
1148 1762 1156 1801 ε

83 1857 144 1924 ille
163 1872 217 1924 est
235 1857 378 1937 melior,
401 1857 460 1947 qni
481 1857 577 1947 prior
593 1853 716 1948 pedem
736 1854 856 1922 retulit
877 1882 886 1939 ς
905 1855 1015 1922 victus
1032 1853 1158 1943 estqui

83 1975 180 2042 sicit.
208 1973 380 2041 Percussit
401 1975 464 2040 te?
482 1970 627 2056 recede3
652 1969 848 2039 referiendo
870 1971 987 2054 enim,
1009 1987 1044 2038 et
1062 1995 1160 2040 occs-

84 2093 216 2160 sionem
235 2091 357 2182 stepius
376 2087 523 2157 feriendi
542 2087 661 2172 dabis,
682 2103 717 2156 et
732 2089 979 2156 excusationem
995 2115 1003 2153 ε
1019 2109 1088 2155 non
1100 2112 1162 2180 po-

86 2206 170 2272 teris
192 2204 333 2287 revelli,
355 2228 460 2295 quum
477 2203 583 2272 voles.
608 2203 785 2294 Numquid
798 2203 882 2273 velit
893 2205 1073 2296 qnisquam
1094 2220 1161 2284 tem

87 2321 239 2412 graviter
252 2320 384 2386 hostem
400 2319 526 2400 ferire,
541 2333 581 2384 ut
593 2317 765 2409 relinquat
776 2341 914 2386 menum
926 2313 938 2356 ⁵
953 2319 990 2386 in
1003 2319 1159 2400 vulnere,

87 2450 120 2499 et
134 2457 171 2500 se
182 2432 227 2498 ab
240 2433 310 2500 ictu
321 2455 482 2500 revocare
498 2439 568 2500 non
578 2431 708 2523 possit?
720 2433 815 2524 etqui
827 2433 893 2502 tale
907 2434 959 2501 irs
973 2407 1076 2502 telum
1091 2447 1160 2517 cst3

88 2548 143 2613 vix
162 2546 364 2614 retrahitur.

99 2713 104 2720 -
138 2665 290 2732 XXXV.
319 2663 423 2731 Arme
446 2661 546 2731 nohis
566 2661 723 2755 expedito
741 2664 987 2757 prospicimus,
1013 2662 1162 2756 gladium
1193 2698 1201 2730 ι

89 2777 303 2846 commodum
319 2793 355 2844 et
369 2775 521 2846 habilem
538 2804 546 2844 ι
566 2803 635 2847 non
651 2779 830 2846 vitabimus
848 2772 1020 2871 fiimpetus
1036 2778 1161 2860 enimi,

93 2981 263 3033 teredentihus
278 2981 370 3053 optime
387 2981 519 3052 conjuncta
536 2992 601 3032 snut
686 2982 708 3048 4.
734 2982 799 3034 Nisi
818 2988 938 3052 pariter,
963 3005 1015 3036 non
1030 2995 1166 3054 puguant:

129 3079 149 3110 ι.
162 3055 305 3110 Hoeredem
319 3057 424 3126 paterni
434 3057 497 3109 odii.
513 3055 601 3128 Neque
654 3057 718 3110 bene
731 3059 846 3112 Gronov.
863 3082 876 3113 e
893 3061 967 3114 codd.
979 3061 1093 3115 restituit.
1105 3063 1168 3114 Mos

93 3137 162 3188 enisu
176 3135 230 3189 ulls
243 3155 323 3209 gens,
337 3134 386 3190 nisi
397 3133 502 3190 hubam
514 3133 608 3188 etcnl-
656 3136 756 3190 reddidi
785 3135 919 3190 lectionem
954 3139 1083 3210 antiquom
1106 3157 1113 3191 ε
1135 3136 1169 3191 Si

93 3229 134 3266 tus
145 3229 169 3266 et
181 3216 233 3266 lsie
249 3213 336 3285 legum
353 3213 443 3284 ignare
460 3211 510 3264 hcc
521 3212 550 3264 in
560 3231 608 3263 utu
655 3217 933 3286 utrinquecertabitur,
947 3221 990 3269 im
1003 3220 1169 3271 wncunitur.

94 3291 199 3344 babuit:
212 3290 298 3363 quales
310 3291 381 3342 luere
391 3288 453 3341 olim
464 3289 608 3343 Germanis!
658 3295 739 3346 Antea
750 3312 758 3346 :
769 3292 803 3346 Si
813 3297 934 3366 utrinque
945 3315 1044 3348 concrm
1049 3299 1109 3348 itur.

94 3367 199 3438 quidm
217 3365 323 3440 populi,
344 3379 368 3418 et
380 3378 467 3438 poetes
485 3364 609 3421 Amerina
678 3367 715 3424 ’5.
728 3373 873 3442 Relinquat
884 3391 995 3426 monum
1012 3375 1041 3423 in
1055 3373 1168 3430 vulnere.

96 3459 183 3516 gentes
194 3443 278 3496 minus
292 3441 375 3496 cultis.
659 3447 693 3499 Ut
703 3447 845 3500 sculeolum
859 3467 933 3501 suum
952 3467 1009 3521 apes
1019 3483 1026 3512 ,
1038 3466 1096 3500 cum
1110 3447 1170 3498 vita.

131 3543 155 3574 s.
178 3521 333 3592 cogitantis.
345 3522 500 3594 Exemplum
518 3520 611 3573 crude-
692 3525 798 3576 XXXV.
812 3528 881 3578 Atto.
900 3526 1019 3599 Inprimis
1037 3544 1125 3588 cures,
1144 3535 1173 3575 ut

98 3601 173 3652 litatis
183 3600 297 3673 Syllano
313 3611 524 3652 commemoretur
535 3611 560 3651 et
570 3617 610 3670 sp·
659 3603 749 3656 inciens
767 3616 894 3658 externam
908 3618 934 3656 et
945 3605 1071 3658 internam
1089 3603 1172 3657 irato-

98 3678 200 3730 Ssllust.
209 3678 314 3731 Getiliu.
321 3675 411 3750 σιμὴ
424 3675 611 3741 ‚Velll'sterc
661 3702 717 3734 rom
735 3682 864 3736 intuearis.
876 3683 916 3735 Cl.
929 3682 974 3735 lib.
988 3683 1017 3746 Ι,
1030 3701 1083 3754 cap.
1100 3701 1121 3735 ι.

99 3754 195 3822 lib.ll,
214 3775 266 3828 esp.
279 3756 319 3807 28.
332 3753 460 3808 Plutarch.
473 3754 539 3827 Syll.
557 3771 611 3827 esp·
694 3759 718 3813 6.
745 3760 807 3812 Non
831 3760 985 3814 vitabimus.
1010 3759 1082 3812 Sicut
1102 3777 1174 3812 arms

100 3829 129 3882 3¹
141 3832 268 3901 23323&
277 3833 520 3884 *iffltiittsimtt
530 3833 613 3900 isitii,
661 3838 735 3891 nobis
749 3837 924 3911 prospicienda
938 3851 997 3892 sunt
1014 3836 1126 3910 expedite
1141 3835 1172 3890 sd

101 3914 148 3960 ὧ
167 3913 210 3978 th?
229 3911 434 3980 *ΡηΙῚμΗΙῙΜ
453 3913 551 3978 sitim
574 3913 610 3964 tui
662 3920 769 3990 impetus
787 3915 889 3969 hostiles
905 3915 1044 3980 eruendos,
1057 3915 1093 3968 sic
1104 3931 1173 3967 rma

99 3989 167 4048 νῖθῧς
177 3991 213 4040 ”i
224 3987 330 4050 vivtt'it·
662 3992 806 4065 apparendo
817 4006 876 4046 sunt
886 3993 917 4044 sd
928 3994 1034 4066 impetus
1045 3990 1123 4046 animi
1132 4009 1174 4042 re-

137 4063 161 4114 3.
180 4065 413 4122 Pertinacissimos.
425 4068 467 4119 lte
476 4067 570 4120 hstinis
590 4082 614 4120 et
663 4070 801 4144 pellendos.
810 4072 921 4134 Moneo,
938 4091 970 4123 ne
986 4083 1058 4144 putes
1069 4069 1134 4122 mele
1148 4071 1175 4118 eb

103 4143 255 4196 Samnitilsus
279 4145 399 4218 cogimur
424 4144 530 4198 videon.
553 4144 612 4196 Vid.
663 4149 808 4202 vitabimm
827 4147 976 4222 respondere
996 4171 1027 4217 τῳ
1043 4148 1177 4218 prospici-

104 4221 157 4268 'l'sr
175 4224 241 4276 Ano.
255 4224 304 4286 Xl,
320 4225 366 4288 ni,
379 4224 409 4276 de
421 4223 614 4295 Transpsdsnis.
665 4244 739 4288 mut,
755 4225 821 4294 quod
835 4226 976 4298 proximum
986 4239 1030 4278 cst.
