2930 4956
262 472 329 540 AD
355 469 528 540 STOIC.
555 467 765 538 PH-ILOS.
793 467 890 536 LIB.
918 468 943 534 1.
1095 469 1141 554 lxj

130 611 317 689 Postuoutus,
340 612 503 696 discipulus
522 610 653 693 prioris,
681 624 713 671 nt
731 610 791 672 dixi
810 637 818 684 ι
839 609 983 694 Apameoe
1005 612 1036 672 in
1054 597 1143 696 Syria

101 732 174 782 mtto.
188 719 269 782 Alius
284 721 325 782 ab
341 721 398 780 isto
416 731 483 794 est,
510 719 583 780 item
603 715 723 780 Stoicus
743 718 870 798 (dequo
881 714 1070 798 etSuidas),
1091 720 1144 801 qni

101 824 290 888 Alexandrinus
310 824 445 910 Diogeni
460 823 671 908 agnominatur
692 846 699 880 ι
720 843 785 885 sevo
799 823 999 900 anteriorfet
1011 824 1144 888 Zenonis

100 929 311 1012 ipsimanditor.
334 929 396 994 Sed
416 931 466 994 hic
489 943 594 993 nomer
615 927 769 1006 nobilior,
793 942 824 991 et
842 926 965 992 Seneeae
984 930 1141 994 laudatus:

101 1033 294 1116 aPosidonins,
305 1051 339 1100 ut
352 1057 423 1100 mea
433 1037 493 1100 lert
507 1034 630 1120 opinio,
642 1055 719 1096 unus
734 1057 771 1098 ex
782 1035 819 1096 iis
834 1035 886 1117 qui
896 1035 1061 1118 plurimum
1072 1039 1143 1121 phi-

97 1141 215 1226 losophiae
227 1143 419 1206 contulerint
429 1169 444 1198 ι
458 1140 572 1224 (Epist.
581 1140 671 1224 xci.);
684 1137 828 1204 Ciceroni
838 1163 846 1199 ι
857 1139 948 1203 «Vidi
957 1141 988 1204 in
1004 1145 1144 1228 podagrae

97 1247 183 1312 dolore
199 1249 245 1312 rel
265 1250 405 1313 omniunt
427 1247 596 1311 maximnm
615 1245 789 1310 Stoicorum
809 1245 1046 1311 Posidonium.»
1073 1250 1144 1334 (Ex

97 1351 197 1439 Pragm-
206 1355 276 1420 libri
286 1358 326 1420 de
336 1353 563 1438 Philosophia.)
573 1351 688 1436 Quidni
698 1353 817 1416 landet?
830 1353 911 1416 iuter
924 1356 1063 1420 doctores
1073 1379 1144 1422 erm

96 1457 483 1546 hbur‚ettuodi0peram
493 1459 584 1523 dedit.
593 1458 678 1520 Nom
689 1443 764 1521 inibi
775 1459 1143 1550 rixitplurimum,remp.

95 1567 170 1639 rexit,
183 1567 360 1649 scholasque
369 1565 494 1640 habuit,
507 1566 564 1630 etsi
576 1565 651 1628 alibi
659 1569 767 1650 natus,
786 1563 897 1628 Strabo
911 1591 919 1627 ι
942 1567 1145 1638 «Posidonius

94 1668 179 1735 Rhodi
190 1695 285 1759 remp.
299 1673 539 1746 administravit,
556 1687 586 1735 et
595 1670 756 1756 Sapientiae
769 1673 865 1736 studia
875 1675 995 1753 docuit,
1011 1678 1041 1739 in
1052 1676 1146 1765 Syrias

92 1789 177 1840 tanen
192 1777 332 1864 Αριιιιιιι
346 1792 444 1842 naun.
457 1807 472 1833 ιι
488 1776 704 1859 (Lih.x1v;)
727 1778 813 1842 ldem
832 1779 944 1843 vixisse
962 1783 1041 1848 cirea
1058 1807 1145 1850 suum

93 1903 171 1946 arrum
184 1886 330 1958 ostendit,
342 1885 503 1968 laudatque
518 1911 525 1946 ι
544 1913 560 1940 ιι
572 1884 632 1946 Vir
640 1883 893 1969 philosophorum
901 1890 997 1950 nostri
1007 1893 1062 1952 seri
1074 1894 1146 1977 pln-

93 1988 209 2052 rihiiam
223 1991 424 2054 doctissimus.
436 2016 453 2044 ιι
466 1987 555 2068 (Lib.
568 1987 676 2068 xvt.)
685 1989 801 2053 Narrat
815 1989 927 2055 Cicero
939 1991 994 2072 (ll
1014 1993 1145 2078 Tmo),

93 2200 191 2267 flexisse
203 2203 351 2267 Rhodum
373 2203 476 2286 (addit
489 2200 621 2280 Plinius,
642 2201 808 2281 Lib.V11,
824 2223 891 2288 cap.
911 2204 971 2285 30,
994 2235 1010 2261 ιι
1032 2214 1148 2292 percuti

94 2309 123 2370 de
139 2331 220 2374 more
239 2311 327 2374 fores
338 2330 367 2372 .a
390 2310 500 2373 lictore
517 2310 666 2385 vetuisse,
697 2322 728 2371 et
745 2307 842 2372 fasces
859 2314 957 2394 januis
977 2315 1150 2385 submisisse

93 2437 152 2477 eum
162 2419 227 2491 ,nri
237 2439 272 2482 se
287 2415 405 2480 Oriens
417 2413 628 2498 Oocidensque
640 2414 820 2478 submiserat
834 2421 872 2497 »)
884 2441 893 2478 ι
908 2418 1061 2486 deflexisse
1073 2471 1082 2503 ,
1101 2427 1152 2489 in-

91 2542 189 2600 quam,
214 2522 364 2586 Rhodum
389 2534 442 2584 :et
459 2543 552 2604 quum
578 2520 833 2600 decumbentem,
861 2525 994 2607 graviter
1016 2533 1151 2616 podagra

91 2645 208 2710 vum,
224 2628 417 2713 reperisset,
437 2626 571 2690 doluisse
588 2628 669 2708 qnod
679 2628 784 2690 andire
798 2649 869 2692 enm
883 2651 945 2692 non
959 2648 1070 2716 posset.
1090 2635 1152 2700 Sed

90 2729 273 2798 Posidonium
293 2755 359 2798 non
376 2733 502 2811 tulisse,
520 2747 554 2796 ut
571 2732 682 2796 frustra
702 2746 802 2796 tantus
819 2735 868 2798 rir
882 2737 1030 2818 venisset,
1052 2741 1151 2826 itaque
1190 2809 1193 2818 ,

91 2839 205 2921 dixisse,
219 2864 292 2908 cum
306 2841 414 2906 dolore
430 2839 642 2924 interpellante
657 2853 858 2924 pugnantem,
872 2856 902 2906 et
914 2843 1040 2910 subinde
1051 2851 1153 2912 excla-

91 2967 233 3016 mantem:
253 2983 270 3010 ιι
282 2952 374 3017 Nihil
387 2952 471 3038 agis,
491 2952 600 3029 dolor,
617 2951 755 3034 quamvis
769 2953 810 3015 sis
822 2954 968 3018 molestus
976 2947 1154 3044 ,luunquam

89 3060 288 3126 wnfirebom
301 3060 420 3124 mlum
431 3080 506 3124 esse.
528 3087 543 3114 ιι
560 3056 635 3122 Haec
649 3058 754 3144 magni
767 3072 797 3122 et
810 3061 895 3124 stoici
909 3065 1003 3126 animi
1014 3111 1023 3142 ,
1036 3068 1154 3133 diversa

91 3165 125 3228 ab
135 3169 170 3232 iis
180 3192 246 3252 qm
262 3171 298 3234 in
311 3166 498 3253 Fragmento
510 3168 647 3249 ejusdem
659 3163 819 3230 Ciceronis
832 3169 906 3232 alibi
923 3195 930 3230 ι
949 3199 964 3226 ιι
972 3170 1045 3235 Vidi
1056 3175 1087 3237 in
1098 3179 1157 3240 do-

89 3274 148 3337 lore
165 3279 311 3361 podagre
330 3274 379 3336 vel
399 3274 539 3336 omnium
557 3274 724 3336 maximum
744 3271 918 3338 Stoicorum
936 3273 1154 3357 Posidonium,

89 3379 177 3444 nihilo
195 3384 323 3468 ipsum,
345 3401 437 3463 qsram
458 3377 682 3444 Nicomachum
706 3376 835 3463 Tyrium
860 3380 1012 3464 hospitem
1032 3407 1155 3468 meum,

88 3482 248 3547 fortiorem.
261 3511 279 3538 ιι
291 3480 344 3566 (ln
354 3479 548 3556 Hortensio.)
557 3477 620 3542 Sed
631 3499 704 3543 cave
716 3476 876 3544 Ciceronis
893 3502 929 3545 ea
942 3503 1080 3558 censeas,
1096 3487 1159 3552 imo

89 3717 123 3756 an
138 3717 199 3760 non
215 3697 319 3780 ipsius
332 3691 513 3756 Hortensii?
527 3689 590 3773 Qui
608 3688 711 3753 Rhodi
728 3691 843 3776 pariter
860 3713 930 3756 eum
944 3695 1054 3762 viderit
1073 3721 1082 3758 t
1104 3704 1160 3764 etsi
1178 3698 1182 3712 '

88 3798 425 3884 ermenmarus,
441 3798 467 3862 si
480 3820 552 3861 vere
564 3795 690 3870 Snidas;
708 3825 723 3852 «
734 3795 931 3863 Posidonium
939 3799 1089 3885 Romam,
1104 3811 1164 3871 du-

91 3909 224 3974 centehL
235 3907 397 3972 Marcello
406 3907 534 3970 venisse.
544 3931 560 3959 ιι
575 3901 647 3968 Hoc
657 3924 731 3966 vero
741 3906 840 3990 ιιιιςίι
851 3907 978 3988 assidet,
992 3933 1083 3993 quam
1095 3904 1164 3978 eum

91 4011 225 4102 Scipione
238 4013 394 4079 Africano
403 4013 512 4077 vixisse
522 4038 531 4075 ι
543 4011 599 4074 etsi
608 4011 640 4072 in
648 4008 794 4073 Auenaeo
804 4011 907 4096 palam
918 4017 1072 4100 seriptum.
1082 4019 1165 4088 Nam

92 4120 137 4182 ubi
154 4121 350 4192 Strabom
369 4117 589 4204 Geographum
608 4109 780 4196 laudasset,
806 4117 920 4181 addidit
939 4124 979 4184 ad
990 4145 1087 4188 sevum
1101 4129 1164 4211 ejus

93 4233 274 4308 misnam,
307 4255 324 4281 ιι
337 4225 410 4290 Νοιι
429 4226 471 4288 ita
495 4235 649 4288 recentem
670 4223 960 4309 scriptoremesse,
982 4231 1098 4316 quippe
1113 4237 1179 4316 qui,

93 4337 198 4402 acrba
221 4338 256 4400 in
273 4333 360 4398 libro
376 4329 439 4396 vll
458 4328 679 4415 Geographiae,
698 4329 874 4413 cognovisse
889 4352 955 4396 sese
972 4330 1171 4402 Posidonium
