2896 4958
300 456 414 540 eexxvj
479 449 511 518 J.
539 453 704 523 mrsu
728 453 1197 528 MANUDUCTIONIS

297 609 387 678 atque
400 595 471 661 illos
481 595 532 678 qni
551 595 637 658 nullu
651 597 753 660 soluti.
763 624 778 652 o
802 595 903 680 Atque
915 599 998 662 addit
1011 599 1135 678 deinde,
1153 619 1207 664 eoa
1219 600 1325 663 istosa
1345 623 1376 665 se

295 697 369 782 ipsis
379 697 493 776 refelli,
505 698 556 779 qni
569 700 665 762 «dum
675 697 706 760 in
716 697 842 776 scholis,
856 697 969 780 inquit,
983 699 1131 779 clamant,
1142 722 1252 785 parem
1263 702 1377 785 injusti-

294 805 370 867 tiam
379 825 444 868 esse
451 804 593 867 Aristidis
600 803 825 883 etPlralaridis,
836 805 1064 888 improbitatem
1073 805 1174 870 Meliti
1183 805 1373 878 etPlatonis;

295 913 327 974 in
343 913 404 976 vita
417 926 519 974 tamen
531 925 561 974 et
571 933 674 974 rerum
687 934 744 974 ttsu
754 911 823 974 illos
835 912 987 976 declinant
1000 925 1031 974 et
1040 912 1153 990 vitant,
1166 925 1200 973 ut
1210 914 1378 976 detestabi-

294 1019 592 1095 les3l1isadluerent,
608 1031 637 1081 et
648 1019 788 1091 audiunt.
802 1032 832 1082 et
844 1020 936 1082 fidem
944 1018 1066 1081 habent.
1076 1046 1091 1073 n
1102 1017 1176 1082 Haec
1187 1019 1237 1082 isti
1247 1021 1371 1096 aeriter,

294 1141 325 1191 et
342 1149 412 1190 enm
432 1126 556 1204 colore,
575 1145 667 1208 quern
686 1139 789 1187 tamen
806 1127 903 1188 nostri
920 1127 1047 1190 diluunt.
1066 1125 1149 1190 Nam
1166 1127 1303 1209 primum
1320 1129 1375 1192 etsi

293 1255 401 1296 omnes
412 1233 443 1294 in
453 1231 549 1310 vitiis,
561 1253 624 1294 non
634 1245 737 1294 tamen
750 1234 859 1294 eodem
871 1235 963 1295 modo
980 1259 988 1306 ς
1003 1245 1034 1296 et
1047 1233 1169 1314 quidam
1180 1238 1234 1314 (ut
1243 1235 1294 1316 qni
1303 1256 1376 1318 pro-

293 1355 431 1417 gressum
439 1330 559 1414 fecere)
567 1331 683 1395 laeilius
692 1344 819 1416 possunt
829 1351 1003 1416 emergere,
1016 1353 1108 1414 quam
1117 1332 1220 1414 illiqui
1230 1333 1261 1394 in
1269 1333 1374 1397 frando.

296 1437 343 1502 lta
356 1439 488 1524 negabat
498 1438 583 1500 Zeno
597 1465 612 1492 e
621 1435 834 1514 Platonem,si
845 1435 973 1521 Sapiens
986 1457 1049 1500 non
1066 1437 1123 1517 sit,
1137 1459 1202 1501 esse
1219 1439 1251 1500 in
1267 1442 1375 1502 eadem

292 1567 382 1610 eausa
409 1567 468 1628 qua
488 1557 650 1633 tyrannum
668 1542 875 1630 Dionysium
896 1543 986 1622 huie,
1013 1545 1094 1607 mori
1110 1545 1260 1630 optimum
1282 1568 1370 1622 esse,

290 1665 416 1738 propter
431 1651 677 1734 desperationem
698 1647 883 1734 Sapientiae;
902 1649 948 1710 illi
971 1663 1098 1735 propter
1120 1672 1206 1734 spem
1226 1653 1341 1714 virere.
1356 1679 1370 1708 a

288 1756 374 1840 (cie.
389 1755 437 1820 lv
452 1756 563 1835 Tnse.)
581 1755 702 1819 Deinde
720 1776 782 1817 nen
802 1769 866 1817 tam
886 1755 1050 1818 eminentia
1068 1755 1099 1816 in
1119 1755 1261 1819 omnibus
1276 1757 1369 1828 vitiu

287 1867 369 1948 quod
378 1863 495 1928 Seneca
510 1875 617 1926 noster
631 1862 745 1948 optime
756 1863 781 1924 it
791 1861 984 1946 explicatum.
1000 1860 1159 1940 «Stultus,
1175 1863 1289 1944 inquit,
1304 1884 1371 1925 om-

286 1972 338 2033 nia
354 1971 425 2032 vitia
443 1970 536 2032 habet
555 1991 562 2027 :
585 1971 638 2031 sed
657 1989 720 2030 non
734 1969 765 2030 in
783 1967 886 2031 omnia
906 1981 1014 2030 natura
1030 1989 1145 2052 pronus
1164 1983 1218 2030 est
1233 1967 1325 2032 Alius
1340 1971 1371 2031 in

287 2077 457 2151 avaritiam,
474 2076 551 2139 alius
564 2076 725 2152 luxuriam,
744 2074 821 2138 alius
836 2074 1034 2159 petulantiam
1049 2075 1181 2138 inclinat.
1193 2074 1299 2157 ltaque
1319 2099 1371 2140 er-

285 2185 437 2259 tantilli,
454 2183 508 2264 qui
523 2182 712 2264 interrogant
730 2179 870 2258 Stoicos,
887 2179 970 2262 Quid
986 2181 1081 2265 ergo?
1101 2179 1236 2244 Achilles
1246 2182 1373 2246 timidus

257 2329 265 2344 ι
286 2307 351 2372 est,
373 2290 521 2353 Aristides
541 2289 690 2371 injustus?
711 2285 825 2350 Fabius
844 2287 1046 2350 temerarius?
1065 2286 1187 2350 Mucius
1205 2291 1370 2371 proditor?

286 2398 436 2464 Camillus
447 2395 604 2461 desertor?
615 2391 688 2457 Non
697 2395 756 2457 hoe
768 2395 911 2472 dicimus,
923 2395 966 2458 sie
978 2395 1080 2456 omnia
1089 2394 1174 2458 Vitia
1183 2417 1249 2459 esse
1260 2396 1293 2458 in
1307 2419 1374 2460 om-

285 2509 385 2587 nibus,
401 2509 555 2590 quemodo
572 2507 603 2568 in
623 2505 803 2588 quibusdam
823 2504 938 2588 singula
961 2505 1109 2584 eminent,
1130 2509 1182 2569 sed
1198 2505 1319 2568 malurn
1337 2527 1373 2569 ae

285 2615 418 2680 Stultum
426 2616 511 2679 nullo
522 2615 596 2677 vitio
610 2635 740 2685 vacam
757 2635 815 2676 nec
831 2615 977 2678 audacem
998 2615 1120 2700 quidem
1132 2614 1251 2675 timeris
1262 2613 1372 2676 absol-

286 2725 396 2802 vimus,
407 2745 464 2786 nec
474 2723 635 2806 prodigum
649 2720 776 2782 avaritia
792 2721 967 2782 liberamus.
979 2719 1144 2802 Quomodo
1154 2720 1249 2782 homo
1260 2743 1373 2784 omnes

285 2830 498 2907 sensuslaalaet,
511 2850 568 2891 nec
584 2829 653 2890 ideo
666 2841 769 2889 umen
781 2847 887 2890 omnes
898 2826 1038 2890 hemines
1050 2827 1147 2890 aciem
1157 2826 1274 2889 habent
1283 2825 1374 2913 Lyn-

286 2957 341 3001 ceo
353 2936 485 2998 similem
498 2962 505 3008 ;
519 2935 561 2997 sie
572 2933 624 3016 qui
641 2931 754 2995 Stultus
767 2946 822 3006 est,
833 2952 894 2994 non
905 2945 969 2995 tam
980 2933 1061 2996 acria
1074 2945 1104 2995 et
1115 2933 1265 2997 coudtata
1275 2931 1376 2996 habet

286 3044 405 3118 omnia,
424 3063 516 3124 quam
537 3043 661 3123 quidam
678 3041 825 3122 quadam.
845 3036 960 3102 Omnia
976 3039 1008 3101 in
1024 3039 1164 3102 omnibus
1178 3039 1262 3103 Vitia
1277 3055 1373 3110 sunt.

242 3223 246 3230 ,
287 3153 341 3216 sed
354 3171 416 3212 non
430 3148 533 3210 omnia
547 3148 579 3209 in
595 3148 719 3232 singulis
734 3160 856 3209 emtant.
868 3175 882 3200 ιι
899 3145 966 3226 (Vl
976 3145 1114 3210 DeBen.
1126 3147 1245 3230 capati
1257 3163 1291 3212 et
1304 3149 1374 3232 η.)

286 3251 373 3312 Adde
385 3293 393 3326 ,
410 3267 475 3329 quae
486 3249 523 3309 de
535 3265 621 3308 coeno
632 3265 723 3328 supra
735 3244 796 3306 dixi
809 3266 816 3302 :
830 3245 859 3304 vi
870 3257 900 3304 et
911 3257 1019 3306 natura
1031 3265 1084 3306 sua
1097 3266 1218 3328 semper
1228 3244 1351 3308 loedum
1363 3290 1373 3321 ,

285 3359 338 3419 sed
352 3356 480 3418 odorem
497 3351 610 3415 exserit
627 3349 820 3414 concitatum.
835 3349 935 3431 Atque
954 3347 1021 3413 haee
1036 3351 1115 3413 mira
1130 3350 1202 3412 satis
1216 3363 1273 3412 aut
1292 3371 1376 3414 nova

284 3463 401 3536 videri,
419 3459 492 3542 quid
509 3457 640 3540 negem?
656 3470 708 3518 aut
719 3458 873 3538 monsedo
887 3456 976 3520 aliter
988 3455 1147 3540 lnopinata
1160 3439 1239 3519 sint?
1251 3460 1312 3522 sed
1326 3471 1377 3520 ta-

284 3585 355 3626 men
365 3582 441 3624 nexa
453 3561 532 3622 inter
541 3579 574 3621 se
584 3578 650 3620 esse
661 3602 670 3630 ,
683 3571 714 3618 et
723 3555 897 3640 delendi(si
908 3556 974 3638 qrais
984 3557 1254 3640 intendat)posse,
1269 3556 1376 3620 habeo

283 3685 408 3734 eertum.
419 3666 588 3729 Enimvero
600 3663 625 3726 si
639 3684 748 3748 supra,
761 3663 855 3725 etiam
865 3676 1040 3724 nostrerum
1054 3661 1276 3746 suffragatione
1289 3710 1299 3741 ,
1313 3665 1376 3727 dic-

283 3792 367 3854 tum,
385 3773 548 3838 «Virtutes
559 3774 694 3856 junctas,
711 3771 803 3852 etqui
818 3791 910 3832 unam
923 3770 1056 3844 habeat,
1074 3770 1190 3833 habere
1206 3790 1370 3836 omneso:

281 3863 468 3948 eontrarium
481 3880 585 3963 qtridni
597 3899 723 3955 verum,
740 3905 754 3932 κ
765 3877 849 3940 Vitia
860 3879 962 3961 juncta
974 3891 1004 3940 et
1013 3897 1090 3940 nexa
1100 3897 1166 3940 esse
1175 3903 1192 3932 ι
1205 3877 1217 3940 ?
