2930 4956
552 473 632 558 DE

125 735 352 883 uun
407 687 1089 884 ETSCRIPTIS

260 1067 317 1174 ι.
354 1061 592 1174 loom
629 1063 936 1172 sunnon.

494 1557 658 1624 CAPUT
677 1557 703 1621 l.

387 1715 433 1778 De
449 1719 566 1800 patrio,
587 1727 614 1776 et
627 1715 755 1798 parentib
781 1685 786 1695 ι

85 1856 250 1950 Vironum
259 1883 426 1945 illustrium
440 1883 534 1945 vitam
551 1883 682 1966 prodere
696 1928 705 1960 ‚
724 1897 810 1946 vetus
830 1883 996 1947 institutum
1016 1898 1062 1948 est
1079 1908 1087 1946 ι
1105 1899 1136 1948 et

83 2003 193 2062 morum
206 1985 345 2069 ingenia,
364 1984 491 2068 scripta,
509 1997 560 2045 aut
572 1983 650 2046 lacta
666 1983 832 2062 miramur,
850 1986 932 2068 juvat
946 1985 1006 2047 alia
1020 2005 1110 2049 nosse
1124 2033 1133 2064 ‚

83 2109 137 2167 qoae
150 2090 346 2153 adbaeserumt.
356 2088 407 2152 De
421 2087 538 2152 Seneca
551 2089 660 2172 igitur,
674 2103 821 2170 quatenns
834 2103 953 2173 potest,
972 2092 1071 2154 dicem
1085 2116 1093 2152 ι
1107 2107 1138 2155 et

83 2195 206 2278 colligam
220 2219 259 2260 ac
272 2197 449 2280 disponam,
468 2217 505 2257 ex
518 2195 586 2277 ipso
601 2208 631 2256 et
644 2193 735 2256 variis
753 2195 968 2278 scriptoribus'.
985 2199 1066 2277 quod
1078 2198 1139 2261 ltuc

81 2297 147 2362 iecit
162 2300 298 2364 Patriam
315 2303 343 2364 ei
357 2299 534 2364 Cordubam
547 2301 784 2377 miseconem,
802 2315 938 2363 veterem
955 2301 1138 2366 florentem-

81 2425 129 2483 que
143 2408 172 2468 in
185 2406 336 2492 Hispania
349 2405 462 2470 Baetica
476 2404 628 2469 coloniam
644 2429 652 2464 τ
670 2420 759 2488 atque
774 2409 850 2468 adeo
867 2409 898 2468 in
913 2408 950 2470 iis
963 2411 1138 2494 regionibus

80 2513 209 2592 primam
226 2512 340 2575 Strabo
354 2519 458 2596 aperte
481 2535 524 2572 z«
545 2508 717 2573 Plurimum
739 2513 819 2574 inter
842 2511 998 2596 Hispaniae
1018 2513 1139 2578 Baeticae

80 2617 161 2680 nrbes
181 2617 329 2684 Corduba
348 2631 434 2682 aucta
453 2631 498 2680 est
515 2663 524 2694 ‚
540 2617 692 2680 Marcelli
703 2637 780 2700 opus
804 2618 901 2701 gloria
923 2633 953 2681 et
977 2622 1138 2703 potentia:

79 2723 201 2806 itemque
208 2724 363 2788 Gaditana
377 2722 545 2786 urbsflaec
553 2724 676 2804 qutidem
688 2724 729 2785 ob
741 2724 966 2806 navigationes,
982 2739 1011 2788 et
1020 2724 1140 2788 Roma-

79 2851 179 2893 norum
192 2833 369 2904 societatem
387 2832 440 2893 illa
459 2851 554 2909 vero,
575 2831 617 2892 ob
631 2830 764 2914 regionis
783 2829 967 2907 bonitatem,
984 2846 1015 2894 et
1028 2833 1139 2916 ampli-

77 2935 222 3011 tudinem,
237 2933 317 3016 Baeti
329 2933 421 2994 etiam
433 2931 526 2994 fluvio
540 2931 669 2992 multum
682 2931 740 2993 huc
755 2929 939 2993 conserente.
950 2959 965 2986 u
977 2931 1063 3012 (Lib.
1070 2933 1143 3012 ΙΙΙ.)

76 3033 203 3116 landet,
213 3053 246 3102 et
257 3039 347 3102 simul
355 3052 488 3101 veterem
497 3037 627 3099 ostendit
641 3035 801 3098 «Marcelli
813 3057 897 3120 opus.
906 3065 921 3092 »
927 3035 1002 3117 (Lib
1010 3037 1143 3118 XLlll.)

77 3140 186 3224 Cujus?
201 3146 361 3229 putoris,
376 3166 415 3205 an
431 3142 581 3207 consulis?
596 3161 669 3203 nam
682 3154 797 3225 praetor
817 3139 998 3225 Hispaniam
1014 3145 1145 3206 obtinuit

75 3248 117 3311 dl.
136 3249 323 3322 blau-cellos,
342 3273 378 3312 ex
397 3247 509 3326 Livio,
527 3269 608 3310 anno
629 3247 713 3309 urbis
731 3265 860 3309 ntxxxv
876 3293 885 3325 ‚
903 3250 1006 3311 etaiin
1023 3265 1146 3333 peccet

74 3358 150 3433 otio,
165 3373 200 3420 ut
220 3359 356 3430 videtum
382 3375 478 3438 eoque
494 3355 591 3438 magis
605 3354 768 3430 inclinem,
784 3355 936 3416 coloniam
951 3356 991 3418 ab
1008 3357 1068 3420 hoc
1088 3360 1146 3419 de-

72 3465 211 3540 ductam,
229 3463 355 3526 sortasse
371 3473 401 3524 et
417 3463 563 3545 oppidum
579 3473 700 3523 numum
715 3473 925 3541 ornatumque.
934 3460 1042 3542 Neque
1060 3462 1143 3525 enim

80 3591 183 3633 rovum
207 3561 306 3654 plane
326 3569 496 3645 conditum,
520 3567 569 3629 vel
589 3565 682 3629 Silius
703 3567 834 3642 dixerit,
855 3568 907 3648 qui
929 3569 991 3650 jam
1005 3581 1144 3652 ternpore

71 3719 78 3738 .
97 3677 234 3740 unibalis
254 3673 432 3740 Cordubam
452 3672 629 3735 nominavit.
644 3671 694 3734 Ad
711 3671 798 3732 illum
812 3672 901 3756 igitur
916 3673 1028 3758 nugis,
1052 3695 1145 3755 qrmm

71 3805 106 3847 an
133 3784 297 3848 consulem
322 3779 506 3844 Marcellum
525 3777 702 3855 retulerim,
726 3777 777 3858 qui
801 3797 880 3840 anno
906 3795 957 3839 oct
986 3778 1143 3864 Hispaniae

70 3893 210 3974 praebuit,
224 3893 279 3952 sed
289 3889 414 3950 citenbri
420 3933 430 3958 ,
439 3899 473 3947 ut
486 3897 531 3948 est
546 3886 577 3946 in
586 3881 730 3966 Epitome
741 3928 750 3961 ,
760 3897 835 3946 etex
846 3883 988 3969 Appiano
998 3886 1123 3970 colligas
1136 3911 1160 3948 ι-

68 4012 157 4081 atque
175 3999 226 4060 ibi
247 4019 279 4058 re
301 3995 430 4058 feliciter
449 4005 550 4076 gesta,
571 3989 766 4073 triumphavit
789 3992 826 4052 de
848 3989 1020 4056 Celtiberis.
1041 3993 1146 4076 ltaque

68 4103 143 4165 nillil
170 4105 201 4164 ei
220 4117 294 4165 tunc
315 4100 371 4161 l'uit
389 4120 459 4163 cum
476 4096 608 4169 Baetica,
634 4109 686 4157 aut
705 4093 849 4160 Corduba
870 4113 999 4178 nostra,
1023 4115 1149 4182 quaeest

68 4212 96 4273 in
115 4209 276 4294 Hispania
296 4204 450 4268 ulteriore.
470 4202 562 4266 Addit
577 4221 672 4286 porro
686 4202 816 4284 amplius
830 4200 940 4267 Strabo
959 4230 966 4265 ε
982 4234 997 4261 u
1017 4205 1148 4270 Habita·-

68 4331 137 4379 rnnt
154 4317 244 4380 hanc
261 4309 438 4378 Cordubam
454 4308 496 4372 ab
508 4308 594 4370 initio
614 4306 717 4370 selecti
732 4305 964 4388 Romanorum,
987 4324 1019 4374 et
1030 4313 1150 4398 indige.

205 4421 230 4474 l.
1010 4417 1028 4469 b
