2930 4956
255 505 322 574 AD
350 505 521 576 STOIC.
547 502 755 574 Paltos.
781 503 880 574 ΗΒ.
906 501 936 573 1:
1008 501 1128 590 lxxxiij

86 649 244 712 concordant.
256 645 339 732 »(1n
347 645 437 710 Isaiae
445 691 455 724 ,
464 667 493 714 c.
501 649 555 720 πο)
567 641 764 709 Concordant
773 641 786 704 i
795 641 837 704 ita
849 663 857 704 ι
870 643 988 725 ctqnoel
999 643 1133 724 sequitur

88 756 216 818 occultead
224 768 362 818 nootmm
373 755 487 838 dogma
495 753 570 815 etad
578 749 722 834 pietatem
731 749 851 815 ducunt.
861 747 934 817 Siue
945 749 1130 826 suendicam,

89 861 274 926 uihievenisse
292 885 299 923 :
319 875 352 926 et
365 860 458 923 audio
477 878 621 941 maguum
637 857 726 918 illum
736 853 884 922 Caroluu'r
898 855 1133 932 Borrornaeum,

89 969 175 1050 stirpe,
190 990 269 1030 sacra
288 987 450 1052 purpura,
470 963 579 1026 virtute
597 962 729 1024 maxime
749 961 884 1039 clarum,
914 983 991 1046 saepe
1020 962 1135 1026 fassum

88 1069 191 1156 Epicteti
197 1074 319 1138 selibris
326 1086 450 1138 motum
457 1070 642 1133 etmouitnm
650 1068 687 1130 ad
696 1080 902 1152 contemptum
912 1089 1017 1130 rerum
1027 1069 1135 1132 hnma-

91 1201 185 1258 nnrnm,
197 1202 334 1244 amorem
347 1179 520 1242 divinarum
530 1175 660 1240 venisse.
670 1171 787 1256 ltaque,
797 1188 830 1236 nt
841 1177 1029 1252 concludam,
1042 1199 1138 1262 apage

88 1287 215 1348 dicereant
223 1289 351 1351 credere
360 1288 399 1349 dc
407 1283 531 1348 Porticu
541 1279 846 1363 Solomonis,etquod
852 1281 891 1376 ab
898 1305 935 1346 en
945 1284 1139 1348 obducimus:

88 1412 200 1456 noscero
211 1395 401 1470 inducimus,
414 1404 528 1453 etsana
539 1387 686 1451 acsohria
695 1407 782 1450 mens
793 1409 854 1450 non
868 1388 957 1454 aliter
970 1389 1019 1454 his
1029 1377 1139 1498 spemn,
1163 1439 1165 1442 -

348 1559 685 1630 DISSERTATIO
710 1559 852 1629 xvtn.
910 1561 912 1568 ’

87 1689 185 1752 Soneio
198 1697 307 1755 Seneca
323 1693 489 1764 laudatus,
505 1693 620 1774 Scripta
633 1691 695 1770 ejus
712 1691 856 1768 murrone,
875 1701 903 1750 et
912 1703 1035 1773 purgato
1054 1695 1141 1754 etium

417 1799 506 1858 obiter
517 1819 536 1856 u
552 1799 703 1858 calumniis
719 1797 797 1858 Vita.

1046 1524 1088 1574 3,ςῖ
1100 1537 1129 1584 ²¹5:
1148 1552 1149 1558 ,
1167 1535 1181 1578 j·

1086 1593 1093 1610 ι,

118 1929 252 2000 Seohens
263 1979 274 2012 ,
285 1957 388 2020 quum
400 1935 602 2019 praemiserim
611 1955 759 2018 magnos,
772 1934 824 2016 qui
835 1934 865 1996 in
875 1953 912 1996 ea
922 1948 1003 1997 secta
1014 1935 1144 2015 fuerint,

87 2058 133 2098 non
144 2041 186 2104 vel
196 2045 270 2106 dnos
282 2043 442 2105 maximos
455 2042 562 2119 omisi,
576 2040 726 2105 Senecam
737 2055 767 2104 ct
776 2038 973 2125 Epictetum?
986 2039 1146 2106 Anonos.

89 2143 254 2230 observavi,
267 2164 303 2212 ct
319 2149 426 2212 tacitus
443 2143 794 2229 requirebaantestns.
806 2147 910 2210 Dabo.
925 2147 1040 2212 Distuii
1053 2151 1146 2228 enim,

89 2255 227 2318 nonomisi
241 2280 249 2315 ε
263 2271 296 2318 et
309 2255 394 2316 vetut
403 2251 545 2318 Triarios
554 2256 703 2336 quosdam
715 2253 855 2318 claudere
866 2253 948 2316 volni
958 2255 1018 2318 hoc
1028 2271 1148 2341 agmen.

91 2357 187 2422 Onam
200 2359 371 2446 Sapientiae
383 2360 521 2424 lumina?
536 2381 557 2424 o
573 2381 645 2424 cara
659 2359 736 2422 mihi
751 2360 896 2422 nomina!
917 2381 994 2444 quos
1008 2366 1150 2426 audacter

88 2467 196 2530 dixerim
207 2489 375 2553 superasse
389 2469 421 2529 in
437 2465 495 2532 hac
509 2466 624 2532 M'ora'di
637 2467 807 2551 prasertim
820 2481 907 2552 parte
923 2475 1150 2552 pertractanda,

198 2579 661 2656 Taioegesuessoitee’leeopr'oooejaui
674 2586 729 2646 cuiae
738 2584 905 2653 epde’i'oeoas·
1106 2593 1107 2604 ¹

204 2673 277 2742 Quot
291 2687 371 2740 sunt,
382 2687 506 2746 quotquot
516 2687 606 2744 erunt,
619 2687 645 2728 ct
653 2685 777 2746 quotquot
790 2675 875 2728 incute
887 2677 997 2730 morunt.

88 2771 148 2836 Non
163 2794 229 2840 snut
242 2781 353 2842 inanes
369 2779 614 2857 laudatiuncuioe,
632 2794 686 2842 aut
706 2799 799 2844 voees
816 2804 823 2838 ε
841 2781 888 2842 ris
900 2801 968 2841 reru
980 2780 1034 2842 tihi
1044 2801 1155 2866 apprn·
1201 2759 1203 2767 s

87 2880 166 2962 hm,
184 2899 214 2947 et
225 2887 386 2967 utriusque
405 2887 490 2948 dotes
507 2885 641 2950 breviter
653 2899 684 2950 ct
697 2887 780 2954 velut
799 2886 892 2970 digito
904 2887 1045 2970 signem?
1064 2887 1153 2967 Fiat,

87 2991 147 3052 andi
168 3016 175 3050 ε
191 2995 228 3055 de
242 2991 364 3056 Senem
376 2993 532 3076 primunr,
548 3012 641 3074 quem
653 2993 741 3056 multi
751 2994 884 3075 bouiqaae
897 3009 1016 3056 aurant:
1029 2995 1159 3057 odorum

89 3110 133 3156 ano
145 3113 345 3160 contemnunt
360 3099 474 3180 aliqui,
499 3101 553 3162 sed
566 3097 624 3162 hac
643 3099 709 3183 ipsa
727 3113 800 3162 nota
812 3099 917 3176 ,Lmihi
937 3122 1000 3162 nou
1012 3101 1095 3163 boui.
1111 3099 1158 3164 sin

87 3199 203 3268 libertas
216 3205 310 3290 hujus
318 3205 422 3288 judicii
433 3230 442 3279 ;
454 3219 484 3268 et
495 3207 703 3289 experimento
714 3207 821 3284 didici,
834 3207 885 3288 qui
895 3205 1049 3270 Vintuteun
1061 3209 1159 3292 ipsam

89 3309 176 3372 solide
193 3332 258 3374 uon
274 3325 381 3374 amant
401 3325 453 3374 ant
464 3313 633 3389 aestiuunt,
654 3313 702 3374 vix
719 3310 819 3374 istum.
842 3311 885 3374 Et
897 3313 1058 3392 hercules,
1080 3317 1161 3395 quod

88 3437 138 3478 nos
149 3439 311 3495 amamus,
333 3432 364 3482 et
377 3421 458 3501 quod
474 3419 691 3502 producimus,
710 3433 756 3481 est
769 3419 809 3480 ob
822 3420 929 3498 istam,
942 3441 1033 3503 quam
1044 3419 1163 3504 seriptis

89 3524 142 3585 suis
151 3524 204 3588 ille
215 3523 340 3588 ornavit
350 3537 380 3588 et
390 3525 537 3600 asseruit,
551 3526 576 3590 si
587 3525 746 3608 quisquam
756 3525 796 3587 ah
806 3529 890 3588 omni
899 3549 973 3589 nevo.
985 3525 1077 3590 Plura
1089 3547 1162 3592 sene

88 3628 193 3714 ingenii
204 3645 407 3694 monumenta
419 3645 506 3709 somt,
518 3643 570 3694 eut
582 3632 704 3694 suerunt
724 3656 732 3693 :
749 3629 1067 3712 Poetiea,.0ratoria,
1080 3632 1165 3719 Phy-

90 3737 163 3800 sica:
176 3743 234 3804 scd
245 3737 355 3804 Ethica
365 3740 516 3818 eminent,
525 3761 591 3822 quas
601 3741 717 3802 utinam
727 3739 823 3802 solida
833 3755 923 3822 etque
934 3741 1051 3824 integra
1061 3743 1099 3802 nd
1108 3754 1164 3802 uos

88 3848 240 3910 venisseut
250 3849 259 3908 i
270 3844 332 3910 Sed
344 3845 415 3910 libri
426 3845 680 3910 Fahorunionum
691 3847 864 3930 perierunt,
878 3849 952 3909 item
965 3849 1078 3930 grande
1090 3867 1165 3932 opus

91 3947 278 4030 Moralium,
294 3953 354 4016 alia
373 3953 511 4038 pluscula
528 3975 537 4013 ε
551 3953 701 4016 sufficiunt
716 3966 819 4016 tamen
832 3953 936 4038 glorios
949 3975 1015 4035 qnae
1027 3951 1143 4016 exstant
1156 3999 1164 4032 ,

90 4069 119 4116 et
129 4057 208 4120 mter
218 4058 324 4122 omnia
340 4061 404 4142 ejus
418 4061 587 4144 argumenti
599 4059 734 4144 palmam
747 4105 755 4138 ,
768 4079 935 4140 coronam,
949 4080 1078 4146 reguum
1091 4081 1167 4145 pos-

91 4178 169 4226 cunt.
179 4163 234 4226 Au
249 4186 284 4228 cx
295 4187 388 4244 vero,
405 4181 456 4228 ant
471 4165 582 4231 affectu
600 4167 643 4232 sic
658 4166 807 4248 judicem,
824 4169 900 4244 vide,
913 4167 989 4230 Tria
999 4152 1087 4246 sunt,
1103 4188 1168 4250 quae

92 4267 148 4332 doc
156 4293 211 4334 me
224 4273 353 4352 ducunt,
364 4271 493 4350 Verba,
510 4269 594 4350 Res,
612 4272 772 4340 'tracum
783 4298 791 4335 ε
804 4274 906 4337 omnia
920 4275 951 4336 in
966 4297 1004 4338 eo
1019 4277 1085 4357 jure
1098 4275 1169 4336 lau-

92 4376 203 4442 danda.
222 4377 347 4452 Verba,
367 4381 501 4458 selecta,
522 4381 669 4466 propria,
692 4381 888 4470 significantia
909 4407 917 4443 ε
936 4379 999 4444 iuno
1019 4399 1084 4463 quae
1100 4382 1170 4465 ptus
