2926 4958
316 430 385 526 ἰιι
513 457 544 522 J.
571 457 735 528 mesu
759 459 1217 542 Mnnunuomoms

330 597 496 680 tienterque
512 597 655 662 Daemoui
669 600 732 662 sive
747 599 869 675 Genio,
886 605 936 685 qui
953 605 1076 689 siugulis
1089 607 1195 683 adest,
1211 619 1299 687 atque
1319 607 1393 668 ides

327 702 453 765 arbitrio
470 717 499 764 et
512 703 665 766 voluntate
682 707 1044 791 supremigubematoris.
1062 739 1078 766 ιι
1093 709 1144 790 (ln
1160 712 1291 789 Zenon.)
1312 710 1391 773 Pone

328 807 403 868 miln
424 809 557 890 aliquem
577 807 741 874 Sacrorum
762 827 936 878 nostrorum
953 817 1110 899 praesidem
1127 840 1134 876 ι
1152 817 1223 897 quid
1243 818 1274 879 in
1289 816 1392 879 haere

298 943 299 948 ¹
328 915 428 976 verius
442 915 588 997 altiusque
601 917 702 980 dicet?
719 915 818 1000 Atque
832 920 891 984 boc
906 923 996 984 etiam
1009 936 1077 984 ante
1090 937 1209 986 nostros
1223 921 1329 985 Plato:
1343 924 1392 1004 qui

328 1021 443 1103 aperit,
460 1023 526 1102 quis
544 1022 616 1084 item
630 1023 681 1085 ille
696 1021 834 1087 Daemon.
850 1005 1024 1089 Deliniebat
1035 1027 1137 1090 enim:
1158 1057 1173 1084 ιι
1190 1027 1390 1104 Felicitatem,

329 1124 463 1188 Genium
476 1126 590 1190 babere
605 1128 735 1192 felicem.
757 1159 772 1185 ιι
791 1131 894 1213 Quem
908 1132 1014 1196 illum?
1032 1162 1047 1189 ιι
1065 1132 1197 1196 Genium
1220 1149 1318 1198 autem
1336 1135 1393 1198 dici

328 1234 435 1294 animae
457 1247 567 1296 nostrae
583 1229 749 1319 principale
766 1264 781 1291 ιι
796 1263 804 1309 ;
820 1239 851 1299 id
868 1253 912 1300 est
925 1238 1097 1310 Rationem.
1115 1237 1234 1320 (Ctem.
1251 1239 1336 1302 oter.
1353 1239 1398 1300 lt.

328 1337 441 1400 Strom.
458 1352 488 1401 et
500 1337 607 1402 Sextus
621 1338 746 1424 Empir.
758 1344 824 1405 adv.
841 1341 961 1422 lllath.)
976 1346 1043 1409 Nec
1057 1347 1118 1408 alio
1134 1368 1224 1409 sensu
1235 1393 1249 1424 ,2
1264 1347 1393 1430 opinor,

328 1459 396 1507 anto
408 1468 478 1507 eum
492 1449 599 1526 (suave
612 1447 693 1509 enim
702 1448 765 1511 brec
775 1450 815 1511 ab
825 1452 1037 1532 antiquissimis
1046 1468 1150 1537 petere
1159 1457 1173 1532 )
1183 1452 1399 1519 Democritus:

330 1576 344 1603 ιι
362 1547 504 1613 Felicitas
517 1574 579 1614 uon
590 1553 621 1614 in
634 1557 795 1626 armentis,
811 1558 859 1619 vel
873 1579 948 1620 auro
959 1559 1054 1621 multo
1065 1559 1312 1634 habitatdnima
1328 1575 1396 1636 est,

328 1655 514 1718 domicilium
525 1656 689 1722 Damonis.
702 1688 717 1715 ιι
734 1660 837 1745 (Apud
847 1659 947 1742 Stob.)
960 1663 1055 1726 Vides
1066 1664 1156 1748 igitur
1166 1679 1196 1727 et
1205 1664 1284 1728 bunc
1294 1662 1397 1726 Deum

328 1763 387 1824 dici
402 1786 408 1823 :
423 1785 551 1846 eumque
562 1787 631 1828 cnm
645 1767 742 1828 altero
754 1768 902 1845 maxime,
921 1771 1101 1832 audiendum
1115 1793 1200 1842 esse,
1217 1792 1253 1834 ac
1265 1793 1398 1853 sequen-

330 1870 410 1930 dum.
418 1867 520 1950 Quam
531 1871 626 1954 pium,
638 1893 731 1954 quam
740 1873 812 1934 utile
823 1873 881 1938 boc
892 1878 1018 1959 dogma!
1032 1897 1123 1958 quam
1134 1877 1204 1939 lacit
1215 1878 1254 1938 ad
1264 1877 1399 1938 vitrienon

329 1976 486 2038 sanitatem
501 1978 599 2040 solnm
613 2023 621 2055 ,
635 1980 689 2040 sed
704 1981 910 2042 sanctitatem!
927 1979 1092 2064 Duplicem
1107 1983 1188 2044 enim
1204 2005 1324 2045 sensum
1339 1983 1398 2044 ba-

329 2082 381 2144 bet
393 2083 455 2146 haec
465 2081 626 2147 Allectatio
638 2107 645 2145 ι
658 2085 809 2168 priorem,
821 2089 859 2149 de
868 2088 1030 2150 Audientia
1042 2133 1051 2164 ,
1064 2090 1126 2150 sive
1137 2090 1278 2172 patientia
1291 2135 1299 2163 ,
1313 2090 1343 2151 id
1354 2103 1402 2150 est

328 2202 362 2250 ut
370 2187 432 2252 Dei
439 2188 635 2271 Rationisque
646 2192 733 2272 jussis
744 2191 855 2273 ubique
869 2191 1121 2274 obtemperemus.
1132 2193 1288 2270 Alterum,
1296 2195 1332 2254 de
1341 2193 1402 2254 As-

329 2295 530 2374 similatione,
551 2309 584 2358 ut
602 2297 666 2377 ejus
687 2318 743 2379 per
762 2297 902 2360 virtutem
922 2297 1089 2360 imitatores
1110 2297 1212 2360 simus.
1235 2297 1325 2360 Prior
1347 2299 1402 2360 ille

328 2416 449 2484 apertus
463 2416 523 2478 est,
538 2416 567 2464 et
582 2404 613 2463 in
627 2403 780 2486 prioribus
791 2403 862 2465 satis
879 2407 1045 2466 adstructns
1058 2427 1065 2463 :
1078 2404 1128 2467 hic
1139 2404 1303 2481 occultior,
1323 2403 1404 2467 Cle-

328 2520 464 2569 mentem
478 2506 715 2570 Alexaudriuum
732 2507 824 2570 habet
835 2510 1036 2571 adsertorem.
1044 2508 1119 2586 llle,
1135 2510 1187 2570 ubi
1206 2512 1243 2572 de
1257 2510 1316 2572 hoc
1331 2511 1403 2594 ipso

328 2611 500 2675 Stoicorum
511 2611 605 2682 Fine,
618 2614 763 2691 dilaudat,
778 2628 807 2675 et
818 2633 983 2676 consonum
995 2615 1095 2676 divino
1107 2615 1239 2698 dogmati
1251 2615 1292 2677 ita
1304 2614 1402 2678 lacit:

328 2720 381 2782 Ait
387 2722 468 2782 enirn
474 2717 538 2782 Lex
552 2743 559 2779 ι
571 2717 644 2782 Post
654 2717 824 2782 Dominum
833 2718 937 2783 Deum
948 2733 1083 2783 vestrum
1092 2721 1255 2796 ambulate,
1272 2724 1406 2783 etnian-

329 2829 396 2888 data
409 2827 472 2908 ejus
485 2839 610 2888 servate.
628 2823 887 2889 Assimilationem
902 2827 1003 2908 utique
1019 2824 1083 2888 Lex
1101 2827 1331 2890 assectationem
1344 2849 1407 2910 ap-

329 2931 431 3013 pellat.
442 2930 614 3012 lterumque
627 2953 634 2990 τ
649 2959 664 2985 ιι
683 2929 798 3016 Aperte
810 2932 882 2994 dicit
892 2931 1075 3016 Apostolus,
1088 2929 1259 2994 Imitatores
1270 2932 1334 2993 mei
1351 2955 1409 2994 es-

250 3046 253 3052 '
329 3050 412 3114 tote,
433 3037 509 3099 sicut
524 3051 554 3098 et
573 3059 629 3120 ego
641 3033 775 3115 Christi,
794 3051 826 3099 ut
844 3038 918 3100 illud
932 3039 1078 3103 efficiatur
1098 3064 1105 3100 :
1124 3037 1156 3101 Si
1173 3061 1227 3101 vos
1243 3039 1328 3111 mei,
1346 3061 1407 3122 ego

329 3155 431 3204 autem
446 3138 577 3220 Christi,
593 3127 730 3205 Christus
747 3163 820 3206 vero
831 3141 891 3206 Dei
907 3142 998 3206 :Deo
1013 3166 1086 3228 ergo
1103 3144 1285 3220 assimilari,
1301 3147 1410 3225 quoad

329 3262 438 3332 potest,
447 3249 514 3310 finis
526 3263 571 3310 est
581 3247 679 3310 Fidei.
688 3277 703 3304 ιι
715 3248 813 3330 Atque
821 3249 869 3312 hic
879 3264 924 3312 εει
935 3249 987 3313 ille
998 3250 1410 3314 decantatusPlatonicomm

330 3353 415 3418 Finis
429 3377 436 3414 ι
450 3376 541 3435 quem
551 3357 656 3417 doctor
670 3375 777 3416 eorum
792 3369 822 3416 et
838 3356 961 3418 antistes
974 3353 1083 3436 (Plato
1097 3357 1182 3435 >uon
1199 3379 1260 3418 uno
1272 3357 1346 3418 loco
1361 3357 1411 3418 in-

329 3464 422 3548 gerit,
439 3463 612 3544 asseritque.
622 3461 705 3524 Nam
713 3459 902 3524 Felicitatem
912 3469 1033 3546 ὁμοίωσιν
1044 3477 1080 3545 τῷ
1091 3473 1146 3545 θεῷ
1157 3464 1282 3536 definit,
1301 3492 1319 3518 ιι
1332 3462 1412 3526 Deo

326 3569 578 3648 assimilationem
596 3597 611 3622 ιι
622 3591 632 3648 Ιι
650 3581 680 3630 ει
691 3567 769 3631 hanc
777 3570 896 3651 ponitis
908 3583 946 3651 τῷ
960 3576 1024 3652 ὁσίῳ
1037 3578 1080 3634 καὶ
1093 3584 1130 3653 τῷ
1141 3575 1249 3651 δικαίῳ,
1262 3574 1331 3652 μετὰ
1343 3598 1412 3654 φρο-

330 3687 423 3748 νήσεως
439 3676 498 3757 (ln
510 3675 643 3754 Phileto,
659 3689 690 3738 et
702 3675 792 3759 alibi)
809 3699 816 3735 ε
836 3678 907 3758 qnid
922 3680 1001 3753 nisi,
1020 3681 1050 3740 in
1065 3679 1176 3763 duplici
1190 3678 1312 3739 Virtute
1335 3677 1412 3760 pri-

331 3785 428 3846 maria
441 3830 449 3861 ,
462 3782 576 3846 Pietate
588 3797 618 3844 et
628 3781 652 3844 J
653 3783 767 3858 ustitia,
781 3803 854 3863 quas
863 3781 1026 3846 Prudentia
1037 3796 1186 3867 temperet
1198 3797 1228 3844 et
1237 3782 1411 3866 gubernet?

331 3889 438 3951 Verba
452 3890 517 3972 ipsa
532 3909 606 3950 auro
618 3889 726 3971 digna,
743 3887 850 3950 viliore
861 3887 919 3952 hoc
928 3889 1045 3972 liquore
1058 3890 1245 3953 scribantur:
1262 3917 1277 3942 ιι
1290 3889 1416 3950 Morta·

332 3997 394 4058 lern
412 3997 490 4058 hanc
510 4009 668 4066 naturam,
689 4007 720 4056 et
732 3993 812 4057 bturc
828 3995 960 4058 inferum
978 3998 1080 4068 locum
1095 3995 1215 4058 Malum
1231 3995 1416 4057 circuntstat

333 4102 504 4164 necessario
520 4115 549 4163 et
557 4101 695 4162 adhaeret.
706 4098 778 4161 ldeo
787 4104 967 4180 conandum,
981 4123 1071 4184 quam
1082 4102 1241 4176 celerrime
1252 4100 1326 4163 hine
1336 4100 1415 4161 illuc

334 4209 437 4292 lugere
452 4231 459 4268 2
475 4209 547 4292 iuga
561 4221 662 4270 autem
673 4253 681 4284 ,
694 4205 756 4268 Dei
771 4207 964 4282 assimilatio,
987 4223 1130 4291 quatenus
1144 4221 1253 4292 potest.
1272 4206 1417 4269 Assimi-

337 4316 409 4378 latio
424 4336 518 4398 porro
530 4361 538 4394 ,
550 4314 673 4378 Justnm
686 4327 716 4376 et
724 4312 868 4378 Sanctum
879 4337 948 4380 cum
957 4315 1117 4383 Prudentia
1130 4335 1207 4378 esse.
1218 4337 1234 4374 o
1247 4311 1416 4386 Observa,
