2910 4954
324 485 328 496 “
364 475 518 546 sluaa
543 481 625 562 111,
654 477 766 548 cur.
794 461 873 543 1'11.
1035 512 1037 520 «
1097 490 1157 558 ¹¹7

98 603 262 698 rabiesque
286 601 426 672 infanda
450 603 621 674 civitatem
643 607 758 676 tulit¹:
780 625 847 672 uec
865 597 982 668 datum
1002 611 1156 688 tempus,

99 747 155 814 quo
180 708 349 792 resideret
376 736 488 790 tumor
518 721 701 816 publicus3
728 718 790 790 sed
819 714 974 786 deducte
1005 712 1162 805 protinus

101 839 231 922 obesam
253 853 288 908 et
312 843 486 908 oneratae²
514 839 735 910 tumultuario
758 827 899 906 milite³.
920 830 1001 900 Siue
1025 820 1158 907 mooe‘,

100 956 161 1024 siue
173 956 334 1049 auspiciis
347 949 374 1039 ⁵,
388 955 535 1050 populus
549 1005 558 1038 ,
576 955 683 1026 ductu
699 956 760 1022 irae
778 943 874 1022 strae·fi
895 968 1053 1040 egressus
1066 993 1075 1030 ,
1089 944 1157 1012 for·

102 1073 173 1142 tuito
195 1087 362 1166 raptaque
387 1097 451 1166 pro
473 1073 578 1140 armis
601 1075 731 1167 gessit,
760 1066 887 1138 deinde
915 1089 1040 1156 magua
1064 1056 1162 1133 clade

100 1191 312 1260 temeritatem
326 1187 466 1258 audacis
481 1189 542 1256 irae
557 1188 633 1258 luit.
1244 1279 1248 1286 ⁸

138 1307 194 1374 ΠΙ.
217 1307 283 1374 Hie
295 1305 453 1374 barbaris
465 1303 552 1374 torte
572 1310 582 1354 ⁷
605 1304 785 1374 ruentibus
802 1303 840 1370 in
857 1300 950 1370 bella
967 1299 1078 1367 esitus
1095 1311 1158 1364 est.
1192 1341 1203 1373 ι

97 1418 203 1510 Quum
218 1419 361 1488 mobiles
375 1419 506 1488 animos
522 1419 654 1513 species
668 1418 804 1511 injuriae
820 1413 993 1510 perculit,
1013 1425 1164 1504 aguntur

97 1537 198 1604 statim
214 1565 225 1622 3
243 1551 363 1628 etqua
380 1533 478 1604 dolor
496 1537 618 1619 traxit,
640 1536 749 1605 ruinae
768 1531 868 1602 modo
889 1527 1089 1624 regionibus
1106 1526 1163 1592 in-

97 1649 206 1720 sidunt
221 1653 435 1744 incompositi
450 1702 459 1734 ,
476 1653 626 1720 interriti
642 1701 651 1736 ‚
669 1651 821 1732 incauti,
838 1646 993 1743 pericula
1002 1658 1165 1738 appeten·

97 1784 141 1836 tes
159 1795 220 1838 sua
236 1799 246 1855 3
265 1769 417 1863 gaudent
432 1770 552 1853 feriri,
582 1785 618 1838 et
641 1770 770 1840 instare
786 1768 899 1850 ferro,
921 1779 957 1833 et
973 1756 1064 1832 tela³
1089 1784 1166 1830 eor-

96 1907 170 1975 pore
196 1909 346 1979 urgere,
372 1901 409 1954 et
438 1910 502 1979 per
528 1911 626 1956 suum
656 1885 780 1961 vuinus
809 1885 915 1953 exire.
950 1882 1059 1948 «Nou
1085 1891 1161 1956 est,
1192 1919 1207 1950 ι

100 2001 264 2094 nmquis,
285 1999 454 2083 dubium,
474 2001 559 2093 quin
577 2023 701 2094 magna
716 2001 780 2070 ista
793 2013 829 2066 et
846 1995 1009 2092 pestifera
1025 1991 1070 2061 sit
1087 1990 1138 2058 vis
1155 2016 1161 2052 :

100 2137 114 2172 r
130 2112 205 2186 ideo
220 2113 507 2207 quemadmodum
525 2117 639 2184 sanari
653 2113 799 2194 debeat,
819 2125 981 2182 monstra.
1003 2132 1019 2198 u
1037 2104 1162 2196 Atqui,

97 2245 131 2297 ut
156 2233 193 2301 in
224 2232 398 2325 prioribus
425 2232 524 2300 libris
550 2232 643 2314 dixi,
676 2247 742 2300 stat
768 2229 969 2300 Aristoteles
986 2223 1165 2318 ,defensor

96 2345 173 2426 irae,
193 2365 229 2417 et
248 2364 339 2416 vetat
367 2348 460 2416 illam
483 2349 582 2418 nobis
603 2351 765 2418 exsecari.
785 2349 906 2420 Calcar
925 2349 974 2416 ait
994 2368 1068 2419 esse
1092 2343 1166 2410 vir-

95 2465 193 2550 tutis,
214 2466 280 2534 bac
297 2480 433 2564 erepta,
454 2461 618 2534 inermem
641 2466 792 2534 animum
815 2480 851 2532 et
872 2460 917 2532 ad
935 2475 1076 2532 conatus
1092 2481 1166 2535 ma-

93 2653 164 2702 quam
180 2635 206 2689 id
217 2634 319 2688 sceleris
331 2634 458 2688 rarissime
471 2634 510 2688 illi
522 2634 604 2688 admi·
654 2649 743 2689 notum
761 2647 804 2688 est.
816 2634 934 2688 Fortasse
951 2631 982 2685 de
994 2628 1065 2684 clade
1076 2627 1109 2680 ad
1121 2625 1170 2680 Ai-

92 2727 183 2766 serunt.
654 2715 720 2782 liam,
728 2712 849 2788 rogitavit
860 2713 954 2766 Noster
971 2709 1045 2777 (Lis.
1056 2708 1095 2771 Vs
1107 2704 1169 2772 3⁸)-

126 2809 145 2843 t.
164 2793 320 2864 Rabiespue
327 2829 395 2844 .....
418 2795 485 2844 tulit.
511 2791 604 2845 Secum
688 2793 713 2847 6.
737 2790 827 2846 Ductu
849 2795 896 2843 irre
922 2807 985 2843 sure.
1012 2786 1102 2840 Drtctu
1122 2785 1170 2836 iroe

92 2870 169 2943 rapuit
180 2911 188 2938 ,
200 2870 315 2926 abduxit.
654 2885 752 2940 suoque
760 2889 829 2922 mera
840 2867 964 2921 aberratio
972 2863 1080 2928 librarii,
1091 2878 1170 2933 quam

122 2967 144 2998 s.
174 2948 307 3002 ommsoe.
331 2946 362 3000 ld
387 2960 443 3011 est,
466 2956 605 2998 exarmatae·
655 2949 753 3022 Lipsius
772 2949 799 3002 io
816 2946 904 3004 codiee
922 2965 968 2998 suo
988 2941 1087 2996 invenit
1103 2952 1128 2992 st
1142 2952 1171 2994 ut

96 3024 226 3090 Onerum,
237 3025 338 3100 proprie
349 3037 385 3078 est
392 3023 533 3097 complere,
543 3025 606 3078 rriu-
655 3025 786 3100 pulobram
803 3024 948 3100 praedicavit
960 3040 966 3073 :
979 3019 1099 3083 ducibus,
1118 3017 1168 3080 ait,

92 3114 159 3172 reis,
175 3107 321 3177 diciturque
337 3105 368 3158 de
382 3103 474 3170 classe,
494 3103 606 3176 remigi—
655 3103 692 3158 ira
703 3117 727 3155 et
736 3103 817 3177 seipso
826 3121 894 3155 usus.
905 3099 977 3170 Quid
986 3095 1086 3174 puiebri
1094 3095 1170 3162 insit,

94 3180 137 3234 bos
148 3197 174 3236 et
183 3183 263 3238 sociis
275 3183 408 3238 navalibus
417 3181 572 3236 instruenda.
655 3181 774 3252 equidem
787 3200 840 3235 nou
852 3179 969 3253 intelligo
982 3195 991 3230 t
1004 3175 1068 3248 quio
1080 3174 1170 3231 advet-

122 3257 147 3312 3.
163 3261 354 3315 Tumultuorio
360 3264 451 3314 milite.
466 3261 562 3326 idest,
578 3257 606 3314 in
654 3272 723 3313 satur
734 3261 847 3327 Nostro,
861 3257 906 3330 qui
921 3257 1045 3333 populoru
1062 3252 1174 3307 affirmat

91 3335 137 3392 boe
158 3341 275 3394 tumultu
295 3343 445 3406 (mmuim
468 3335 606 3394 vorabatur
655 3336 833 3391 tautummodo
855 3337 893 3390 ira
915 3356 961 3389 sua
982 3353 1036 3388 esse
1057 3333 1171 3386 ductum.

89 3435 167 3486 quom
176 3419 207 3472 iu
217 3418 357 3472 discrimen
368 3439 496 3472 sommum
508 3439 547 3474 res
557 3439 605 3492 pu·
657 3415 729 3485 Quid
741 3417 819 3491 igitur
828 3413 1023 3490 significarent
1031 3433 1060 3468 ee
1069 3412 1148 3483 spes?

90 3494 154 3550 bliea
171 3495 364 3559 adducebatur,
379 3508 409 3548 ut
423 3509 479 3566 post
491 3495 605 3560 Alliam,
690 3495 736 3549 tlt.
749 3497 819 3548 Asu.
838 3495 932 3549 Causas
950 3496 1041 3558 affert,
1053 3513 1097 3546 eur
1108 3511 1172 3566 opus

90 3571 208 3641 Cannu,
219 3573 613 3640 ete.)deleeti:mooeo‚uede‘
655 3573 704 3640 sit,
724 3585 753 3626 ut
770 3593 890 3646 maguam
907 3593 937 3628 ae
955 3571 1098 3645 pestiferam
1118 3569 1172 3624 viru

88 3651 212 3706 militibus
227 3651 605 3722 violenteriisqueooieutibus
656 3652 701 3706 irre
711 3651 807 3706 doceat.
820 3651 966 3705 Aristoteles
977 3649 1119 3720 eoim,qui
1130 3647 1172 3700 de·
1265 3663 1271 3674 ·

88 3727 201 3784 abductis
215 3729 311 3805 cogites
320 3751 329 3796 ;
339 3749 399 3784 uam
412 3749 501 3784 omnes
514 3730 552 3784 ira
563 3729 606 3784 in-
656 3733 782 3785 i'smsorem
792 3730 836 3783 iret
843 3749 869 3782 se
878 3729 1007 3802 prostitit,
1018 3726 1173 3800 redarguen-

89 3807 165 3874 sasit,
179 3809 294 3880 ideoque
308 3827 353 3860 sos
365 3819 454 3882 sponte
470 3806 605 3862 militatum
656 3809 706 3862 dus
715 3821 754 3861 est
763 3809 811 3866 bec
823 3805 1049 3866 demonstratione.

88 3884 178 3939 abiere.
691 3907 715 3952 7.
726 3886 814 3940 Forte.
825 3886 856 3939 lt
867 3899 917 3951 est,
929 3899 1030 3939 tenere.

120 3966 221 4034 dSime
230 3985 313 4020 more.
325 3965 417 4030 idest,
431 3965 515 4019 ioeoro
534 3965 604 4031 ositi,
690 3966 801 4020 &Tele
810 3965 840 4018 td
852 3978 898 4030 est,
907 3965 1067 4018 bestesiuse
1074 3977 1173 4040 proteo·

88 3987 607 4119 vbg.AEu.v,bqs,v111‚ti⁵;ne
657 4057 694 4098 tes
711 4064 817 4118 torpore
835 4064 881 4098 suo
899 4045 1066 4117 protrudere,
1085 4057 1109 4096 et
1129 4065 1174 4118 per
1222 4050 1225 4058 '
1309 4077 1312 4086 ‹

89 4119 120 4173 de
130 4121 267 4178 sacrifieiis
277 4122 381 4197 segites.
658 4123 739 4198 ipsam
755 4121 872 4189 hastam
886 4142 943 4192 qun
956 4123 1049 4178 ruinas
1061 4124 1137 4190 ierit,
1149 4136 1174 4176 et

120 4203 144 4254 ⁵.
165 4199 235 4256 Sine
261 4201 395 4268 auspiciis.
415 4199 535 4272 Auspicia
553 4199 606 4272 ple·
658 4219 734 4271 quam
751 4200 858 4256 obnisus
877 4200 1173 4266 adversarios.terset,io

90 4298 198 4350 rumque
211 4291 270 4334 ante
281 4299 395 4352 pugnam
413 4279 525 4332 institute
538 4298 607 4344 esse,
658 4277 756 4332 bostem
769 4279 880 4347 irruere,
894 4300 1012 4354 aprorum
1022 4301 1099 4340 mure.
