2926 4958
354 503 441 544 cxxx
553 475 584 541 J.
611 437 1254 557 u1r's11usuunucr10n1s

350 619 403 682 illa
417 619 442 681 si
458 617 563 680 ordine
577 617 713 679 videmus
725 631 756 679 et
769 618 953 683 illustramus
965 647 973 694 ς
991 627 1081 686 credo
1098 625 1177 688 haud
1197 647 1305 710 magno
1321 645 1405 710 opere

350 727 553 790 desideratum
569 724 683 806 aliquid
698 725 747 786 iri.
762 723 844 788 Nam
860 727 919 789 alia
934 730 1024 792 etiam
1038 732 1097 796 huc
1115 733 1282 816 aptabimus
1295 778 1304 806 ,
1322 747 1350 796 et
1362 737 1408 796 du

350 829 586 896 remolliebat
601 833 680 915 apud
689 852 778 906 eum,
792 833 971 916 quicumque
981 838 1109 920 scriptor
1122 861 1130 900 ι
1144 867 1159 892 «ι
1171 837 1277 902 Finem
1287 839 1407 902 Zenonis

351 963 435 1013 esse,
451 945 657 1023 ὁμολογουμένως
674 951 719 1022 ζῇν
735 985 744 1009 ,
760 941 974 1004 convenienter
987 945 1108 1016 virere,
1124 973 1139 998 ι»
1154 949 1235 1027 quod
1250 945 1321 1007 alibi
1334 947 1406 1007 idem

351 1047 472 1108 brevius
485 1047 576 1107 etiam
591 1045 674 1122 dixit,
685 1051 732 1110 ris
747 1051 895 1129 ipsiu-pter,
907 1047 1156 1112 convenientiam
1168 1052 1274 1134 ipsam.
1286 1049 1335 1112 Dc
1344 1049 1405 1112 Na-

347 1169 436 1225 tura,
454 1167 544 1238 negat
559 1152 678 1213 sortiter
691 1153 839 1216 addidisse
855 1167 885 1214 et
900 1153 975 1214 mihi
988 1159 1166 1238 persuadet,
1181 1159 1237 1220 etsi
1248 1157 1406 1221 communis

346 1261 468 1324 traditio
486 1272 644 1343 repugnat.
665 1255 745 1320 Sane
760 1256 871 1324 Cicero
889 1282 945 1345 pro
962 1281 1000 1324 eo
1014 1277 1081 1338 est,
1103 1267 1181 1348 apud
1195 1285 1284 1345 quern
1298 1263 1407 1326 Stoicus

346 1367 426 1433 Cato
440 1393 448 1427 ο
467 1395 482 1422 ο
492 1365 651 1429 Summum
663 1367 794 1428 hominis
810 1365 925 1428 bonum
936 1369 1067 1452 positmn
1079 1383 1124 1432 est
1137 1371 1167 1430 ln
1181 1391 1238 1443 co,
1255 1373 1336 1452 quod
1345 1376 1407 1451 ὁμο-

346 1481 433 1558 λογίαν
449 1474 566 1549 Stoici,
586 1494 641 1535 nos
659 1473 847 1556 appellemus
863 1472 1132 1551 Convenientiam,
1148 1477 1174 1539 si
1186 1477 1295 1560 placet.
1315 1503 1330 1531 ν
1344 1474 1404 1556 (lll

344 1582 395 1644 De
409 1579 510 1642 Finib.
521 1581 535 1658 )
548 1579 638 1642 Nude
649 1593 680 1641 et
690 1580 824 1642 solitarie
835 1581 894 1642 hoc
908 1579 994 1644 eliert
1008 1605 1015 1642 a
1033 1583 1087 1645 etsi
1102 1583 1172 1644 alibi
1185 1583 1288 1656 aliter,
1302 1583 1405 1645 sedhic

344 1688 481 1772 prolecto
497 1688 598 1748 verius
615 1685 800 1768 fideliusque.
829 1685 913 1768 Quid
927 1685 1018 1772 igitur
1032 1703 1077 1751 est
1092 1690 1154 1752 lame
1170 1691 1317 1773 ipolepte?
1341 1689 1407 1751 Non

343 1795 444 1870 aliud,
462 1813 553 1876 quam
564 1813 620 1876 prr
633 1791 788 1854 Virtutem
801 1793 983 1856 couveniens
996 1797 1244 1878 consentiensque
1258 1796 1317 1858 sibi
1331 1796 1404 1866 vita,

341 1903 447 1963 eadem
472 1917 593 1981 semper
617 1900 780 1974 insensu,
807 1913 838 1960 et
851 1899 937 1978 ¹(uisi
959 1901 1140 1983 impeditur)
1163 1916 1239 1965 amu.
1265 1899 1404 1964 Seneca:

343 2007 481 2068 «Virtus
503 2005 710 2067 convenientia
733 2017 859 2066 constat.
882 2003 997 2068 Omnia
1024 2027 1116 2090 opera
1138 2009 1226 2090 ejus,
1251 2029 1322 2071 cmn
1345 2009 1405 2090 ipsa

340 2115 524 2176 concordant
541 2125 571 2173 et
590 2125 792 2194 congruunt.»
816 2111 1009 2194 iterumque:
1036 2111 1212 2188 «Accedat,
1230 2129 1263 2178 ut
1277 2116 1405 2200 perlecta

334 2223 427 2282 uirtus
441 2221 497 2292 sit,
513 2218 686 2300 aequalitas,
707 2211 743 2280 ac
761 2232 849 2280 tenor
871 2221 936 2280 ritae
950 2241 1005 2302 per
1020 2221 1121 2282 omnia
1140 2239 1311 2286 consonans
1324 2221 1380 2284 sibi
1396 2243 1403 2279 ε

337 2329 417 2409 quod
431 2345 492 2386 non
506 2337 605 2415 potest
618 2323 683 2386 lieri
694 2325 778 2400 ,nisi
794 2347 896 2388 rerum
910 2327 1033 2388 scientia
1047 2328 1216 2412 contingat,
1230 2342 1261 2391 et
1270 2349 1341 2404 ars,
1357 2349 1408 2410 per

335 2453 426 2516 quam
443 2431 542 2494 diviua
555 2444 584 2492 et
596 2429 727 2492 humana
735 2437 909 2495 noscamur.
921 2460 936 2485 ν
950 2430 1027 2516 (Ep.
1040 2436 1166 2512 ΜΝ.)
1176 2431 1247 2500 Hoc
1257 2431 1406 2518 Sapientis

336 2540 495 2624 proprium
512 2583 520 2613 ,
535 2535 596 2600 laoc
611 2535 778 2600 Felicitatis
791 2538 1018 2602 fundamentum
1031 2553 1062 2602 et
1076 2555 1294 2623 argumentum.
1309 2539 1408 2603 Sene-

337 2667 371 2710 ca
390 2671 397 2706 :
417 2675 431 2701 «ι
445 2645 531 2707 Licet
543 2645 714 2725 relinquam
727 2644 915 2708 definitiones
928 2643 1089 2728 Sapientiae
1103 2659 1243 2722 veteres,
1259 2648 1321 2710 hac
1332 2667 1406 2730 pos-

336 2773 403 2815 sum
422 2763 577 2814 contentus
594 2771 669 2812 esse.
691 2748 773 2830 Quid
795 2763 840 2811 est
859 2748 1038 2834 Sapientia?
1053 2749 1181 2834 Semper
1201 2753 1281 2814 idem
1304 2752 1404 2824 velle,

336 2871 424 2941 atque
440 2859 521 2920 idem
535 2856 626 2918 nolle.
638 2883 653 2909 ν
666 2853 748 2938 (Ep.
762 2859 836 2934 xx.)
847 2855 929 2937 Quid
942 2859 971 2918 si·
981 2871 1081 2920 autem
1094 2877 1186 2940 praua
1201 2871 1252 2920 aut
1264 2859 1345 2922 salsa
1357 2877 1407 2920 re-

334 2964 411 3026 lim?
427 2967 589 3048 respondet
609 2987 615 3024 :
635 2961 746 3025 «Licet
757 2965 1015 3046 exceptiunculam
1031 2964 1115 3024 illam
1127 2984 1188 3025 non
1203 2965 1364 3048 adjiciam,
1377 2977 1408 3024 ut

335 3071 467 3134 Rectum
484 3071 541 3146 sit,
560 3073 640 3152 quod
656 3071 740 3132 velis.
757 3069 829 3132 Non
842 3079 941 3154 potest
955 3072 1094 3152 cuiquam
1108 3091 1228 3154 semper
1242 3072 1327 3134 idem
1338 3071 1407 3156 pla-

334 3199 424 3254 cere,
437 3177 494 3239 nisi
504 3177 643 3240 Rectam.
655 3207 669 3232 n
679 3177 797 3262 (Epist.
813 3195 898 3240 xxxa.
908 3182 922 3257 )
934 3178 1031 3260 Atque
1040 3181 1128 3241 iterat
1140 3179 1197 3242 lroc
1206 3179 1279 3242 alibi
1292 3203 1300 3240 s
1314 3179 1404 3242 «Non

337 3286 482 3369 contingit
512 3284 730 3365 tranquillitas,
764 3285 822 3346 nisi
845 3285 1032 3346 immutabile
1054 3299 1227 3365 certumque
1258 3286 1407 3366 judicium

337 3393 452 3475 adeptis
468 3413 475 3450 z
492 3390 604 3464 caeteri,
619 3391 757 3452 decidunt
771 3389 1150 3473 subindemtrepouuutur,
1164 3403 1194 3451 et
1203 3390 1282 3452 iuter
1292 3392 1407 3452 omissa

334 3499 525 3584 appetitaque
534 3497 658 3560 alteruis
668 3495 855 3564 fluctuantur.
866 3496 900 3560 si
910 3499 955 3562 vis
966 3499 1073 3560 eadem
1081 3497 1308 3581 semperselle,
1322 3496 1408 3556 Vera

334 3619 454 3690 oportet
472 3604 584 3666 velis.»
605 3601 686 3686 (Ep.
708 3610 799 3685 xcv.)
827 3604 931 3687 ltaque
951 3603 1079 3687 Sapiens
1095 3607 1133 3666 ad
1157 3624 1247 3664 uuam
1268 3603 1406 3684 aliquam

333 3713 470 3795 regulam
485 3731 518 3772 se
533 3710 709 3793 compouit;
726 3725 756 3772 et
771 3739 786 3764 «e
798 3712 862 3773 siue
878 3711 1030 3774 actionum
1042 3709 1246 3784 dissensione,
1261 3709 1326 3770 vita
1341 3708 1408 3788 ejus

333 3819 420 3880 unius
438 3819 523 3900 quasi
544 3817 656 3880 coloris
676 3831 756 3880 est.»
778 3817 867 3897 (Seu.
878 3815 938 3901 Ep.
951 3819 1028 3894 xx.)
1047 3815 1117 3880 Hoc
1136 3815 1337 3899 planissime,
1354 3813 1406 3874 ille

327 3927 411 4007 ‚apud
422 3923 573 3986 Stohoeum
583 3970 591 4001 ,
603 3924 645 3986 ita
657 3926 867 4008 interpretatus
886 3939 930 3986 est
944 3948 951 3981 τ
965 3927 1035 3986 dum
1051 3923 1113 3986 vult
1124 3943 1190 3985 esse
1200 3921 1256 3985 καθ’
1272 3929 1320 3986 ἱνα
1330 3929 1407 4002 λόγον

332 4039 376 4092 ναὶ
389 4039 521 4111 σύμφωνον
535 4043 590 4113 ζῇν,
609 4058 623 4083 u
639 4033 779 4092 adunam
792 4031 941 4092 rationem
954 4041 986 4092 et
1001 4031 1237 4092 consentientem
1247 4030 1359 4092 virere
1369 4057 1384 4082 ιι
1398 4051 1407 4087 ·.

329 4138 490 4219 additque,
513 4165 527 4190 ο
547 4136 682 4199 infelices
701 4135 788 4212 illos,
810 4137 861 4217 qui
875 4135 1017 4198 dissident
1038 4136 1096 4198 sibi
1117 4151 1148 4200 et
1164 4149 1312 4220 pugnam.
1332 4134 1409 4196 »Et

327 4243 408 4305 bona
422 4243 501 4320 lide,
516 4261 577 4304 nou
590 4255 689 4324 potest
701 4243 813 4304 certior
825 4255 896 4303 uota
908 4243 1068 4323 utriusque.
1085 4269 1100 4300 ο
1111 4241 1180 4306 Nisi
1194 4239 1336 4326 Sapienti
1352 4263 1409 4306 sua

325 4371 387 4412 non
403 4349 524 4432 placent
537 4373 545 4408 ι
560 4349 659 4410 omnis
672 4346 802 4410 Stultitia
816 4347 936 4410 laborat
950 4348 1068 4414 fastidio
1079 4349 1134 4410 aui.
1146 4377 1160 4402 ο
1173 4347 1244 4428 (lb.
1258 4346 1327 4431 Ep.
1337 4357 1411 4428 115)
