2894 4954
454 402 623 488 crpus
649 421 721 486 111.
1043 423 1108 490 303

43 545 198 614 Fastidio
216 523 577 641 illisessecoepit'vita,
593 550 713 642 etipse
730 546 876 618 mundus
893 573 900 612 ε
917 562 953 616 et
962 547 1053 616 subit
1069 549 1111 616 il·

45 662 107 730 tud
124 664 318 733 rabidorum
337 663 536 734 deliciorum
551 671 558 700 ¹
575 692 582 730 :
604 666 792 757 Quousque
806 662 979 732 eedem'?

94 779 156 845 111.
173 775 345 847 Adversus
361 778 427 847 hoe
439 777 574 848 taedium
589 803 657 871 quo
666 779 791 848 auxilio
800 794 914 872 putem
923 776 1108 860 utendum,

45 893 186 983 queris.
204 892 404 986 «Optimum
417 884 512 960 erat⁵
530 943 539 975 ,
556 911 594 962 ut
610 895 658 960 nit
674 883 933 961 Athenodorus⁴
952 941 962 974 ,
979 892 1111 960 actione

84 1089 105 1122 r.
123 1067 163 1122 Et
173 1071 243 1123 rudit
251 1072 319 1124 illud
329 1073 480 1125 rabidorum
489 1075 555 1126 deli-
602 1085 681 1126 tutem
690 1072 789 1140 haberi,
801 1093 852 1146 quo
862 1069 1033 1124 difficiliorem
1043 1069 1111 1122 viam

45 1151 159 1200 ciorum.
177 1149 259 1201 Aures
278 1165 286 1202 t
308 1151 463 1204 rabidarum
482 1153 554 1205 dedic.
603 1151 760 1224 ingreditur3
788 1169 920 1222 nunquam
949 1168 1002 1202 non
1021 1147 1111 1200 utilem

46 1225 122 1278 nullo
132 1245 215 1278 seusu.
228 1226 339 1280 Proinde
358 1228 425 1302 conj.
440 1229 554 1303 Lipsius:
604 1247 659 1280 casn
667 1227 842 1292 esse,etiemsi
851 1224 887 1279 nil
895 1237 967 1300 egat,
980 1224 1018 1278 nil
1027 1225 1112 1294 loqua-

45 1307 204 1357 suds's't.........
214 1306 373 1357 tabs'darum.
390 1305 448 1358 Una
466 1306 556 1359 vocula
604 1319 657 1371 tur,
673 1307 763 1380 quippe
773 1326 829 1377 qum
839 1319 862 1360 et
870 1305 970 1359 silentio
978 1324 1023 1358 suo
1032 1303 1112 1355 muita

46 1395 147 1436 mutata
153 1383 325 1436 bouussensus
336 1383 421 1458 prodit
433 1407 440 1435 ι
452 1387 557 1438 rabido·
605 1385 705 1448 innuit,
724 1399 748 1438 et
760 1387 891 1457 quiescens
909 1384 974 1438 bene
988 1381 1110 1453 quiescit3

47 1481 109 1513 rum
123 1461 140 1512 i.
152 1483 171 1513 e.
185 1462 269 1514 furore
280 1462 411 1536 voluptatis
420 1475 540 1516 actorum.
606 1462 671 1515 nihil
678 1462 747 1536 pejus
753 1479 829 1535 etque
837 1463 968 1534 indignius
974 1459 1028 1514 viro
1035 1479 1113 1530 quem

83 1558 107 1589 s.
123 1535 266 1608 Quousque
274 1541 388 1594 eodem?
397 1541 445 1591 int.
455 1539 559 1594 habebi·
606 1541 711 1595 obruere
723 1562 749 1596 se
761 1556 784 1596 et
795 1563 865 1596 suam
878 1544 955 1594 vitam
967 1577 975 1604 ,
996 1552 1020 1592 et
1028 1557 1112 1592 evum

48 1633 125 1676 mus,
143 1626 187 1668 aut
205 1615 288 1668 simile
306 1615 377 1686 quid.
396 1617 453 1669 Vos
469 1617 557 1690 vulgi,
606 1618 706 1674 silentio
719 1621 864 1693 transigere.
877 1619 1051 1692 Exempluma
1064 1617 1114 1670 So-

47 1710 129 1760 quam
137 1690 242 1764 repetit,
252 1692 329 1764 Epist.
340 1707 412 1758 mV,
424 1689 469 1745 iio.
480 1691 559 1767 Epist.

49 1785 161 1834 mxu,
171 1768 216 1822 fin.
229 1773 302 1825 Unus
313 1793 328 1824 e
338 1773 428 1826 nostris
441 1773 520 1846 poetis
531 1773 559 1826 in

49 1846 232 1901 commendato
253 1870 328 1923 opere
349 1851 395 1914 (lu
413 1849 560 1922 Pondypo-

49 1925 180 1986 crr'ss'ode,
201 1926 285 1980 ctam
295 1926 329 1978 Χ
328 1926 359 1978 V
357 1925 404 1991 1⁶)
412 1965 419 1991 ,
433 1927 468 1980 sie
484 1927 560 2000 impe·

50 2015 163 2054 ratomm
170 2015 194 2054 et
200 2024 285 2076 regem
294 2003 474 2078 Hispaniarum
485 2003 561 2058 Caro-

52 2080 108 2130 lum
120 2081 146 2132 V
158 2079 234 2154 tingit
244 2080 333 2152 loqui:

51 2179 154 2228 Tuejoers
167 2181 202 2219 des
215 2181 270 2230 heis,
282 2182 315 2220 des
327 2182 463 2234 ehamps,des
475 2183 563 2232 vellens,

128 2241 165 2280 du
172 2241 272 2290 omhsges
280 2244 284 2278 !

54 2301 108 2350 Qud
117 2311 310 2354 moseteueespeet,
318 2303 423 2354 trusere,
431 2305 566 2346 sn'ed're-tat

89 2399 136 2452 ΙΙΙ.
156 2403 226 2464 Atto.
243 2400 367 2454 Adversus
380 2403 426 2455 hoe
439 2404 542 2456 tedium
556 2442 564 2471 ,

55 2479 140 2543 docet,
150 2477 309 2530 Athenodori
322 2479 402 2532 Stoici
409 2481 502 2554 proevia
510 2501 565 2534 serr-

56 2557 146 2620 teutia,
153 2557 276 2629 optimum
282 2558 476 2612 esseremedium
481 2579 565 2614 rerum

56 2635 187 2687 actionem
196 2635 329 2708 etdeipub.
336 2637 566 2692 tractationemllle

57 2727 145 2766 tamen
151 2715 480 2788 negabatsepieutibusviris
487 2739 567 2791 capes·

56 2790 138 2842 sends
150 2792 265 2865 imperia,
273 2806 315 2846 ant
323 2794 480 2868 occupandos
488 2797 569 2870 magi·

57 2883 165 2936 stretus3
173 2870 200 2922 in
211 2870 258 2923 hac
267 2871 335 2925 enim
343 2871 476 2926 homiuum
486 2873 569 2927 mniti-

58 2947 151 3000 tudine
164 2947 194 2998 ad
205 2949 337 3020 pecuniam
343 2962 366 3001 et
377 2949 487 3002 honores
498 2971 571 3004 ruen-

57 3024 572 3100 tiumnimisessepericulimoribusbonis,

60 3101 257 3174 timendumque
275 3104 438 3158 vehementer
454 3125 487 3158 ne
503 3105 570 3159 vitiis

59 3183 133 3236 haud
143 3183 243 3236 invium
256 3197 341 3256 peetus
352 3185 380 3237 in
392 3205 468 3258 prave
478 3185 571 3238 sensim

60 3260 573 3336 deflectaturzsecedeudumigiturinsoli-

61 3339 193 3405 tudinem,
202 3357 254 3391 non
262 3338 365 3410 quidem
372 3339 536 3406 otiosam,sed
544 3339 572 3392 in

62 3416 232 3490 quaseientiis
240 3416 424 3481 incumbamus,
432 3417 572 3486 etinveutu·

61 3498 93 3549 tis
100 3495 572 3570 intantaprmreptoruminopiaanimos

62 3575 141 3628 bonis
147 3573 288 3646 disciplinis
294 3575 453 3627 instruamus.
460 3573 510 3626 Sed
521 3577 573 3626 An-

64 3652 235 3720 naeus,niruis
241 3651 349 3704 sedatam
359 3651 436 3704 vitam
443 3651 571 3725 rejiciens,

64 3733 137 3803 jubet
148 3749 203 3781 uon
215 3729 351 3803 disciplinis
359 3741 454 3782 tentum
467 3729 575 3782 etseieu·

63 3813 110 3864 tiis
124 3808 272 3862 incumbere
278 3847 286 3874 ,
298 3808 342 3861 sed
355 3809 386 3861 ad
399 3808 486 3862 altiora
499 3822 522 3861 et
530 3829 574 3861 ne-

65 3885 210 3960 gotiosiora
235 3886 366 3951 accedere,
391 3907 473 3957 neque
492 3905 575 3940 rernm

65 3965 229 4040 publicarum
239 3963 383 4016 discrimine
397 3963 559 4017 reformidare
568 3985 575 4027 3

65 4041 308 4098 carendumncnon
315 4055 364 4094 tarn
370 4042 458 4095 vitium
465 4041 578 4094 nobisdi·

65 4121 256 4194 spiiceatquam
262 4118 578 4192 humilisinrepublicaad·

66 4199 184 4275 juranda
190 4196 313 4266 conditi0;
320 4218 350 4250 eo
356 4195 524 4271 pulchriorem
531 4197 579 4248 vir·

607 1709 671 1752 crate
692 1699 737 1768 qui
754 1718 833 1770 quum
843 1696 949 1750 Athenis
963 1698 983 1748 oi
995 1694 1114 1764 rprdsosio

608 1775 759 1850 imperarent
774 1775 929 1840 sevissime,
961 1773 1069 1826 liberum
1087 1791 1114 1825 se

609 1855 731 1923 prestitis.
744 1877 758 1902 e
770 1855 830 1908 Non
842 1854 887 1906 ilio
898 1874 943 1927 pro
955 1851 1019 1906 caris
1028 1851 1115 1904 amicis

610 1933 662 1986 Aut
670 1933 747 2006 patrie
760 1932 862 1986 timidus
870 1930 958 2006 perire.

643 2004 1116 2083 3.0ptrinumerot.1destesset.deoi-

612 2092 669 2152 Ιαγή
681 2101 820 2161 temporum
827 2127 835 2155 ,
848 2110 906 2142 eum
917 2089 955 2142 his
963 2109 1019 2162 que
1028 2091 1117 2164 proxi-

612 2185 653 2218 me
665 2179 809 2237 sequuntur.
825 2168 940 2238 idemque
952 2167 1002 2220 diri
1014 2167 1116 2221 debuis-

612 2254 647 2296 set
657 2262 683 2295 :r
692 2245 824 2318 Optimum
834 2256 887 2308 est,
900 2255 928 2298 ut
941 2247 1031 2298 oiedot
1039 2246 1117 2298 Athe·

613 2321 724 2373 uodorns
732 2343 738 2386 ;
747 2341 814 2390 »pro
825 2342 877 2392 quo
885 2341 892 2375 :
901 2322 1045 2397 «Optimum
1051 2333 1117 2387 etot,

614 2413 640 2453 ut
651 2404 692 2453 or't
705 2401 890 2472 Athenodorus.
902 2423 915 2448 ι
946 2401 947 2406 ’

647 2481 670 2546 4.
680 2481 868 2533 Athenodorus.
878 2480 964 2549 Quum
973 2479 1071 2554 plures,
1083 2479 1119 2532 ii·

615 2577 663 2628 que
689 2557 814 2623 celebres,
844 2557 1003 2611 Athenodori
1027 2557 1121 2610 Fuerint

618 2639 629 2702 (
643 2639 708 2688 conf.
718 2637 816 2691 Febris.
828 2637 895 2690 BibL
905 2637 986 2692 Graec.
999 2637 1057 2690 vol.
1066 2637 1119 2700 ΙΙΙ,

616 2732 639 2785 p.
652 2715 707 2779 542.
718 2715 796 2784 sqq.),
808 2713 855 2766 hoc
865 2714 921 2766 ioco
931 2725 1016 2766 tamen
1027 2713 1121 2767 Soleu-

615 2813 682 2856 sem,
692 2792 978 2867 Zenonisdiscipulum,
992 2792 1041 2846 dici
1052 2807 1123 2866 puta·

617 2869 653 2921 vit
668 2871 765 2945 Lipsius
786 2869 813 2922 iu
833 2869 979 2923 Manuduct.
989 2871 1022 2924 ad
1033 2870 1122 2945 philos.

619 2950 696 3006 stuic.
708 2947 729 3014 1,
747 2967 784 3000 ro.
802 2967 826 3022 p.
844 2949 883 3014 40.
906 2948 976 3000 nulle
995 2949 1123 3023 opinionis

618 3027 715 3083 ratione
733 3022 858 3095 sdjnncta.
871 3023 1041 3076 verisimilius
1059 3028 1124 3079 refe·

619 3126 673 3159 ram
684 3102 716 3157 od
728 3101 920 3156 Athenodorum
930 3101 1122 3177 Cordyiioueru,

621 3183 664 3254 qni
682 3195 706 3235 et
717 3180 846 3234 Tarsensis
860 3179 939 3234 audit.
957 3181 981 3232 Is
1001 3182 1123 3253 mojorem

619 3259 952 3342 hauddubiepnctontatem
960 3271 1046 3312 nactus
1054 3261 1124 3314 estin

620 3338 778 3410 antiquitate,
791 3338 882 3412 qnippe
893 3337 936 3409 qui
948 3357 1026 3409 qnnm
1036 3357 1124 3412 regum

621 3429 645 3469 et
656 3415 796 3488 principum
806 3415 916 3488 plurium
932 3415 1068 3468 amicitiam
1081 3429 1123 3469 aot

621 3491 785 3546 contubernia
794 3491 939 3564 refugisset,
952 3492 1068 3545 incensus
1078 3506 1126 3546 stu·

622 3571 664 3623 dio
676 3572 804 3624 literarum
812 3579 835 3622 et
846 3567 1012 3634 bibliothece,
1020 3569 1061 3622 cui
1068 3571 1127 3624 Per-

623 3647 691 3720 gami
703 3659 821 3720 praeeret,
832 3665 846 3700 a
858 3645 895 3699 M.
911 3645 1014 3699 tandem
1029 3645 1126 3698 Catone

623 3725 735 3778 Uticensi
747 3724 793 3777 sibi
804 3723 946 3798 persuaderi
958 3743 1041 3798 possus
1051 3737 1126 3778 estse·
1173 3751 1176 3756 ·

624 3803 694 3868 nior,
717 3814 744 3853 ut
763 3821 821 3852 eum
842 3802 950 3854 Romam
966 3802 1126 3855 comitaretur

626 3879 764 3950 (Plutarch.
776 3879 820 3934 vit.
832 3879 868 3930 Μ.
883 3877 970 3931 Ceron.
985 3879 1048 3933 min.
1060 3879 1124 3933 Vol.

625 3962 669 4013 lv.
678 3981 702 4033 p.
711 3959 740 4028 37
747 3979 769 4026 7.
777 3958 879 4023 Reish.)
889 3976 896 4019 ς
908 3957 951 4010 ubi
959 3959 1083 4010 clarorum
1092 3959 1128 4010 vi-

626 4057 710 4090 rorum
723 4035 858 4088 amicitiam
869 4076 877 4101 ,
890 4035 1003 4108 inprimis
1013 4037 1129 4106 Augusti,

627 4112 692 4188 apud
712 4132 787 4185 quem
800 4112 878 4184 gratia
889 4111 1024 4185 plurimum
1034 4113 1129 4179 valuit,

628 4194 730 4266 adeptus
739 4207 783 4246 est.
792 4192 846 4245 Hac
856 4193 883 4244 in
893 4191 954 4246 urbe
965 4193 1131 4266 composuisse
