<?xml version="1.0" encoding="UTF-8"?>
<!DOCTYPE html PUBLIC "-//W3C//DTD XHTML 1.0 Transitional//EN"
    "http://www.w3.org/TR/xhtml1/DTD/xhtml1-transitional.dtd">
<html xmlns="http://www.w3.org/1999/xhtml" xml:lang="en" lang="en">
 <head>
  <title>
</title>
<meta http-equiv="Content-Type" content="text/html;charset=utf-8" />
  <meta name='ocr-system' content='tesseract 3.04.00' />
  <meta name='ocr-capabilities' content='ocr_page ocr_carea ocr_par ocr_line ocrx_word'/>
</head>
<body>
  <div class='ocr_page' id='page_1' title='image "./lannsenecparspr01bouigoog_0162.png"; bbox 0 0 2926 4958; ppageno 0'>
   <div class='ocr_carea' id='block_1_1' title="bbox 254 499 1148 596">
    <p class='ocr_par' dir='ltr' id='par_1_1' title="bbox 254 499 1148 596">
     <span class='ocr_line' id='line_1_1' title="bbox 254 499 1148 596; baseline 0.007 -29"><span class='ocrx_word' id='word_1_1' title='bbox 254 499 322 568; x_wconf 84' lang='lat' dir='ltr'><strong>AD</strong></span> <span class='ocrx_word' id='word_1_2' title='bbox 349 499 518 570; x_wconf 89' lang='lat' dir='ltr'><strong>STOIC.</strong></span> <span class='ocrx_word' id='word_1_3' title='bbox 545 499 753 570; x_wconf 84' lang='lat' dir='ltr'><strong>PHILOS.</strong></span> <span class='ocrx_word' id='word_1_4' title='bbox 780 503 877 572; x_wconf 88' lang='lat' dir='ltr'><strong>LIB.</strong></span> <span class='ocrx_word' id='word_1_5' title='bbox 905 503 959 570; x_wconf 94' lang='lat' dir='ltr'><strong>II.</strong></span> <span class='ocrx_word' id='word_1_6' title='bbox 1079 507 1148 596; x_wconf 82' lang='lat' dir='ltr'><strong>cliij</strong></span> 
     </span>
    </p>
   </div>
   <div class='ocr_carea' id='block_1_2' title="bbox 73 641 1153 1052">
    <p class='ocr_par' dir='ltr' id='par_1_2' title="bbox 73 641 1153 1052">
     <span class='ocr_line' id='line_1_2' title="bbox 73 641 1150 731; baseline 0.003 -23"><span class='ocrx_word' id='word_1_7' title='bbox 73 641 358 730; x_wconf 81' lang='lat' dir='ltr'><strong>reponere.Qnintu</strong></span> <span class='ocrx_word' id='word_1_8' title='bbox 372 657 404 706; x_wconf 86' lang='lat' dir='ltr'><strong>et</strong></span> <span class='ocrx_word' id='word_1_9' title='bbox 414 643 459 706; x_wconf 91' lang='lat' dir='ltr'><strong>illi</strong></span> <span class='ocrx_word' id='word_1_10' title='bbox 473 644 554 706; x_wconf 83' lang='lat' dir='ltr'><strong>scrin</strong></span> <span class='ocrx_word' id='word_1_11' title='bbox 568 645 741 726; x_wconf 74' lang='lat' dir='ltr'><strong>qunimIni3</strong></span> <span class='ocrx_word' id='word_1_12' title='bbox 750 643 872 708; x_wconf 85' lang='lat' dir='ltr'><strong>Bonum</strong></span> <span class='ocrx_word' id='word_1_13' title='bbox 882 667 959 726; x_wconf 85' lang='lat' dir='ltr'><strong>csse,</strong></span> <span class='ocrx_word' id='word_1_14' title='bbox 970 652 1041 731; x_wconf 80' lang='lat' dir='ltr'><strong>qula</strong></span> <span class='ocrx_word' id='word_1_15' title='bbox 1054 650 1150 712; x_wconf 88' lang='lat' dir='ltr'><strong>adiine</strong></span> 
     </span>
     <span class='ocr_line' id='line_1_3' title="bbox 74 739 1153 838; baseline 0.003 -24"><span class='ocrx_word' id='word_1_16' title='bbox 74 767 100 814; x_wconf 88' lang='lat' dir='ltr'><strong>et</strong></span> <span class='ocrx_word' id='word_1_17' title='bbox 108 771 234 814; x_wconf 85' lang='lat' dir='ltr'><strong>consors</strong></span> <span class='ocrx_word' id='word_1_18' title='bbox 244 739 425 812; x_wconf 77' lang='lat' dir='ltr'><strong>illinsBoni?</strong></span> <span class='ocrx_word' id='word_1_19' title='bbox 433 747 538 811; x_wconf 87' lang='lat' dir='ltr'><strong>Prima</strong></span> <span class='ocrx_word' id='word_1_20' title='bbox 551 750 658 812; x_wconf 79' lang='lat' dir='ltr'><strong>divisio</strong></span> <span class='ocrx_word' id='word_1_21' title='bbox 664 763 766 812; x_wconf 83' lang='lat' dir='ltr'><strong>nostra</strong></span> <span class='ocrx_word' id='word_1_22' title='bbox 776 773 844 814; x_wconf 91' lang='lat' dir='ltr'><strong>rem</strong></span> <span class='ocrx_word' id='word_1_23' title='bbox 853 753 1006 816; x_wconf 85' lang='lat' dir='ltr'><strong>conficiet:</strong></span> <span class='ocrx_word' id='word_1_24' title='bbox 1017 776 1074 838; x_wconf 93' lang='lat' dir='ltr'><strong>pro</strong></span> <span class='ocrx_word' id='word_1_25' title='bbox 1083 775 1153 817; x_wconf 90' lang='lat' dir='ltr'><strong>meo</strong></span> 
     </span>
     <span class='ocr_line' id='line_1_4' title="bbox 73 837 1153 941; baseline 0.001 -21"><span class='ocrx_word' id='word_1_26' title='bbox 73 859 189 941; x_wconf 85' lang='lat' dir='ltr'><strong>quidem</strong></span> <span class='ocrx_word' id='word_1_27' title='bbox 206 878 306 920; x_wconf 87' lang='lat' dir='ltr'><strong>sensu.</strong></span> <span class='ocrx_word' id='word_1_28' title='bbox 320 853 400 918; x_wconf 83' lang='lat' dir='ltr'><strong>Satis</strong></span> <span class='ocrx_word' id='word_1_29' title='bbox 414 857 451 918; x_wconf 92' lang='lat' dir='ltr'><strong>de</strong></span> <span class='ocrx_word' id='word_1_30' title='bbox 464 837 560 918; x_wconf 84' lang='lat' dir='ltr'><strong>Bonis</strong></span> <span class='ocrx_word' id='word_1_31' title='bbox 580 880 587 915; x_wconf 76' lang='grc' dir='ltr'><strong><em>ε</em></strong></span> <span class='ocrx_word' id='word_1_32' title='bbox 606 857 697 918; x_wconf 74' lang='lat' dir='ltr'><strong>edam</strong></span> <span class='ocrx_word' id='word_1_33' title='bbox 710 855 819 936; x_wconf 84' lang='lat' dir='ltr'><strong>Malis,</strong></span> <span class='ocrx_word' id='word_1_34' title='bbox 834 860 904 940; x_wconf 84' lang='lat' dir='ltr'><strong>quia</strong></span> <span class='ocrx_word' id='word_1_35' title='bbox 921 862 1029 923; x_wconf 86' lang='lat' dir='ltr'><strong>eadem</strong></span> <span class='ocrx_word' id='word_1_36' title='bbox 1043 862 1098 922; x_wconf 89' lang='lat' dir='ltr'><strong>ista</strong></span> <span class='ocrx_word' id='word_1_37' title='bbox 1109 861 1153 922; x_wconf 90' lang='lat' dir='ltr'><strong>in-</strong></span> 
     </span>
     <span class='ocr_line' id='line_1_5' title="bbox 74 958 1139 1052; baseline 0.002 -28"><span class='ocrx_word' id='word_1_38' title='bbox 74 979 171 1039; x_wconf 84' lang='lat' dir='ltr'><strong>verte,</strong></span> <span class='ocrx_word' id='word_1_39' title='bbox 189 978 221 1026; x_wconf 87' lang='lat' dir='ltr'><strong>et</strong></span> <span class='ocrx_word' id='word_1_40' title='bbox 233 965 383 1045; x_wconf 83' lang='lat' dir='ltr'><strong>quadrant</strong></span> <span class='ocrx_word' id='word_1_41' title='bbox 396 963 520 1039; x_wconf 84' lang='lat' dir='ltr'><strong>omnia,</strong></span> <span class='ocrx_word' id='word_1_42' title='bbox 536 958 756 1041; x_wconf 80' lang='lat' dir='ltr'><strong>Definitiones,</strong></span> <span class='ocrx_word' id='word_1_43' title='bbox 767 960 960 1043; x_wconf 77' lang='lat' dir='ltr'><strong>Divisiones‚</strong></span> <span class='ocrx_word' id='word_1_44' title='bbox 979 963 1139 1052; x_wconf 87' lang='lat' dir='ltr'><strong>Exempla.</strong></span> 
     </span>
    </p>
   </div>
   <div class='ocr_carea' id='block_1_3' title="bbox 355 1183 874 1255">
    <p class='ocr_par' dir='ltr' id='par_1_3' title="bbox 355 1183 874 1255">
     <span class='ocr_line' id='line_1_6' title="bbox 355 1183 874 1255; baseline 0.004 -3"><span class='ocrx_word' id='word_1_45' title='bbox 355 1187 703 1254; x_wconf 83' lang='lat' dir='ltr'><strong>DISSEIITATIO</strong></span> <span class='ocrx_word' id='word_1_46' title='bbox 724 1183 874 1255; x_wconf 82' lang='lat' dir='ltr'><strong>XXIII.</strong></span> 
     </span>
    </p>
   </div>
   <div class='ocr_carea' id='block_1_4' title="bbox 75 1353 1157 1546">
    <p class='ocr_par' dir='ltr' id='par_1_4' title="bbox 75 1353 1157 1546">
     <span class='ocr_line' id='line_1_7' title="bbox 75 1353 1157 1441; baseline 0.004 -27"><span class='ocrx_word' id='word_1_47' title='bbox 75 1355 149 1436; x_wconf 76' lang='lat' dir='ltr'><strong>Qua</strong></span> <span class='ocrx_word' id='word_1_48' title='bbox 166 1353 356 1434; x_wconf 79' lang='lat' dir='ltr'><strong>Adiupboro‚</strong></span> <span class='ocrx_word' id='word_1_49' title='bbox 378 1357 440 1416; x_wconf 81' lang='lat' dir='ltr'><strong>sinc</strong></span> <span class='ocrx_word' id='word_1_50' title='bbox 453 1353 593 1416; x_wconf 82' lang='lat' dir='ltr'><strong>Neutra?</strong></span> <span class='ocrx_word' id='word_1_51' title='bbox 614 1379 682 1441; x_wconf 76' lang='lat' dir='ltr'><strong>quw</strong></span> <span class='ocrx_word' id='word_1_52' title='bbox 695 1360 726 1418; x_wconf 81' lang='lat' dir='ltr'><strong>in</strong></span> <span class='ocrx_word' id='word_1_53' title='bbox 740 1359 777 1419; x_wconf 82' lang='lat' dir='ltr'><strong>iis</strong></span> <span class='ocrx_word' id='word_1_54' title='bbox 791 1359 949 1432; x_wconf 81' lang='lat' dir='ltr'><strong>Pmducto,</strong></span> <span class='ocrx_word' id='word_1_55' title='bbox 967 1370 996 1419; x_wconf 83' lang='lat' dir='ltr'><strong>et</strong></span> <span class='ocrx_word' id='word_1_56' title='bbox 1008 1357 1124 1438; x_wconf 82' lang='lat' dir='ltr'><strong>Rejcctn</strong></span> <span class='ocrx_word' id='word_1_57' title='bbox 1139 1361 1157 1418; x_wconf 70' lang='grc' dir='ltr'><strong>,Ρ</strong></span> 
     </span>
     <span class='ocr_line' id='line_1_8' title="bbox 414 1460 822 1546; baseline 0.012 -26"><span class='ocrx_word' id='word_1_58' title='bbox 414 1460 527 1542; x_wconf 76' lang='lat' dir='ltr'><strong>alioque</strong></span> <span class='ocrx_word' id='word_1_59' title='bbox 538 1466 659 1524; x_wconf 83' lang='lat' dir='ltr'><strong>teuniter</strong></span> <span class='ocrx_word' id='word_1_60' title='bbox 668 1465 822 1546; x_wconf 62' lang='lat' dir='ltr'><strong>inquietin:</strong></span> 
     </span>
    </p>
   </div>
   <div class='ocr_carea' id='block_1_5' title="bbox 74 1675 1208 3348">
    <p class='ocr_par' dir='ltr' id='par_1_5' title="bbox 74 1675 1208 3348">
     <span class='ocr_line' id='line_1_9' title="bbox 111 1675 1155 1757; baseline 0 -19"><span class='ocrx_word' id='word_1_61' title='bbox 111 1675 270 1738; x_wconf 67' lang='lat' dir='ltr'><strong>Tarusco</strong></span> <span class='ocrx_word' id='word_1_62' title='bbox 284 1678 323 1737; x_wconf 90' lang='lat' dir='ltr'><strong>ad</strong></span> <span class='ocrx_word' id='word_1_63' title='bbox 337 1677 460 1738; x_wconf 84' lang='lat' dir='ltr'><strong>tertium</strong></span> <span class='ocrx_word' id='word_1_64' title='bbox 473 1675 666 1751; x_wconf 81' lang='lat' dir='ltr'><strong>membrum,</strong></span> <span class='ocrx_word' id='word_1_65' title='bbox 684 1678 765 1757; x_wconf 89' lang='lat' dir='ltr'><strong>qnod</strong></span> <span class='ocrx_word' id='word_1_66' title='bbox 779 1675 897 1740; x_wconf 86' lang='lat' dir='ltr'><strong>Neutra</strong></span> <span class='ocrx_word' id='word_1_67' title='bbox 910 1677 1084 1741; x_wconf 88' lang='lat' dir='ltr'><strong>continebat</strong></span> <span class='ocrx_word' id='word_1_68' title='bbox 1098 1701 1105 1738; x_wconf 94' lang='lat'><strong>:</strong></span> <span class='ocrx_word' id='word_1_69' title='bbox 1124 1679 1155 1739; x_wconf 91' lang='lat' dir='ltr'><strong>id</strong></span> 
     </span>
     <span class='ocr_line' id='line_1_10' title="bbox 74 1780 1156 1868; baseline 0 -22"><span class='ocrx_word' id='word_1_70' title='bbox 74 1797 137 1859; x_wconf 78' lang='lat' dir='ltr'><strong>ert,</strong></span> <span class='ocrx_word' id='word_1_71' title='bbox 152 1804 254 1864; x_wconf 84' lang='lat' dir='ltr'><strong>neque</strong></span> <span class='ocrx_word' id='word_1_72' title='bbox 268 1780 378 1860; x_wconf 85' lang='lat' dir='ltr'><strong>Bona,</strong></span> <span class='ocrx_word' id='word_1_73' title='bbox 395 1787 494 1864; x_wconf 81' lang='lat' dir='ltr'><strong>neque</strong></span> <span class='ocrx_word' id='word_1_74' title='bbox 506 1781 602 1846; x_wconf 85' lang='lat' dir='ltr'><strong>Mala.</strong></span> <span class='ocrx_word' id='word_1_75' title='bbox 617 1781 688 1846; x_wconf 88' lang='lat' dir='ltr'><strong>IIoc</strong></span> <span class='ocrx_word' id='word_1_76' title='bbox 702 1782 777 1846; x_wconf 89' lang='lat' dir='ltr'><strong>illud</strong></span> <span class='ocrx_word' id='word_1_77' title='bbox 790 1796 855 1857; x_wconf 83' lang='lat' dir='ltr'><strong>est,</strong></span> <span class='ocrx_word' id='word_1_78' title='bbox 871 1782 902 1844; x_wconf 93' lang='lat' dir='ltr'><strong>in</strong></span> <span class='ocrx_word' id='word_1_79' title='bbox 919 1803 979 1865; x_wconf 88' lang='lat' dir='ltr'><strong>qno</strong></span> <span class='ocrx_word' id='word_1_80' title='bbox 991 1783 1156 1868; x_wconf 84' lang='lat' dir='ltr'><strong>confligunt</strong></span> 
     </span>
     <span class='ocr_line' id='line_1_11' title="bbox 76 1885 1157 1974; baseline 0.001 -21"><span class='ocrx_word' id='word_1_81' title='bbox 76 1905 104 1953; x_wconf 88' lang='lat' dir='ltr'><strong>ct</strong></span> <span class='ocrx_word' id='word_1_82' title='bbox 115 1893 245 1974; x_wconf 76' lang='lat' dir='ltr'><strong>gradem</strong></span> <span class='ocrx_word' id='word_1_83' title='bbox 261 1889 420 1954; x_wconf 81' lang='lat' dir='ltr'><strong>conferunt</strong></span> <span class='ocrx_word' id='word_1_84' title='bbox 430 1888 608 1953; x_wconf 82' lang='lat' dir='ltr'>Academici</span> <span class='ocrx_word' id='word_1_85' title='bbox 621 1910 659 1953; x_wconf 87' lang='lat' dir='ltr'><strong>ac</strong></span> <span class='ocrx_word' id='word_1_86' title='bbox 671 1885 864 1971; x_wconf 79' lang='lat' dir='ltr'><strong>Peripatetici</strong></span> <span class='ocrx_word' id='word_1_87' title='bbox 879 1911 949 1952; x_wconf 83' lang='lat' dir='ltr'><strong>curn</strong></span> <span class='ocrx_word' id='word_1_88' title='bbox 960 1887 1071 1954; x_wconf 77' lang='lat' dir='ltr'><strong>Stoicis</strong></span> <span class='ocrx_word' id='word_1_89' title='bbox 1084 1916 1092 1953; x_wconf 76' lang='grc' dir='ltr'><strong><em>ι</em></strong></span> <span class='ocrx_word' id='word_1_90' title='bbox 1106 1892 1157 1973; x_wconf 86' lang='lat' dir='ltr'><strong>qui</strong></span> 
     </span>
     <span class='ocr_line' id='line_1_12' title="bbox 76 1995 1158 2081; baseline 0.002 -21"><span class='ocrx_word' id='word_1_91' title='bbox 76 2001 130 2060; x_wconf 82' lang='lat' dir='ltr'><strong>ista</strong></span> <span class='ocrx_word' id='word_1_92' title='bbox 144 2000 211 2081; x_wconf 84' lang='lat' dir='ltr'><strong>ipsa</strong></span> <span class='ocrx_word' id='word_1_93' title='bbox 229 1995 319 2058; x_wconf 87' lang='lat' dir='ltr'><strong>Bona</strong></span> <span class='ocrx_word' id='word_1_94' title='bbox 336 1996 491 2080; x_wconf 83' lang='lat' dir='ltr'><strong>appellant</strong></span> <span class='ocrx_word' id='word_1_95' title='bbox 503 2042 512 2072; x_wconf 82' lang='lat'><strong>‚</strong></span> <span class='ocrx_word' id='word_1_96' title='bbox 525 1999 579 2058; x_wconf 82' lang='lat' dir='ltr'><strong>sed</strong></span> <span class='ocrx_word' id='word_1_97' title='bbox 594 1996 820 2069; x_wconf 81' lang='lat' dir='ltr'><strong>modificantes‚</strong></span> <span class='ocrx_word' id='word_1_98' title='bbox 836 1996 925 2059; x_wconf 87' lang='lat' dir='ltr'><strong>Bona</strong></span> <span class='ocrx_word' id='word_1_99' title='bbox 940 1996 1090 2081; x_wconf 84' lang='lat' dir='ltr'>Corporis</span> <span class='ocrx_word' id='word_1_100' title='bbox 1107 2010 1158 2062; x_wconf 90' lang='lat' dir='ltr'><strong>aut</strong></span> 
     </span>
     <span class='ocr_line' id='line_1_13' title="bbox 77 2102 1154 2188; baseline 0.002 -22"><span class='ocrx_word' id='word_1_101' title='bbox 77 2104 230 2168; x_wconf 78' lang='lat' dir='ltr'>Externa:</span> <span class='ocrx_word' id='word_1_102' title='bbox 245 2103 341 2166; x_wconf 80' lang='lat' dir='ltr'><strong>nostri</strong></span> <span class='ocrx_word' id='word_1_103' title='bbox 353 2115 519 2188; x_wconf 81' lang='lat' dir='ltr'><strong>pernegant</strong></span> <span class='ocrx_word' id='word_1_104' title='bbox 531 2149 540 2180; x_wconf 83' lang='lat'>,</span> <span class='ocrx_word' id='word_1_105' title='bbox 553 2124 610 2166; x_wconf 90' lang='lat' dir='ltr'><strong>nec</strong></span> <span class='ocrx_word' id='word_1_106' title='bbox 623 2103 682 2165; x_wconf 89' lang='lat' dir='ltr'><strong>nisi</strong></span> <span class='ocrx_word' id='word_1_107' title='bbox 695 2103 829 2181; x_wconf 87' lang='lat' dir='ltr'><strong>Neutra,</strong></span> <span class='ocrx_word' id='word_1_108' title='bbox 842 2102 969 2186; x_wconf 84' lang='lat' dir='ltr'><strong>Media,</strong></span> <span class='ocrx_word' id='word_1_109' title='bbox 982 2102 1154 2187; x_wconf 83' lang='lat' dir='ltr'><strong>Interjecta‚</strong></span> 
     </span>
     <span class='ocr_line' id='line_1_14' title="bbox 79 2207 1156 2294; baseline 0.001 -20"><span class='ocrx_word' id='word_1_110' title='bbox 79 2211 265 2274; x_wconf 86' lang='lat' dir='ltr'><strong>creberrime</strong></span> <span class='ocrx_word' id='word_1_111' title='bbox 282 2209 505 2289; x_wconf 76' lang='lat' dir='ltr'><strong>Indil&#39;Iercntia,</strong></span> <span class='ocrx_word' id='word_1_112' title='bbox 522 2231 559 2272; x_wconf 84' lang='lat' dir='ltr'><strong>ea</strong></span> <span class='ocrx_word' id='word_1_113' title='bbox 569 2209 679 2272; x_wconf 88' lang='lat' dir='ltr'><strong>dicunt.</strong></span> <span class='ocrx_word' id='word_1_114' title='bbox 692 2207 933 2294; x_wconf 82' lang='lat' dir='ltr'><strong>DiligentIssime</strong></span> <span class='ocrx_word' id='word_1_115' title='bbox 944 2210 1024 2275; x_wconf 89' lang='lat' dir='ltr'><strong>hanc</strong></span> <span class='ocrx_word' id='word_1_116' title='bbox 1036 2225 1156 2294; x_wconf 89' lang='lat' dir='ltr'><strong>partem</strong></span> 
     </span>
     <span class='ocr_line' id='line_1_15' title="bbox 80 2316 1156 2402; baseline -0.001 -21"><span class='ocrx_word' id='word_1_117' title='bbox 80 2318 294 2402; x_wconf 87' lang='lat' dir='ltr'><strong>percoluerunt</strong></span> <span class='ocrx_word' id='word_1_118' title='bbox 312 2340 319 2375; x_wconf 93' lang='lat'>:</span> <span class='ocrx_word' id='word_1_119' title='bbox 334 2331 398 2380; x_wconf 86' lang='lat' dir='ltr'><strong>tum</strong></span> <span class='ocrx_word' id='word_1_120' title='bbox 411 2317 454 2382; x_wconf 87' lang='lat' dir='ltr'><strong>ob</strong></span> <span class='ocrx_word' id='word_1_121' title='bbox 468 2317 581 2382; x_wconf 87' lang='lat' dir='ltr'><strong>dictam</strong></span> <span class='ocrx_word' id='word_1_122' title='bbox 591 2337 742 2401; x_wconf 83' lang='lat' dir='ltr'><strong>pugnam,</strong></span> <span class='ocrx_word' id='word_1_123' title='bbox 757 2329 823 2380; x_wconf 90' lang='lat' dir='ltr'><strong>tum</strong></span> <span class='ocrx_word' id='word_1_124' title='bbox 836 2318 907 2399; x_wconf 82' lang='lat' dir='ltr'><strong>qnia</strong></span> <span class='ocrx_word' id='word_1_125' title='bbox 922 2316 1026 2382; x_wconf 82' lang='lat' dir='ltr'><strong>Aristo</strong></span> <span class='ocrx_word' id='word_1_126' title='bbox 1041 2316 1156 2393; x_wconf 84' lang='lat' dir='ltr'><strong>Chius,</strong></span> 
     </span>
     <span class='ocr_line' id='line_1_16' title="bbox 78 2421 1208 2510; baseline -0.004 -24"><span class='ocrx_word' id='word_1_127' title='bbox 78 2422 195 2510; x_wconf 78' lang='lat' dir='ltr'><strong>Pyrrho</strong></span> <span class='ocrx_word' id='word_1_128' title='bbox 209 2439 240 2488; x_wconf 90' lang='lat' dir='ltr'><strong>et</strong></span> <span class='ocrx_word' id='word_1_129' title='bbox 251 2424 395 2501; x_wconf 65' lang='lat' dir='ltr'><strong>adseclae,</strong></span> <span class='ocrx_word' id='word_1_130' title='bbox 411 2423 505 2488; x_wconf 87' lang='lat' dir='ltr'><strong>allam</strong></span> <span class='ocrx_word' id='word_1_131' title='bbox 515 2421 754 2488; x_wconf 83' lang='lat' dir='ltr'><strong>InditIcrentiam</strong></span> <span class='ocrx_word' id='word_1_132' title='bbox 765 2469 773 2502; x_wconf 89' lang='lat'>‚</span> <span class='ocrx_word' id='word_1_133' title='bbox 786 2425 968 2490; x_wconf 89' lang='lat' dir='ltr'><strong>inducebant</strong></span> <span class='ocrx_word' id='word_1_134' title='bbox 983 2447 989 2484; x_wconf 95' lang='lat'><strong>:</strong></span> <span class='ocrx_word' id='word_1_135' title='bbox 1007 2427 1058 2507; x_wconf 88' lang='lat' dir='ltr'><strong>qui</strong></span> <span class='ocrx_word' id='word_1_136' title='bbox 1075 2427 1115 2488; x_wconf 87' lang='lat' dir='ltr'><strong>ita</strong></span> <span class='ocrx_word' id='word_1_137' title='bbox 1126 2426 1159 2486; x_wconf 84' lang='lat' dir='ltr'><strong>in</strong></span> <span class='ocrx_word' id='word_1_138' title='bbox 1205 2477 1208 2482; x_wconf 87' lang='lat'><em>.</em></span> 
     </span>
     <span class='ocr_line' id='line_1_17' title="bbox 82 2529 1157 2615; baseline 0.002 -23"><span class='ocrx_word' id='word_1_139' title='bbox 82 2531 144 2594; x_wconf 79' lang='lat' dir='ltr'><strong>cola</strong></span> <span class='ocrx_word' id='word_1_140' title='bbox 157 2531 281 2594; x_wconf 76' lang='lat' dir='ltr'><strong>Virtute</strong></span> <span class='ocrx_word' id='word_1_141' title='bbox 292 2545 323 2594; x_wconf 87' lang='lat' dir='ltr'><strong>et</strong></span> <span class='ocrx_word' id='word_1_142' title='bbox 333 2529 419 2594; x_wconf 84' lang='lat' dir='ltr'><strong>Vitio</strong></span> <span class='ocrx_word' id='word_1_143' title='bbox 433 2531 536 2594; x_wconf 84' lang='lat' dir='ltr'><strong>onmia</strong></span> <span class='ocrx_word' id='word_1_144' title='bbox 550 2530 723 2615; x_wconf 83' lang='lat' dir='ltr'><strong>ponebant,</strong></span> <span class='ocrx_word' id='word_1_145' title='bbox 737 2546 770 2594; x_wconf 89' lang='lat' dir='ltr'><strong>ut</strong></span> <span class='ocrx_word' id='word_1_146' title='bbox 784 2533 1014 2598; x_wconf 81' lang='lat' dir='ltr'><strong>rernm&#39;diiectn</strong></span> <span class='ocrx_word' id='word_1_147' title='bbox 1023 2532 1157 2609; x_wconf 82' lang='lat' dir='ltr'><strong>sublato,</strong></span> 
     </span>
     <span class='ocr_line' id='line_1_18' title="bbox 83 2636 1158 2723; baseline 0.002 -21"><span class='ocrx_word' id='word_1_148' title='bbox 83 2665 98 2692; x_wconf 77' lang='grc' dir='ltr'>ι</span> <span class='ocrx_word' id='word_1_149' title='bbox 110 2651 211 2702; x_wconf 82' lang='lat' dir='ltr'><strong>cetera</strong></span> <span class='ocrx_word' id='word_1_150' title='bbox 225 2659 284 2722; x_wconf 87' lang='lat' dir='ltr'><strong>pro</strong></span> <span class='ocrx_word' id='word_1_151' title='bbox 294 2637 391 2700; x_wconf 86' lang='lat' dir='ltr'><strong>nihilo</strong></span> <span class='ocrx_word' id='word_1_152' title='bbox 404 2636 554 2702; x_wconf 80' lang='lat' dir='ltr'><strong>haberent</strong></span> <span class='ocrx_word' id='word_1_153' title='bbox 568 2662 575 2699; x_wconf 74' lang='grc' dir='ltr'><strong>ι</strong></span> <span class='ocrx_word' id='word_1_154' title='bbox 592 2652 623 2701; x_wconf 90' lang='lat' dir='ltr'><strong>et</strong></span> <span class='ocrx_word' id='word_1_155' title='bbox 632 2639 711 2702; x_wconf 89' lang='lat' dir='ltr'><strong>inter</strong></span> <span class='ocrx_word' id='word_1_156' title='bbox 723 2639 837 2723; x_wconf 86' lang='lat' dir='ltr'><strong>optimc</strong></span> <span class='ocrx_word' id='word_1_157' title='bbox 848 2638 985 2712; x_wconf 83' lang='lat' dir='ltr'>Valere,</span> <span class='ocrx_word' id='word_1_158' title='bbox 1002 2652 1032 2701; x_wconf 93' lang='lat' dir='ltr'><strong>et</strong></span> <span class='ocrx_word' id='word_1_159' title='bbox 1041 2640 1158 2722; x_wconf 82' lang='lat' dir='ltr'><strong>gravis·</strong></span> 
     </span>
     <span class='ocr_line' id='line_1_19' title="bbox 84 2743 1157 2830; baseline 0.003 -23"><span class='ocrx_word' id='word_1_160' title='bbox 84 2747 157 2808; x_wconf 74' lang='lat' dir='ltr'><strong>nme</strong></span> <span class='ocrx_word' id='word_1_161' title='bbox 167 2743 359 2830; x_wconf 77' lang='lat' dir='ltr'><strong>AEgrotare‚</strong></span> <span class='ocrx_word' id='word_1_162' title='bbox 375 2743 451 2806; x_wconf 88' lang='lat' dir='ltr'><strong>nihil</strong></span> <span class='ocrx_word' id='word_1_163' title='bbox 464 2765 589 2828; x_wconf 81' lang='lat' dir='ltr'><strong>prorsus</strong></span> <span class='ocrx_word' id='word_1_164' title='bbox 601 2745 736 2808; x_wconf 81' lang='lat' dir='ltr'><strong>dicerent</strong></span> <span class='ocrx_word' id='word_1_165' title='bbox 751 2745 930 2810; x_wconf 78' lang='lat' dir='ltr'><strong>interesse.»</strong></span> <span class='ocrx_word' id='word_1_166' title='bbox 946 2743 1034 2822; x_wconf 88' lang='lat' dir='ltr'><strong>(Cic.</strong></span> <span class='ocrx_word' id='word_1_167' title='bbox 1050 2745 1080 2808; x_wconf 98' lang='lat' dir='ltr'><strong>II</strong></span> <span class='ocrx_word' id='word_1_168' title='bbox 1106 2744 1157 2810; x_wconf 90' lang='lat' dir='ltr'><strong>De</strong></span> 
     </span>
     <span class='ocr_line' id='line_1_20' title="bbox 86 2831 1158 2934; baseline 0.002 -22"><span class='ocrx_word' id='word_1_169' title='bbox 86 2849 149 2912; x_wconf 80' lang='lat' dir='ltr'><strong>Itu.</strong></span> <span class='ocrx_word' id='word_1_170' title='bbox 163 2865 195 2914; x_wconf 91' lang='lat' dir='ltr'><strong>et</strong></span> <span class='ocrx_word' id='word_1_171' title='bbox 209 2851 273 2913; x_wconf 86' lang='lat' dir='ltr'><strong>alii.</strong></span> <span class='ocrx_word' id='word_1_172' title='bbox 283 2859 293 2926; x_wconf 88' lang='lat'><strong>&gt;</strong></span> <span class='ocrx_word' id='word_1_173' title='bbox 305 2849 391 2912; x_wconf 86' lang='lat' dir='ltr'><strong>Idem</strong></span> <span class='ocrx_word' id='word_1_174' title='bbox 403 2851 435 2912; x_wconf 92' lang='lat' dir='ltr'><strong>in</strong></span> <span class='ocrx_word' id='word_1_175' title='bbox 446 2849 594 2934; x_wconf 90' lang='lat' dir='ltr'><strong>Pauperie</strong></span> <span class='ocrx_word' id='word_1_176' title='bbox 605 2895 614 2928; x_wconf 77' lang='grc'><em>,</em></span> <span class='ocrx_word' id='word_1_177' title='bbox 627 2846 764 2934; x_wconf 85' lang='lat' dir='ltr'><strong>Opibus,</strong></span> <span class='ocrx_word' id='word_1_178' title='bbox 779 2850 905 2933; x_wconf 77' lang='lat' dir='ltr'><strong>aliisque</strong></span> <span class='ocrx_word' id='word_1_179' title='bbox 919 2831 1050 2914; x_wconf 83' lang='lat' dir='ltr'><strong>externis</strong></span> <span class='ocrx_word' id='word_1_180' title='bbox 1063 2876 1070 2912; x_wconf 90' lang='lat'>:</span> <span class='ocrx_word' id='word_1_181' title='bbox 1082 2875 1158 2934; x_wconf 89' lang='lat' dir='ltr'><strong>quo·</strong></span> 
     </span>
     <span class='ocr_line' id='line_1_21' title="bbox 86 2955 1157 3042; baseline 0.002 -22"><span class='ocrx_word' id='word_1_182' title='bbox 86 2980 150 3020; x_wconf 88' lang='lat' dir='ltr'><strong>rum</strong></span> <span class='ocrx_word' id='word_1_183' title='bbox 162 2958 239 3034; x_wconf 84' lang='lat' dir='ltr'><strong>nihil</strong></span> <span class='ocrx_word' id='word_1_184' title='bbox 255 2972 333 3020; x_wconf 88' lang='lat' dir='ltr'><strong>esset</strong></span> <span class='ocrx_word' id='word_1_185' title='bbox 347 2958 434 3020; x_wconf 89' lang='lat' dir='ltr'><strong>alteri</strong></span> <span class='ocrx_word' id='word_1_186' title='bbox 452 2979 514 3040; x_wconf 73' lang='lat' dir='ltr'><strong>prce</strong></span> <span class='ocrx_word' id='word_1_187' title='bbox 529 2972 580 3019; x_wconf 87' lang='lat' dir='ltr'><strong>aot</strong></span> <span class='ocrx_word' id='word_1_188' title='bbox 596 2971 666 3041; x_wconf 89' lang='lat' dir='ltr'><strong>post</strong></span> <span class='ocrx_word' id='word_1_189' title='bbox 679 2960 863 3042; x_wconf 90' lang='lat' dir='ltr'><strong>ponendum.</strong></span> <span class='ocrx_word' id='word_1_190' title='bbox 880 2955 995 3035; x_wconf 82' lang='lat' dir='ltr'><strong>Fatua,</strong></span> <span class='ocrx_word' id='word_1_191' title='bbox 1011 2973 1157 3022; x_wconf 74' lang='lat' dir='ltr'><strong>ettamen</strong></span> 
     </span>
     <span class='ocr_line' id='line_1_22' title="bbox 86 3059 1160 3148; baseline 0 -19"><span class='ocrx_word' id='word_1_192' title='bbox 86 3067 223 3146; x_wconf 83' lang='lat' dir='ltr'><strong>pervicax</strong></span> <span class='ocrx_word' id='word_1_193' title='bbox 243 3065 390 3126; x_wconf 84' lang='lat' dir='ltr'><strong>sententia</strong></span> <span class='ocrx_word' id='word_1_194' title='bbox 407 3087 415 3136; x_wconf 89' lang='lat'><strong>;</strong></span> <span class='ocrx_word' id='word_1_195' title='bbox 439 3077 544 3132; x_wconf 84' lang='lat' dir='ltr'><strong>contra</strong></span> <span class='ocrx_word' id='word_1_196' title='bbox 565 3084 657 3144; x_wconf 84' lang='lat' dir='ltr'><strong>quam</strong></span> <span class='ocrx_word' id='word_1_197' title='bbox 675 3063 730 3126; x_wconf 86' lang='lat' dir='ltr'><strong>etsi</strong></span> <span class='ocrx_word' id='word_1_198' title='bbox 752 3059 863 3128; x_wconf 90' lang='lat' dir='ltr'><strong>Cicero</strong></span> <span class='ocrx_word' id='word_1_199' title='bbox 882 3063 924 3124; x_wconf 89' lang='lat' dir='ltr'><strong>ait</strong></span> <span class='ocrx_word' id='word_1_200' title='bbox 941 3065 1025 3146; x_wconf 66' lang='lat' dir='ltr'><strong>«jam</strong></span> <span class='ocrx_word' id='word_1_201' title='bbox 1040 3067 1160 3148; x_wconf 87' lang='lat' dir='ltr'><strong>pridem</strong></span> 
     </span>
     <span class='ocr_line' id='line_1_23' title="bbox 88 3161 1158 3247; baseline 0 -23"><span class='ocrx_word' id='word_1_202' title='bbox 88 3165 211 3227; x_wconf 81' lang='lat' dir='ltr'><strong>desitum</strong></span> <span class='ocrx_word' id='word_1_203' title='bbox 225 3186 291 3228; x_wconf 87' lang='lat' dir='ltr'><strong>esse</strong></span> <span class='ocrx_word' id='word_1_204' title='bbox 306 3164 449 3246; x_wconf 86' lang='lat' dir='ltr'><strong>disputari</strong></span> <span class='ocrx_word' id='word_1_205' title='bbox 459 3191 472 3218; x_wconf 71' lang='grc' dir='ltr'><strong>υ</strong></span> <span class='ocrx_word' id='word_1_206' title='bbox 487 3161 601 3246; x_wconf 85' lang='lat' dir='ltr'><strong>(Ibid)</strong></span> <span class='ocrx_word' id='word_1_207' title='bbox 611 3188 618 3235; x_wconf 86' lang='lat'>;</span> <span class='ocrx_word' id='word_1_208' title='bbox 629 3176 731 3226; x_wconf 83' lang='lat' dir='ltr'><strong>tamen</strong></span> <span class='ocrx_word' id='word_1_209' title='bbox 742 3177 810 3246; x_wconf 90' lang='lat' dir='ltr'><strong>post</strong></span> <span class='ocrx_word' id='word_1_210' title='bbox 822 3162 910 3226; x_wconf 87' lang='lat' dir='ltr'><strong>illurn</strong></span> <span class='ocrx_word' id='word_1_211' title='bbox 921 3163 1058 3247; x_wconf 83' lang='lat' dir='ltr'><strong>proiecto</strong></span> <span class='ocrx_word' id='word_1_212' title='bbox 1071 3166 1158 3242; x_wconf 82' lang='lat' dir='ltr'><strong>vixit,</strong></span> 
     </span>
     <span class='ocr_line' id='line_1_24' title="bbox 88 3261 1160 3348; baseline 0.003 -27"><span class='ocrx_word' id='word_1_213' title='bbox 88 3263 146 3325; x_wconf 86' lang='lat' dir='ltr'><strong>imo</strong></span> <span class='ocrx_word' id='word_1_214' title='bbox 161 3264 285 3342; x_wconf 84' lang='lat' dir='ltr'><strong>floruit,</strong></span> <span class='ocrx_word' id='word_1_215' title='bbox 309 3278 340 3326; x_wconf 92' lang='lat' dir='ltr'><strong>et</strong></span> <span class='ocrx_word' id='word_1_216' title='bbox 359 3261 442 3326; x_wconf 84' lang='lat' dir='ltr'><strong>Sexti</strong></span> <span class='ocrx_word' id='word_1_217' title='bbox 462 3261 612 3346; x_wconf 85' lang='lat' dir='ltr'><strong>Empirici</strong></span> <span class='ocrx_word' id='word_1_218' title='bbox 631 3263 756 3326; x_wconf 80' lang='lat' dir='ltr'><strong>subtiles</strong></span> <span class='ocrx_word' id='word_1_219' title='bbox 777 3263 848 3324; x_wconf 91' lang='lat' dir='ltr'><strong>libri</strong></span> <span class='ocrx_word' id='word_1_220' title='bbox 868 3286 959 3348; x_wconf 90' lang='lat' dir='ltr'><strong>snper</strong></span> <span class='ocrx_word' id='word_1_221' title='bbox 980 3285 1016 3326; x_wconf 88' lang='lat' dir='ltr'><strong>ea</strong></span> <span class='ocrx_word' id='word_1_222' title='bbox 1035 3277 1160 3325; x_wconf 85' lang='lat' dir='ltr'><strong>exstant.</strong></span> 
     </span>
    </p>
   </div>
   <div class='ocr_carea' id='block_1_6' title="bbox 88 3367 1167 4085">
    <p class='ocr_par' dir='ltr' id='par_1_6' title="bbox 88 3367 1167 4085">
     <span class='ocr_line' id='line_1_25' title="bbox 88 3367 1161 3453; baseline 0 -21"><span class='ocrx_word' id='word_1_223' title='bbox 88 3367 167 3450; x_wconf 84' lang='lat' dir='ltr'><strong>Quid</strong></span> <span class='ocrx_word' id='word_1_224' title='bbox 179 3373 261 3452; x_wconf 90' lang='lat' dir='ltr'><strong>qnod</strong></span> <span class='ocrx_word' id='word_1_225' title='bbox 275 3367 444 3432; x_wconf 81' lang='lat' dir='ltr'><strong>Favorinus</strong></span> <span class='ocrx_word' id='word_1_226' title='bbox 455 3368 565 3432; x_wconf 82' lang='lat' dir='ltr'><strong>Gallus</strong></span> <span class='ocrx_word' id='word_1_227' title='bbox 575 3368 792 3453; x_wconf 82' lang='lat' dir='ltr'><strong>philosophus,</strong></span> <span class='ocrx_word' id='word_1_228' title='bbox 805 3367 955 3432; x_wconf 89' lang='lat' dir='ltr'><strong>Hadriani</strong></span> <span class='ocrx_word' id='word_1_229' title='bbox 966 3391 1030 3440; x_wconf 76' lang='lat' dir='ltr'><strong>aevo</strong></span> <span class='ocrx_word' id='word_1_230' title='bbox 1041 3416 1050 3448; x_wconf 84' lang='lat'>,</span> <span class='ocrx_word' id='word_1_231' title='bbox 1063 3370 1093 3430; x_wconf 90' lang='lat' dir='ltr'><strong>in</strong></span> <span class='ocrx_word' id='word_1_232' title='bbox 1104 3370 1161 3432; x_wconf 87' lang='lat' dir='ltr'><strong>hac</strong></span> 
     </span>
     <span class='ocr_line' id='line_1_26' title="bbox 91 3472 1160 3560; baseline -0.001 -23"><span class='ocrx_word' id='word_1_233' title='bbox 91 3491 165 3538; x_wconf 85' lang='lat' dir='ltr'><strong>secta</strong></span> <span class='ocrx_word' id='word_1_234' title='bbox 181 3477 260 3538; x_wconf 85' lang='lat' dir='ltr'><strong>init?</strong></span> <span class='ocrx_word' id='word_1_235' title='bbox 276 3477 328 3559; x_wconf 90' lang='lat' dir='ltr'><strong>qui</strong></span> <span class='ocrx_word' id='word_1_236' title='bbox 346 3498 438 3559; x_wconf 84' lang='lat' dir='ltr'><strong>nsque</strong></span> <span class='ocrx_word' id='word_1_237' title='bbox 453 3499 490 3538; x_wconf 90' lang='lat' dir='ltr'><strong>eo</strong></span> <span class='ocrx_word' id='word_1_238' title='bbox 507 3472 678 3559; x_wconf 71' lang='lat' dir='ltr'><strong>«Epochcn</strong></span> <span class='ocrx_word' id='word_1_239' title='bbox 694 3476 851 3558; x_wconf 86' lang='lat' dir='ltr'><strong>produxit,</strong></span> <span class='ocrx_word' id='word_1_240' title='bbox 869 3491 901 3538; x_wconf 92' lang='lat' dir='ltr'><strong>ut</strong></span> <span class='ocrx_word' id='word_1_241' title='bbox 915 3489 1039 3560; x_wconf 82' lang='lat' dir='ltr'><strong>negaret</strong></span> <span class='ocrx_word' id='word_1_242' title='bbox 1055 3477 1103 3536; x_wconf 86' lang='lat' dir='ltr'><strong>vel</strong></span> <span class='ocrx_word' id='word_1_243' title='bbox 1118 3476 1160 3537; x_wconf 89' lang='lat' dir='ltr'><strong>iI-</strong></span> 
     </span>
     <span class='ocr_line' id='line_1_27' title="bbox 92 3580 1163 3668; baseline 0.001 -26"><span class='ocrx_word' id='word_1_244' title='bbox 92 3583 139 3644; x_wconf 93' lang='lat' dir='ltr'><strong>Ind</strong></span> <span class='ocrx_word' id='word_1_245' title='bbox 149 3584 301 3646; x_wconf 89' lang='lat' dir='ltr'><strong>intellectu</strong></span> <span class='ocrx_word' id='word_1_246' title='bbox 315 3583 547 3668; x_wconf 80' lang='lat' dir='ltr'><strong>comprehendI‚</strong></span> <span class='ocrx_word' id='word_1_247' title='bbox 560 3580 666 3644; x_wconf 88' lang='lat' dir='ltr'><strong>Solem</strong></span> <span class='ocrx_word' id='word_1_248' title='bbox 678 3603 753 3645; x_wconf 90' lang='lat' dir='ltr'><strong>esse.</strong></span> <span class='ocrx_word' id='word_1_249' title='bbox 763 3611 776 3635; x_wconf 69' lang='grc' dir='ltr'><strong>ι·</strong></span> <span class='ocrx_word' id='word_1_250' title='bbox 794 3581 922 3666; x_wconf 87' lang='lat' dir='ltr'><strong>(Galen.</strong></span> <span class='ocrx_word' id='word_1_251' title='bbox 934 3597 1039 3645; x_wconf 88' lang='lat' dir='ltr'><strong>contra</strong></span> <span class='ocrx_word' id='word_1_252' title='bbox 1049 3581 1163 3662; x_wconf 76' lang='lat' dir='ltr'><strong>Acad.)</strong></span> 
     </span>
     <span class='ocr_line' id='line_1_28' title="bbox 93 3685 1164 3775; baseline 0 -25"><span class='ocrx_word' id='word_1_253' title='bbox 93 3685 142 3751; x_wconf 79' lang='lat' dir='ltr'><strong>oh</strong></span> <span class='ocrx_word' id='word_1_254' title='bbox 156 3691 212 3752; x_wconf 86' lang='lat' dir='ltr'><strong>hos</strong></span> <span class='ocrx_word' id='word_1_255' title='bbox 229 3691 321 3775; x_wconf 85' lang='lat' dir='ltr'><strong>igitur</strong></span> <span class='ocrx_word' id='word_1_256' title='bbox 337 3703 368 3752; x_wconf 87' lang='lat' dir='ltr'><strong>et</strong></span> <span class='ocrx_word' id='word_1_257' title='bbox 389 3689 485 3766; x_wconf 86' lang='lat' dir='ltr'><strong>tales,</strong></span> <span class='ocrx_word' id='word_1_258' title='bbox 509 3686 605 3752; x_wconf 85' lang='lat' dir='ltr'><strong>Stoici</strong></span> <span class='ocrx_word' id='word_1_259' title='bbox 625 3687 802 3772; x_wconf 81' lang='lat' dir='ltr'><strong>Adiaphora</strong></span> <span class='ocrx_word' id='word_1_260' title='bbox 827 3690 944 3752; x_wconf 89' lang='lat' dir='ltr'><strong>curiose</strong></span> <span class='ocrx_word' id='word_1_261' title='bbox 966 3701 996 3750; x_wconf 90' lang='lat' dir='ltr'><strong>et</strong></span> <span class='ocrx_word' id='word_1_262' title='bbox 1015 3688 1164 3750; x_wconf 90' lang='lat' dir='ltr'><strong>subtiliter</strong></span> 
     </span>
     <span class='ocr_line' id='line_1_29' title="bbox 96 3793 1167 3860; baseline 0.002 -6"><span class='ocrx_word' id='word_1_263' title='bbox 96 3799 297 3860; x_wconf 77' lang='lat' dir='ltr'><strong>examinarunt</strong></span> <span class='ocrx_word' id='word_1_264' title='bbox 313 3821 320 3856; x_wconf 74' lang='grc' dir='ltr'><strong>ε</strong></span> <span class='ocrx_word' id='word_1_265' title='bbox 337 3811 368 3858; x_wconf 94' lang='lat' dir='ltr'><strong>et</strong></span> <span class='ocrx_word' id='word_1_266' title='bbox 380 3797 480 3859; x_wconf 89' lang='lat' dir='ltr'><strong>varias</strong></span> <span class='ocrx_word' id='word_1_267' title='bbox 493 3794 670 3859; x_wconf 80' lang='lat' dir='ltr'><strong>Divisiones</strong></span> <span class='ocrx_word' id='word_1_268' title='bbox 681 3817 716 3857; x_wconf 87' lang='lat' dir='ltr'><strong>ac</strong></span> <span class='ocrx_word' id='word_1_269' title='bbox 730 3793 917 3859; x_wconf 85' lang='lat' dir='ltr'><strong>Discrimina</strong></span> <span class='ocrx_word' id='word_1_270' title='bbox 932 3798 1088 3858; x_wconf 85' lang='lat' dir='ltr'><strong>dederunt.</strong></span> <span class='ocrx_word' id='word_1_271' title='bbox 1102 3795 1167 3857; x_wconf 87' lang='lat' dir='ltr'><strong>Ite-</strong></span> 
     </span>
     <span class='ocr_line' id='line_1_30' title="bbox 97 3899 1165 3986; baseline 0.002 -24"><span class='ocrx_word' id='word_1_272' title='bbox 97 3921 161 3962; x_wconf 85' lang='lat' dir='ltr'><strong>rnrn</strong></span> <span class='ocrx_word' id='word_1_273' title='bbox 176 3919 205 3966; x_wconf 88' lang='lat' dir='ltr'><strong>te</strong></span> <span class='ocrx_word' id='word_1_274' title='bbox 219 3904 387 3980; x_wconf 84' lang='lat' dir='ltr'><strong>convenio,</strong></span> <span class='ocrx_word' id='word_1_275' title='bbox 410 3903 547 3986; x_wconf 85' lang='lat' dir='ltr'><strong>indulge,</strong></span> <span class='ocrx_word' id='word_1_276' title='bbox 573 3916 603 3964; x_wconf 88' lang='lat' dir='ltr'><strong>ct</strong></span> <span class='ocrx_word' id='word_1_277' title='bbox 625 3901 795 3984; x_wconf 80' lang='lat' dir='ltr'><strong>patienter,</strong></span> <span class='ocrx_word' id='word_1_278' title='bbox 819 3901 868 3964; x_wconf 88' lang='lat' dir='ltr'><strong>vel</strong></span> <span class='ocrx_word' id='word_1_279' title='bbox 887 3915 974 3964; x_wconf 87' lang='lat' dir='ltr'><strong>sectae</strong></span> <span class='ocrx_word' id='word_1_280' title='bbox 993 3916 1024 3963; x_wconf 89' lang='lat' dir='ltr'><strong>et</strong></span> <span class='ocrx_word' id='word_1_281' title='bbox 1042 3899 1165 3964; x_wconf 79' lang='lat' dir='ltr'><strong>Senecae</strong></span> 
     </span>
     <span class='ocr_line' id='line_1_31' title="bbox 100 4005 627 4085; baseline 0.004 -19"><span class='ocrx_word' id='word_1_282' title='bbox 100 4027 197 4085; x_wconf 74' lang='lat' dir='ltr'><strong>unsa,</strong></span> <span class='ocrx_word' id='word_1_283' title='bbox 213 4011 277 4073; x_wconf 78' lang='lat' dir='ltr'><strong>haec</strong></span> <span class='ocrx_word' id='word_1_284' title='bbox 292 4013 370 4072; x_wconf 79' lang='lat' dir='ltr'><strong>andi.</strong></span> <span class='ocrx_word' id='word_1_285' title='bbox 382 4005 489 4073; x_wconf 89' lang='lat' dir='ltr'><strong>Primo</strong></span> <span class='ocrx_word' id='word_1_286' title='bbox 503 4021 627 4071; x_wconf 70' lang='lat' dir='ltr'><strong>nount.</strong></span> 
     </span>
    </p>
   </div>
   <div class='ocr_carea' id='block_1_7' title="bbox 378 4207 1167 4478">
    <p class='ocr_par' dir='ltr' id='par_1_7' title="bbox 378 4207 1167 4478">
     <span class='ocr_line' id='line_1_32' title="bbox 378 4207 1167 4282; baseline -0.005 -20"><span class='ocrx_word' id='word_1_287' title='bbox 378 4212 399 4262; x_wconf 91' lang='lat'><strong>1.</strong></span> <span class='ocrx_word' id='word_1_288' title='bbox 420 4211 489 4281; x_wconf 79' lang='lat' dir='ltr'><strong>Qua</strong></span> <span class='ocrx_word' id='word_1_289' title='bbox 501 4230 544 4265; x_wconf 83' lang='lat' dir='ltr'><strong>nec</strong></span> <span class='ocrx_word' id='word_1_290' title='bbox 559 4209 656 4273; x_wconf 82' lang='lat' dir='ltr'><strong>Bono,</strong></span> <span class='ocrx_word' id='word_1_291' title='bbox 671 4230 716 4263; x_wconf 84' lang='lat' dir='ltr'><strong>nec</strong></span> <span class='ocrx_word' id='word_1_292' title='bbox 727 4207 808 4262; x_wconf 73' lang='lat' dir='ltr'><strong>Mota</strong></span> <span class='ocrx_word' id='word_1_293' title='bbox 820 4220 881 4262; x_wconf 83' lang='lat' dir='ltr'><strong>sunt</strong></span> <span class='ocrx_word' id='word_1_294' title='bbox 895 4229 903 4262; x_wconf 90' lang='grc'><strong>,·</strong></span> <span class='ocrx_word' id='word_1_295' title='bbox 916 4229 995 4282; x_wconf 81' lang='lat' dir='ltr'><strong>neque</strong></span> <span class='ocrx_word' id='word_1_296' title='bbox 1009 4211 1049 4261; x_wconf 85' lang='lat' dir='ltr'><strong>od</strong></span> <span class='ocrx_word' id='word_1_297' title='bbox 1072 4209 1167 4260; x_wconf 82' lang='lat' dir='ltr'><strong>Felici-</strong></span> 
     </span>
     <span class='ocr_line' id='line_1_33' title="bbox 456 4300 1155 4374; baseline -0.006 -20"><span class='ocrx_word' id='word_1_298' title='bbox 456 4311 539 4354; x_wconf 81' lang='lat' dir='ltr'><strong>tntmr</strong></span> <span class='ocrx_word' id='word_1_299' title='bbox 558 4313 607 4355; x_wconf 82' lang='lat' dir='ltr'><strong>ont</strong></span> <span class='ocrx_word' id='word_1_300' title='bbox 624 4301 808 4374; x_wconf 61' lang='lat' dir='ltr'><strong>lesdice&#39;tntrm</strong></span> <span class='ocrx_word' id='word_1_301' title='bbox 826 4303 983 4367; x_wconf 80' lang='lat' dir='ltr'><strong>conducunt,</strong></span> <span class='ocrx_word' id='word_1_302' title='bbox 1005 4314 1032 4354; x_wconf 89' lang='lat' dir='ltr'><strong>nt</strong></span> <span class='ocrx_word' id='word_1_303' title='bbox 1044 4300 1155 4354; x_wconf 79' lang='lat' dir='ltr'><strong>Sortitus</strong></span> 
     </span>
     <span class='ocr_line' id='line_1_34' title="bbox 445 4392 807 4478; baseline -0.006 -32"><span class='ocrx_word' id='word_1_304' title='bbox 445 4396 533 4462; x_wconf 80' lang='lat' dir='ltr'><strong>Opes,</strong></span> <span class='ocrx_word' id='word_1_305' title='bbox 549 4393 658 4456; x_wconf 82' lang='lat' dir='ltr'><strong>Gloria,</strong></span> <span class='ocrx_word' id='word_1_306' title='bbox 672 4405 695 4446; x_wconf 84' lang='lat' dir='ltr'><strong>et</strong></span> <span class='ocrx_word' id='word_1_307' title='bbox 706 4392 807 4478; x_wconf 67' lang='lat' dir='ltr'><strong>cimilia.</strong></span> 
     </span>
    </p>
   </div>
   <div class='ocr_carea' id='block_1_8' title="bbox 126 4247 309 4390">
    <p class='ocr_par' dir='ltr' id='par_1_8' title="bbox 126 4247 309 4390">
     <span class='ocr_line' id='line_1_35' title="bbox 143 4247 295 4301; baseline 0.033 -7"><span class='ocrx_word' id='word_1_308' title='bbox 143 4247 295 4301; x_wconf 74' lang='lat' dir='ltr'><strong>Inraenont</strong></span> 
     </span>
     <span class='ocr_line' id='line_1_36' title="bbox 126 4333 309 4390; baseline 0.033 -8"><span class='ocrx_word' id='word_1_309' title='bbox 126 4333 229 4389; x_wconf 64' lang='lat' dir='ltr'><strong>bituriam</strong></span> <span class='ocrx_word' id='word_1_310' title='bbox 241 4337 291 4390; x_wconf 87' lang='lat' dir='ltr'><strong>dici</strong></span> <span class='ocrx_word' id='word_1_311' title='bbox 303 4357 309 4388; x_wconf 91' lang='lat'>:</span> 
     </span>
    </p>
   </div>
   <div class='ocr_carea' id='block_1_9' title="bbox 0 0 1484 4958">
    <p class='ocr_par' dir='ltr' id='par_1_9' title="bbox 0 0 1484 4958">
     <span class='ocr_line' id='line_1_37' title="bbox 0 0 1484 4958; baseline 0 0"><span class='ocrx_word' id='word_1_312' title='bbox 0 0 1484 4958; x_wconf 95' lang='lat' dir='ltr'><strong> </strong></span> 
     </span>
    </p>
   </div>
  </div>
 </body>
</html>
