2886 4958
304 599 374 650 rnnt,
386 597 411 636 et
420 597 447 636 ut
458 585 574 637 desinant
584 587 674 638 faeere.
699 587 770 652 Xlll,
782 587 853 640 xlv.
865 591 955 660 Neque
966 603 1051 642 tamen
1064 589 1131 642 hane
1140 589 1222 642 animi
1232 588 1371 641 firmitatem

305 665 415 719 alienam
424 686 440 718 a
450 665 506 718 viro
516 666 628 739 sapiente
639 685 691 719 esse
702 667 803 721 eredere
814 669 889 735 lieet,
902 689 983 740 quum
995 669 1056 724 etin
1072 671 1128 723 aliis
1142 689 1198 722 eam
1211 668 1371 722 animadver-

304 767 386 806 tamns
398 771 404 805 :
416 751 523 826 exempli
540 773 629 816 cana,
643 752 671 806 in
680 752 798 818 medico,
815 753 860 825 qni
870 753 1022 828 phreneticis
1034 775 1088 806 non
1103 754 1227 807 irascitur.
1244 753 1298 807 Scit
1308 755 1371 806 enirn

240 838 245 849 '
302 839 416 912 sepiem,
429 857 518 890 omnes
529 837 592 890 alios
604 837 721 890 homines
732 877 739 903 ,
751 839 796 910 qui
808 858 861 891 non
874 859 887 890 e
899 840 1026 913 preceptis
1037 838 1206 912 philosophie
1216 839 1318 900 vivant,
1329 837 1370 890 in-

303 925 385 976 sanire
396 963 403 986 ,
415 936 440 976 et
451 923 509 975 ideo
523 942 575 974 esse
587 941 676 996 aegros.
693 923 789 976 ldtireo
805 943 852 976 nee
870 923 1001 988 irascitur,
1016 945 1063 978 nee
1081 937 1199 976 movetur
1216 923 1369 976 contumeliis

303 1007 491 1080 potentiorum,
512 1007 701 1078 ditiorumque,
723 1008 899 1078 aliorumque,
921 1027 1100 1081 exemptam.
1121 1007 1253 1072 mulieris,
1275 1007 1333 1060 luxu
1349 1021 1369 1058 et

303 1089 409 1142 mollitie
420 1089 557 1142 diffluentis
570 1089 731 1160 eiusdemque
743 1090 917 1164 imprudentis.
943 1091 1000 1144 XV.
1010 1091 1071 1144 Jam
1080 1091 1178 1144 mixtim
1188 1105 1338 1166 utramque,
1349 1106 1368 1143 et

302 1173 431 1244 injuriam,
445 1186 470 1226 et
481 1173 660 1227 contumeliam
672 1177 771 1227 refutat.
781 1177 849 1227 Nam
860 1197 941 1248 quum
949 1176 1068 1230 securitas
1077 1178 1181 1252 proprie
1192 1192 1231 1230 est
1240 1179 1366 1253 sapientis,
1428 1227 1429 1244 ,

302 1259 345 1311 illa
353 1279 436 1312 carere
449 1259 538 1326 dehet,
551 1260 572 1312 si
580 1261 725 1312 alterutram
736 1261 836 1334 accipit,
848 1275 891 1315 ant
900 1263 1011 1335 accipere
1022 1277 1110 1337 potest.
1121 1263 1215 1318 Simile
1223 1278 1249 1317 et
1258 1265 1367 1338 Epicurei
1428 1253 1429 1270 ¹

301 1357 487 1417 preceperant,
503 1344 547 1396 sed
562 1344 646 1396 minus
658 1345 755 1396 fortiter
767 1363 774 1397 :
788 1367 844 1398 raro
858 1347 964 1418 sapienti
975 1348 1112 1400 intervenit
1123 1348 1248 1402 Fortuna.
1273 1351 1368 1402 ΧΠ·
1428 1349 1429 1376 r

302 1429 396 1482 xvttl.
407 1430 468 1484 flate
482 1442 576 1482 natnrre
589 1450 641 1482 non
654 1445 813 1504 repugnant:
827 1453 913 1484 sensus
925 1433 994 1486 enirn
1006 1432 1101 1486 doloris
1114 1453 1168 1486 non
1179 1433 1319 1488 detrahitur
1329 1436 1366 1486 in-
1428 1443 1429 1468 ¹

300 1513 372 1586 juriis
381 1551 388 1578 ,
398 1511 442 1565 sed
455 1533 559 1564 nomeu.
571 1513 689 1584 Denique
700 1514 766 1567 levia
779 1513 916 1588 pleraque,
929 1517 1021 1588 quihus
1033 1518 1125 1590 vulgos
1136 1519 1278 1572 offenditur
1289 1559 1297 1584 ,
1310 1519 1365 1590 reji-

302 1599 391 1651 cienda
400 1609 459 1651 suut
469 1611 493 1650 et
504 1599 627 1676 ridenda,
640 1620 673 1651 ne
684 1600 735 1674 ipae
747 1601 860 1654 ridearis.
880 1601 1018 1656 Concludit
1036 1603 1229 1668 admonitione,
1247 1606 1365 1678 quomodo
1428 1639 1429 1648 κ

301 1699 326 1738 et
334 1686 420 1750 tironi,
432 1685 511 1756 etqui
524 1685 574 1756 jam
586 1685 618 1738 ad
630 1683 817 1760 philosophiam
830 1688 952 1760 pervenit,
962 1688 1063 1760 injurie
1073 1689 1253 1744 sintlereudae.
1264 1691 1306 1743 llli
1317 1709 1365 1742 eon

300 1787 386 1820 morsu
404 1766 489 1836 aliquo
505 1765 584 1818 animi
601 1779 625 1819 et
642 1765 819 1820 colluctatione
833 1789 840 1820 ε
852 1767 912 1820 huie
930 1769 984 1822 sine
997 1769 1115 1824 alterutro
1128 1789 1135 1822 :
1150 1771 1233 1824 victor
1244 1773 1312 1826 enim
1323 1773 1365 1843 jan

301 1849 422 1922 agitante
433 1869 459 1901 se
471 1863 620 1919 ntrarnqno,
635 1863 659 1902 et
673 1849 816 1924 triumphat.

335 1932 394 2001 Quo
414 1946 527 2005 ternpore
544 1933 648 2006 scriptus
665 1933 696 1985 sit
707 1932 749 1985 hie
766 1932 845 1997 liber,
863 1935 921 1986 satis
935 1949 1001 1988 certo
1014 1933 1117 1989 definiri
1135 1937 1234 2009 nequit.
1249 1937 1280 1990 Si
1299 1937 1366 2010 lipsii

300 2016 423 2086 judicium
436 2016 564 2086 sequaris,
577 2015 658 2068 editus
668 2029 704 2068 est
714 2017 761 2068 sub
772 2029 870 2090 tempus
881 2017 941 2071 libri
950 2016 981 2072 de
991 2019 1133 2092 Tranquill.
1144 2020 1234 2072 Anim.
1245 2021 1287 2074 eui
1298 2021 1366 2092 vulgo

301 2102 376 2155 etiam
388 2114 445 2154 ante
457 2100 569 2172 Lipsium
583 2101 714 2172 inurerent
728 2122 734 2154 :
750 2102 851 2154 sortasse
867 2102 946 2175 magis
963 2117 1092 2176 propterea
1103 2142 1110 2168 ,
1121 2103 1192 2174 quod
1206 2105 1241 2156 ad
1259 2105 1365 2156 eumden

301 2187 425 2240 Serenum
437 2184 526 2236 missus
537 2197 607 2246 erat,
620 2205 696 2256 quarn
709 2185 778 2256 quod
798 2205 843 2259 pro
856 2187 969 2238 secunda
980 2201 1049 2257 parte
1061 2187 1132 2240 istius
1148 2186 1208 2240 lihri
1221 2188 1309 2242 haberi
1323 2190 1366 2240 de-

299 2269 358 2322 heat
368 2286 374 2320 :
385 2287 445 2319 num
456 2265 577 2319 volumen
587 2287 631 2340 per
642 2289 665 2320 se
679 2265 779 2320 efficere
791 2269 954 2322 manifestum
967 2283 1010 2322 est.

335 2351 422 2420 Quum
438 2349 572 2421 dogmata,
586 2371 642 2422 quc
654 2353 746 2403 Noster
760 2351 787 2403 in
798 2351 846 2405 hoe
859 2351 924 2404 libro
935 2353 1062 2426 exposuit,
1074 2353 1204 2426 potissima
1216 2368 1277 2406 sunt
1289 2356 1314 2407 in
1325 2355 1363 2414 iis,

300 2451 357 2506 qnte
368 2433 401 2484 ad
413 2431 598 2507 philosophiam
609 2433 731 2485 moralem
744 2433 887 2486 Stoicorum
902 2435 1042 2506 pertinent,
1056 2454 1110 2487 non
1123 2455 1187 2508 opus
1199 2449 1252 2500 est,
1265 2450 1294 2488 nt
1303 2435 1322 2488 ii
1330 2435 1365 2486 hir

300 2515 473 2581 adducantur,
482 2535 591 2587 quorum
603 2517 819 2591 scriptaseiusdem
831 2519 975 2591 argumenti
986 2519 1085 2572 laudari
1096 2531 1207 2592 possent.
1221 2521 1263 2572 Cl.
1275 2519 1365 2573 Pahrie.

300 2601 368 2654 Bihl.
377 2601 459 2656 Grtee.
467 2601 525 2653 Vol.
539 2601 577 2656 lll
588 2623 595 2664 ς
608 2602 635 2652 in
647 2601 769 2675 Catalogo
780 2601 934 2668 Stoicorum,
949 2601 1121 2676 Chrysippus,
1133 2623 1194 2677 pag.
1206 2604 1266 2668 546,
1277 2603 1365 2655 Clean-

299 2689 355 2740 thas
366 2727 372 2752 ,
384 2707 440 2762 pag.
453 2689 516 2751 551,
532 2707 585 2758 sqq.
597 2687 738 2752 Panaetius,
751 2708 807 2761 pag.
820 2687 884 2760 559,
900 2687 933 2740 al.
