2910 4954
312 395 471 462 troes
499 394 558 473 11,
586 393 697 459 ose.
723 393 871 460 xxxi.
1079 417 1122 486 97

78 527 178 610 debis,
199 526 339 594 maxime
357 537 485 590 metues
499 548 509 606 ς
529 520 588 588 ubi
603 520 785 612 tranquilla
801 520 862 587 tibi
879 543 992 588 omnm
1005 518 1125 588 viden-

78 659 138 725 tur,
165 642 210 709 ibi
235 642 390 708 nocitura
415 663 482 706 nou
509 636 652 718 desunt,
683 634 743 705 sed
765 637 970 728 quiescunt,
991 659 1124 728 semper

79 759 211 826 futurum
224 753 377 849 aliquid,
394 751 485 846 quod
497 768 530 821 tc
542 751 711 834 offendat,
728 752 893 820 existimo.
909 737 1166 824 Gubernatori

78 901 233 968 nmquam
253 877 301 942 ita
326 887 410 941 totos
431 873 545 940 sinus¹
562 869 723 964 explicuit
738 894 901 952 securus,
923 885 1046 938 utnon
1065 895 1125 938 ex-

78 990 177 1082 pedita
200 992 244 1060 ad
269 985 538 1059 contrahendum
564 1002 772 1054 armamenta
801 983 1008 1078 disponeret.
1037 983 1127 1052 Illud

76 1122 143 1176 aute
156 1109 264 1176 omnia
278 1107 424 1198 cogitas',
443 1101 564 1170 loedam
582 1125 656 1169 esse
672 1117 708 1169 et
724 1101 964 1170 exsecrabilem
978 1102 1044 1170 vim
1063 1125 1126 1168 no-

76 1221 185 1304 cendi,
210 1237 245 1289 et
270 1219 509 1288 alienissimam
534 1217 687 1299 homini,
717 1216 813 1309 cujus
837 1217 1004 1284 beneficio
1027 1216 1128 1284 etiam

76 1357 150 1403 saeva
173 1347 423 1402 mansuescunt.
453 1321 625 1424 Adspice³
655 1329 912 1423 elephantorum
933 1330 1018 1423 jugo
1043 1329 1129 1397 colla
1156 1345 1170 1394 s

75 1447 247 1530 submissa,
269 1463 443 1514 taurorum
469 1445 736 1538 puerispariter
762 1469 802 1513 ac
830 1444 975 1512 loeminis
994 1442 1128 1536 persul-

76 1561 211 1628 tantibus
230 1577 327 1655 terga
341 1561 480 1653 imprme
499 1554 663 1642 mtoaut,
685 1575 718 1628 et
732 1575 889 1652 repentes
900 1561 991 1626 inter
1008 1559 1130 1652 pocula

73 1678 222 1769 sinusque
241 1678 377 1745 innoxio
395 1675 491 1770 lapsu
508 1669 708 1759 dracoues⁵‚
730 1691 765 1744 et
781 1677 872 1744 intra
891 1671 1052 1744 domum⁶
1072 1701 1131 1743 ur-

73 1815 175 1860 sorum
189 1792 395 1884 leonumque
407 1815 468 1860 ors,
478 1781 612 1886 placida
625 1775 867 1884 tractantibus,
885 1791 1129 1884 adulantesque
1211 1873 1215 1880 ,

72 1903 234 1972 dominum
262 1905 350 1973 feras
380 1932 387 1971 :
419 1903 562 1999 pudebit
587 1905 893 2002 cumanimulibus
921 1922 1130 1999 permutasse

73 2043 184 2088 mores.
203 2020 305 2088 Nefas
322 2036 374 2088 est
390 2042 513 2088 nocere
528 2021 669 2114 patrie,
689 2044 772 2114 ergo
789 2022 855 2090 civi
874 2046 1030 2114 quoque:
1052 2046 1130 2089 nam
1157 2033 1173 2084 6

73 2133 126 2200 hic
146 2159 220 2228 pars
242 2135 362 2228 patriae
389 2148 460 2218 est,
481 2149 605 2202 sanctae
627 2151 742 2228 partes
765 2153 865 2219 sunt,
888 2139 917 2205 si
937 2139 1132 2207 universum
1243 2158 1252 2182 t

73 2249 257 2320 venerabile
274 2263 325 2318 est
341 2275 348 2316 :
368 2273 451 2342 crgo
468 2263 503 2316 ct
519 2249 693 2338 hominu,
712 2275 790 2320 nam
805 2253 863 2321 hic
877 2253 912 2320 in
929 2254 1056 2348 majore
1071 2254 1132 2322 tibi

102 2435 448 2509 uSimevelaquasveutis
456 2435 574 2490 flantibus
622 2440 793 2512 pabanturque
817 2440 901 2493 uacio
923 2459 998 2511 quam
1020 2441 1132 2506 laruam,

66 2515 575 2569 curvanturetsiuussaciunt:vostech·
623 2519 739 2573 edebant.
1179 2513 1180 2518 ¹

66 2587 119 2640 uita
132 2590 161 2642 in
176 2611 199 2643 re
212 2592 320 2644 nautica.
338 2597 498 2646 Armamenta
516 2606 575 2646 mm
658 2599 680 2649 5.
699 2594 826 2666 Repentes
829 2631 904 2648 .........
919 2597 1050 2649 dracones.
1063 2596 1134 2648 Inter

63 2679 213 2722 intentant
223 2671 297 2721 brues
307 2669 410 2722 nautici.
623 2693 722 2725 mensas
734 2686 758 2724 et
774 2673 862 2746 pocula
874 2692 970 2747 angues
982 2691 1064 2747 sepe,
1081 2693 1133 2725 uon

96 2767 119 2796 2.
140 2746 218 2799 Illud
232 2757 294 2800 unte
307 2753 398 2800 omitia
409 2749 500 2818 cogita.
513 2749 576 2802 Haec
624 2751 744 2803 venenosi
752 2749 856 2821 quidem
863 2770 905 2803 eos
915 2749 1014 2823 generis
1020 2771 1134 2818 ,amave-

62 2837 212 2896 argumenta
231 2837 255 2876 et
273 2845 331 2878 mox
350 2843 356 2877 :
375 2829 474 2896 quidsi
490 2847 576 2880 nocere
625 2827 946 2883 mntllomauiambulare.
957 2830 1135 2884 lmmoloemi-

64 2905 319 2972 autumpni
318 2940 387 2955 ........
406 2923 435 2956 ex
451 2903 576 2978 objurga·
625 2925 664 2959 nae
673 2905 907 2980 colloanguesistos
915 2905 1053 2980 alligabant
1060 2919 1134 2974 ,tor-

61 2979 147 3046 tioue,
161 3002 211 3052 qua
223 2984 340 3036 Socrates
350 2982 414 3036 duos
426 2981 576 3036 tlicsideutcs
625 2983 713 3056 quium
723 2983 797 3052 loco,
810 2996 837 3035 ut
847 2983 954 3035 amabile
964 2984 1042 3056 frigus
1054 2985 1101 3036 sibi
1111 2998 1135 3036 et

58 3058 148 3112 fratres
172 3061 305 3113 conciliare
327 3060 426 3126 studet,
446 3060 576 3134 desumpta
625 3062 758 3115 bumorem
766 3062 966 3126 circumdarent,
979 3063 1048 3134 quod
1059 3063 1086 3115 iu
1096 3084 1136 3116 ea-

59 3160 110 3192 esse
128 3141 258 3194 videntur.
277 3141 316 3193 Cf.
331 3141 448 3212 Xenoph.
466 3139 576 3194 Memor·
625 3139 752 3193 litlissimis
775 3139 938 3212 regionibus,
956 3139 983 3192 in
1003 3141 1075 3194 ltalia
1094 3143 1134 3195 iu-

58 3217 81 3270 ll
89 3259 98 3286 ,
115 3220 150 3286 3,
166 3222 205 3274 18.
217 3221 275 3274 Gat.
285 3221 317 3274 ad
330 3220 526 3294 Antou.p.ab4,
539 3241 577 3274 to.
626 3221 728 3294 primis,
749 3219 870 3293 placuisse
890 3219 959 3272 baud
978 3221 1071 3273 mirum
1091 3234 1135 3273 est.

88 3299 114 3350 3.
126 3300 255 3368 Adspice.
268 3298 321 3368 Qui
329 3299 491 3372 pluralegere
499 3299 531 3352 (le
539 3298 577 3352 bis
627 3297 668 3350 Ad
678 3297 747 3350 bunc
758 3318 831 3350 usum
846 3297 980 3372 respiciens
995 3299 1136 3366 Martialis,

57 3375 161 3450 cupiat,
176 3375 282 3429 isatleat
296 3376 491 3430 Meierottoncm
502 3376 578 3445 (Sit-
626 3375 683 3428 libr.
691 3377 752 3441 Vll,
760 3377 889 3449 Epigram.
897 3392 1017 3441 cxxxvii,
1026 3378 1074 3432 ait:
1084 3402 1096 3424 s
1108 3377 1137 3429 si

56 3469 99 3508 teo
115 3453 333 3508 undbbatsart
343 3457 392 3507 der
405 3453 520 3516 Ramer,
534 3454 577 3520 ll,
627 3453 741 3528 gelidum
753 3454 820 3507 collo
831 3467 913 3508 nectat
925 3455 1137 3508 Glacillatlraco-

58 3535 197 3606 too-¹95
207 3536 215 3596 )
226 3549 234 3592 3
246 3543 301 3604 post
318 3531 455 3596 Nostrum,
475 3530 577 3606 Epistol.
627 3553 694 3587 nem.
704 3553 719 3580 a

51 3627 158 3673 mm
172 3609 239 3662 item
251 3608 513 3682 Martiallib.l,Ep.
526 3623 576 3675 cv,
659 3611 684 3663 6.
703 3610 781 3662 Intra
800 3611 915 3663 domum.
937 3609 988 3662 Cur
1007 3610 1049 3664 bie
1067 3615 1138 3664 intra

51 3689 138 3755 titv,
151 3687 247 3762 Epigr
258 3703 346 3751 mu,
360 3702 408 3742 etc.
627 3687 756 3740 dommum
768 3684 906 3758 legendum
919 3686 969 3752 sit,
986 3708 1039 3739 non
1058 3688 1138 3740 iutel-

81 3769 107 3835 4.
125 3767 331 3821 7“ιιω·υνιιηι....Ι
340 3771 450 3820 calcata.
461 3767 578 3822 Exhibe-
628 3764 681 3838 ligo
691 3783 749 3816 cum
760 3761 907 3828 Grouorio,
919 3783 998 3834 quum
1008 3763 1139 3838 precede-

49 3851 143 3900 bantur
154 3847 219 3900 bec
229 3845 327 3916 aliaque
344 3845 371 3898 id
388 3867 468 3920 genus
481 3847 510 3900 in
522 3868 578 3921 spe·
629 3842 671 3894 bat
680 3861 686 3894 :
695 3845 800 3910 impune
802 3878 842 3894 .....
852 3851 877 3892 et
885 3843 1011 3909 placida:
1018 3846 1106 3908 pueris
1115 3851 1140 3894 et

50 3926 156 3978 etamlis
165 3923 300 4000 publicis,
313 3924 501 3995 qucmodolm
520 3946 579 3979 cra·
619 3925 743 3996 soemr'm's
745 3961 787 3977 .....
797 3924 967 3976 tractantibus
979 3943 1027 3976 om
1040 3927 1138 3996 placid.

49 4019 122 4057 tores*
140 4001 176 4056 ad
205 3999 392 4053 ostendendam
415 3947 579 4076 magnilicen-
632 4005 724 4054 Nonne
735 4000 803 4053 idem
817 3999 906 4054 dixisse
915 3999 1006 4053 Noster
1013 4002 1140 4075 putandus

51 4085 129 4147 tiam,
148 4077 288 4134 interdum
303 4100 433 4152 proceres,
446 4082 578 4152 Imperato-
628 4077 711 4132 esset?
725 4078 765 4130 Cl.
776 4079 822 4151 Ep.
834 4094 925 4132 cxxxv.

54 4181 108 4214 rum
121 4174 266 4232 tempore,
279 4157 338 4210 dum
350 4157 483 4232 captabant
496 4178 578 4210 aucu-
663 4179 684 4226 7.
696 4156 768 4226 Ergo
782 4167 807 4208 et
821 4157 927 4210 homini.
943 4157 1020 4230 Nelos
1036 4171 1072 4210 est
1087 4178 1149 4209 no·-

159 4236 269 4328 ,1·
973 4263 991 4332 7
