2926 4958
358 483 432 548 cxiv
544 479 575 548 1.
601 479 761 548 LiPSII
785 478 1229 548 MANUDUCTIONIS

356 636 467 684 nature
482 621 579 700 vires,
594 623 698 686 conari
710 621 790 699 atra,
806 635 939 698 tentare,
954 635 985 684 et
999 633 1098 682 murto
1111 622 1225 702 majora
1238 621 1402 703 concipere,

349 749 444 810 quana
463 749 527 810 qtae
541 728 633 792 etiam
655 727 768 811 ingenti
788 729 892 790 auimo
906 727 1057 806 adornatis
1076 727 1152 790 effici
1172 727 1293 810 possint.
1309 755 1324 780 ι»
1342 726 1403 808 (De

352 835 425 898 Vita
441 833 528 900 Beat.
543 855 609 918 cap.
628 833 698 914 ao.)
715 831 776 898 Hic
790 837 994 917 desperatam
1009 833 1131 909 abnuit,
1146 836 1226 914 quod
1239 849 1307 896 aute
1325 835 1402 895 adfir-

355 941 459 1004 mavit.

674 1147 1016 1214 nlssmtt'atlo
1035 1148 1099 1211 ΙΧ.

352 1295 481 1360 Armab
493 1296 543 1356 illo
555 1295 694 1375 Sapiens,
710 1297 822 1375 qualem
844 1292 960 1354 Nonam
972 1305 1000 1354 el
1013 1315 1100 1354 oeoum
1115 1295 1201 1359 donn
1222 1295 1248 1352 is
1263 1290 1405 1371 Proficiess

666 1399 783 1474 dicitur,
799 1399 912 1480 ejusque
931 1399 1106 1460 discrimino.

393 1589 515 1663 lutona
528 1607 589 1650 non
602 1601 648 1649 est
657 1587 710 1648 ille
723 1586 827 1669 pn'mae
841 1599 919 1647 notu
931 1585 964 1648 in
975 1605 1078 1650 rer-mn
1086 1599 1191 1648 natura
1203 1583 1329 1670 Sapiens
1339 1609 1346 1645 :
1357 1585 1407 1646 nisi

349 1698 384 1758 iu
394 1695 514 1778 scriptis
523 1708 552 1756 et
560 1693 645 1764 libris
657 1715 664 1752 ι
677 1705 723 1754 est
735 1691 812 1753 alius
823 1693 965 1754 monde.
978 1691 1068 1752 litum
1077 1697 1171 1754 ritum
1184 1706 1214 1754 et
1227 1691 1408 1753 &ammino-

349 1816 411 1865 iatot
421 1815 549 1873 town,
565 1801 644 1862 hunc
657 1805 838 1882 eposium
850 1799 914 1860 sive
925 1797 1120 1878 Proficieniem
1136 1823 1146 1858 ι
1165 1799 1236 1860 item
1256 1798 1408 1857 Studiorum

351 1909 462 1984 iam,
477 1921 510 1968 ut
523 1907 603 1979 disi,
624 1905 710 1966 illurn
727 1903 872 1967 Doctmn.
887 1902 1004 1966 Seneca
1023 1925 1100 1987 soepe
1119 1904 1177 1965 hoc
1195 1903 1354 1964 discrimen
1367 1901 1410 1962 in-

353 2016 446 2099 gerit,
462 2027 519 2076 ut:
541 2041 556 2066 n
575 2011 644 2074 Hoc
662 2013 786 2073 interest
802 2011 881 2074 iuter
896 2011 1106 2072 consummatae
1125 2007 1285 2092 Sapientiae
1298 2009 1408 2080 virum,

350 2120 491 2182 caulium
504 2119 696 2180 Pmrdentis.
710 2115 853 2200 »(Epist.
868 2121 987 2192 nxxn.)
1000 2116 1081 2178 Nota
1100 2129 1130 2178 et
1149 2113 1412 2178 Proeedmtr'shauc

351 2245 459 2290 rocem
470 2270 479 2301 ,
491 2225 575 2306 quasi
587 2224 618 2284 in
631 2225 680 2286 via
694 2223 855 2306 progressi.
865 2222 949 2284 Alibi
964 2247 971 2282 ι
988 2221 1134 2285 Nostrum
1147 2222 1251 2284 vitium·
1267 2235 1326 2294 est,
1341 2247 1355 2274 α
1366 2218 1410 2300 qui

352 2331 594 2412 quoddiciturdc
604 2330 749 2412 sapiente,
763 2329 919 2411 erigimus,
932 2341 990 2390 eta
1001 2327 1183 2413 proticientc.
1197 2355 1211 2382 ι
1222 2327 1410 2407 iterumque:

355 2465 372 2495 ι
385 2438 467 2500 aliod
480 2451 527 2499 est
542 2437 689 2500 undosus
704 2435 875 2518 sapientiae,
891 2436 973 2497 aliod
989 2437 1051 2517 jam
1065 2437 1187 2519 adeptus
1196 2435 1380 2518 sapientiam.
1399 2459 1411 2482 ν»

348 2543 422 2625 (De
437 2543 510 2605 Vita
523 2542 628 2616 Beat,
644 2563 710 2625 cap.
726 2541 793 2618 ιζ.)
805 2539 846 2608 Et
855 2542 983 2622 denique
995 2541 1067 2603 aiibi
1083 2563 1092 2601 ι
1108 2569 1125 2596 «ι
1138 2539 1271 2602 Diverso
1285 2539 1414 2602 remedio

352 2665 452 2714 utetur
464 2649 601 2732 sapiens,
625 2661 849 2728 assectatorque
866 2647 1026 2729 sapientia.
1049 2675 1063 2702 n
1078 2645 1154 2726 (De
1169 2645 1328 2710 Constant
1349 2643 1414 2727 Sap.

352 2779 421 2839 cap.
433 2753 597 2839 19.)Adde,
608 2775 673 2835 qm
682 2774 772 2836 cupra
785 2753 845 2815 diri
855 2743 1030 2833 (Diuersi)
1039 2755 1076 2814 de
1084 2753 1206 2814 vocibus
1215 2757 1413 2834 mdwoptwu,

351 2877 383 2925 ot
396 2866 609 2944 umoadropisoo,
623 2861 754 2941 itemque
767 2867 928 2943 concupisco
941 2873 972 2922 et
986 2866 1162 2942 rarouopiooo
1179 2881 1188 2918 ι
1203 2859 1264 2922 hnc
1278 2869 1416 2943 spectant.

357 2967 419 3032 Scd
431 2981 464 3028 ut
476 2969 515 3029 ad
527 2988 611 3042 rem,
623 2966 675 3028 ilie
686 2965 802 3048 primus
816 2966 906 3048 igitur
918 2966 1112 3041 describitur,
1126 2965 1221 3046 qualis
1233 2985 1304 3026 esse
1318 2963 1414 3030 debet,

353 3087 385 3135 et
405 3074 436 3133 in
453 3071 623 3154 exemplum
645 3095 653 3130 ι
668 3071 768 3148 aiter,
785 3071 836 3152 qui
852 3071 928 3134 solet
950 3073 1070 3133 interim
1091 3091 1175 3147 esse,
1193 3071 1295 3133 sedin
1313 3068 1416 3154 dispari

353 3180 445 3242 etiam
458 3178 561 3260 gradu
574 3175 657 3240 Nam
669 3173 784 3238 Seneca
801 3177 872 3238 aiibi
886 3179 962 3252 duo,
976 3177 1049 3242 alibi
1062 3178 1118 3240 tria
1132 3197 1243 3260 genera
1259 3175 1416 3238 Proicieu

351 3285 428 3346 tium
445 3282 526 3345 facit.
544 3279 634 3357 Duo,
653 3281 702 3342 his
717 3281 817 3344 verbis
833 3306 841 3341 t
859 3309 875 3336 o
897 3281 932 3344 lu
951 3283 1023 3367 ipsis
1043 3284 1219 3367 sapientiam
1238 3281 1418 3348 sectantibus

353 3409 464 3474 magas
477 3386 649 3448 discrimina
661 3407 746 3462 esse,
761 3387 910 3450 fateamur
923 3409 1046 3450 necesse
1061 3402 1114 3452 est.
1127 3386 1213 3450 Alius
1224 3389 1293 3469 jam
1309 3400 1417 3449 tautum

352 3496 497 3580 proiecit,
510 3506 655 3556 utcontra
668 3491 835 3556 Fortunam
848 3497 955 3558 audeat
964 3495 1071 3557 tollere
1085 3495 1204 3570 oculos,
1216 3499 1274 3558 sed
1283 3517 1346 3557 non
1357 3515 1419 3578 per-

353 3603 502 3666 tinaciter.
522 3599 609 3661 Alius
627 3599 658 3659 iu
678 3613 811 3676 tantum,
832 3615 865 3662 nt
885 3602 979 3684 possit
991 3623 1060 3664 com
1076 3601 1127 3663 ills
1141 3601 1283 3664 conferre
1299 3601 1417 3663 ruitum,

354 3707 388 3770 Si
401 3711 462 3790 jam
475 3706 660 3790 pervenitad
670 3727 838 3782 summum,
851 3707 942 3772 etiam
958 3707 1068 3774 fiducia
1081 3707 1186 3790 plenus
1199 3721 1255 3770 cst.
1265 3737 1282 3764 ι
1294 3707 1371 3791 Qme
1380 3708 1418 3769 sic

351 3813 477 3894 legenda
496 3824 526 3872 et
538 3811 745 3894 distinguenda
765 3831 875 3876 moneo
891 3811 997 3896 (vulgo
1013 3813 1155 3889 confuse)
1178 3837 1185 3872 ε
1206 3815 1282 3895 quia
1304 3827 1419 3899 postre-

349 3939 436 3979 mum
451 3914 537 3978 ilium
555 3935 573 3976 a
594 3937 668 3978 uero
684 3917 818 3999 sapiente
839 3917 897 3980 hoc
915 3939 975 3980 uno
1000 3933 1154 3990 removet3
1173 3923 1256 4002 quod
1277 3921 1343 3984 labi
1361 3941 1417 3982 non

350 4023 462 4108 possit,
478 4023 530 4082 sed
543 4033 644 4083 umen
658 4024 752 4086 timet.
768 4021 810 4084 At
823 4025 873 4104 qui
886 4027 949 4106 jam
963 4025 993 4085 in
1010 4045 1148 4102 summo,
1165 4047 1220 4088 nec
1237 4041 1345 4110 potest
1368 4047 1418 4088 nec

348 4128 453 4200 timet,
471 4145 591 4186 aecurrn
604 4126 742 4189 videlicet
755 4128 810 4191 sui.
826 4127 874 4190 Ex
888 4129 935 4191 his
950 4130 1017 4192 aliis
1031 4132 1095 4212 ejus
1107 4131 1207 4192 verbis
1229 4134 1335 4196 discas
1348 4179 1357 4210 ,
1372 4131 1419 4192 uti

349 4233 408 4296 tria
421 4250 531 4314 genera
548 4229 629 4292 iacit.
647 4259 662 4284 α
680 4231 764 4294 luter
778 4234 878 4317 ipsos,
895 4234 1008 4316 inquit,
1023 4236 1211 4318 proficientes
1225 4253 1302 4300 sunt
1315 4257 1419 4322 magna

348 4335 531 4400 discrimina.
551 4333 587 4395 ln
609 4349 669 4398 tres
691 4335 819 4416 classes,
841 4353 873 4400 ut
894 4339 1210 4425 quibusdampiacet,
1236 4345 1419 4409 diridtmtur.
