2886 4958
314 427 381 512 Μ
561 426 629 494 oa
650 427 964 504 aanvrrara
988 430 1130 500 vlrn
1435 409 1436 494 t

312 559 410 625 niens
428 555 571 650 sapienti
588 560 662 626 viro
681 559 721 626 iis
740 575 790 628 est
811 585 818 625 :
839 558 931 628 illam
948 562 1150 630 animalibus
1167 579 1293 631 tantum
1310 565 1360 633 in·

312 671 479 754 delaissa,
500 691 539 742 ut
556 676 660 766 quina
678 692 737 743 aut
754 675 843 744 dena
860 677 973 744 secula
992 677 1221 760 edocerent¹‚
1243 681 1359 749 homini

311 795 347 861 in
366 807 431 860 tam
448 791 552 860 multa
570 817 610 860 ao
630 817 750 886 magna
769 795 904 886 genito,
921 810 1014 864 tanto
1027 797 1218 865 citeriorem
1231 803 1244 833 ¹
1259 799 1361 867 termi-

310 931 391 975 num
408 923 511 976 stare.

270 1028 286 1081 ³
358 1027 433 1092 Non
450 1015 630 1117 exiguum³
649 1026 809 1116 temporis
826 1023 989 1094 habemus
1003 1054 1012 1092 :
1024 1025 1085 1094 sed
1094 1026 1236 1095 multum
1253 1025 1360 1120 perdi·

308 1161 395 1205 mus.
416 1137 504 1204 Satis
520 1135 621 1230 longa
638 1138 730 1217 vita,
750 1151 785 1204 et
802 1137 838 1204 in
853 1138 1071 1206 maximarum
1086 1161 1201 1206 rerum
1215 1163 1360 1206 consum·

308 1254 488 1325 mationem
507 1253 600 1344 large
620 1251 698 1319 data
715 1269 783 1332 αἱ,
805 1253 834 1320 si
857 1269 925 1320 tota
945 1253 1032 1322 bene
1051 1255 1287 1322 collocaretur.
1302 1253 1361 1322 Sed

308 1367 368 1434 ubi
380 1389 443 1458 per
454 1366 566 1434 luxum
578 1388 619 1433 ao
628 1365 869 1458 negligentiam
884 1364 1005 1434 defluit
1017 1417 1027 1448 ‚
1038 1367 1097 1434 ubi
1113 1367 1198 1436 nulii
1213 1368 1263 1434 rei
1273 1366 1362 1434 bona

308 1477 538 1573 impenditur3
558 1479 675 1549 ultima
693 1478 829 1550 demum
847 1477 1066 1552 necessitate⁴
1086 1499 1251 1577 cogente,
1268 1508 1361 1576 quam

265 1601 283 1666 4
309 1598 359 1666 ire
375 1591 387 1632 ⁵
406 1621 474 1664 non
488 1595 734 1678 intelleximus,
752 1598 910 1666 transisse
928 1601 1090 1668 sentimus
1105 1594 1131 1668 ⁶.
1149 1601 1201 1668 Ita
1216 1617 1287 1676 est,
1302 1625 1362 1667 non

307 1713 651 1808 accepimusbrevem
664 1715 788 1795 num,
804 1712 865 1783 sed
882 1713 1020 1784 fecimus
1038 1743 1045 1782 :
1063 1741 1126 1784 nec
1140 1718 1259 1811 inopes
1275 1717 1360 1808 ejus,

306 1831 368 1900 sed
386 1827 521 1924 prodigi
534 1854 667 1899 sumus.
689 1831 783 1898 Sicut
798 1830 918 1924 amplae
936 1848 971 1900 et
989 1834 1092 1926 regiae
1109 1857 1217 1926 opes,
1246 1834 1304 1901 ubi
1325 1829 1363 1900 ad
1435 1843 1436 1858 ¹

309 1945 430 2016 malum
448 1945 621 2014 dominum
635 1959 887 2038 pervenerunt,
903 1963 1071 2015 momento
1085 1944 1317 2040 dissipantur,
1335 1963 1364 2014 at

307 2063 460 2154 quamvis
478 2059 635 2141 modicae,
652 2061 681 2129 si
697 2059 787 2128 bono
799 2059 929 2128 custodi
944 2059 1075 2130 traditae
1088 2079 1168 2131 sunt
1181 2112 1191 2144 ,
1206 2087 1273 2130 usu
1285 2085 1364 2130 cres·

303 2193 390 2246 cunt
412 2204 419 2244 :
438 2178 484 2246 ita
502 2192 581 2244 atas
598 2191 714 2244 nostra
730 2175 819 2243 bene
836 2175 1028 2268 disponenti
1046 2178 1189 2246 multum
1211 2195 1316 2271 patet.

354 2293 400 2360 u.
421 2290 517 2384 Quid
534 2290 577 2359 de
594 2313 708 2360 rerum
725 2305 847 2358 natura
866 2294 1071 2382 querimur?
1087 2293 1202 2362 itta-se
1220 2293 1364 2386 benigno

305 2409 411 2502 gessit
431 2435 438 2475 ε
455 2400 552 2491 rita,
575 2407 603 2474 si
619 2407 706 2474 scias
719 2406 800 2487 ¹uti,
821 2404 924 2498 lonffl
942 2420 1005 2473 est.
1030 2404 1143 2474 Alium
1169 2405 1366 2474 insatiabilis

306 2541 399 2593 tenet
413 2525 555 2594 avaritia
571 2527 582 2572 ⁷
602 2549 610 2586 ι
625 2522 785 2606 gliumin
799 2523 1018 2614 supervacuis
1032 2521 1207 2590 laboribus
1229 2546 1365 2616 operosa

305 2639 465 2708 sedulitas
482 2663 490 2706 ε
505 2637 593 2707 eiius
611 2637 693 2708 vino
711 2633 824 2704 madet
840 2633 947 2702 :aliua
966 2635 1088 2704 inertia
1109 2651 1248 2730 torpet:
1267 2637 1366 2704 alium

305 2753 468 2846 defatigat
486 2777 526 2821 ea
553 2752 678 2821 alienis
695 2749 835 2843 judiciis
859 2773 1020 2842 suspensa
1044 2773 1181 2844 semper
1198 2751 1365 2818 ambitio:

304 2868 408 2937 alium
435 2865 607 2936 mercandi
626 2889 781 2960 praeecps
797 2862 966 2957 cupiditas
989 2865 1080 2932 circa
1097 2889 1217 2932 omnes
1235 2881 1366 2942 terras,

342 3099 362 3130 t.
376 3077 528 3134 mmm.
546 3077 568 3130 1.
584 3099 607 3132 a
622 3081 812 3130 amanam.
861 3071 906 3126 ut
917 3070 1147 3136 aaronitae,
1161 3074 1273 3140 aaa„
1288 3075 1331 3129 ru.
1349 3075 1370 3136 t,
1434 3055 1435 3072 ¹

305 3157 461 3234 Scriptorum
471 3157 544 3210 lectio
557 3157 624 3210 bona
631 3169 656 3208 et
666 3175 696 3208 sa
705 3151 813 3224 nquiu-
862 3167 915 3220 eap-
928 3149 962 3201 3:
977 3149 1077 3202 «Clara
1090 3171 1245 3223 magnorum
1256 3153 1368 3205 virorum
1434 3165 1435 3180 t

306 3234 361 3286 tior.
380 3233 492 3287 Postieas
509 3235 578 3286 enim
597 3235 691 3286 formas
709 3230 813 3284 dicendi
861 3227 1034 3292 ascanium,
1048 3241 1072 3280 et
1087 3229 1139 3301 ipsa
1151 3230 1288 3283 naamitas
1299 3228 1370 3282 icati-

305 3309 812 3386 nostsrprnfarresolstAntsatedurent.
862 3315 899 3356 tar
914 3303 1053 3358 tolerata.»

339 3393 537 3443 abiectiorem.
557 3392 654 3463 Nempe
675 3401 726 3440 tam
750 3385 811 3439 citra
895 3383 1097 3438 5.!n.1.s.abire
1106 3383 1369 3458 vitam.aitRuhiopi.

304 3468 386 3534 dena,
397 3467 478 3538 quina
488 3466 583 3532 sscula,
596 3485 676 3538 quum
688 3483 719 3516 ns
728 3481 811 3516 unum
860 3457 940 3510 Nobis
951 3477 1012 3512 vero
1023 3459 1194 3532 judicibusioe
1211 3474 1367 3532 estpergsm

303 3543 408 3618 quidam
419 3545 574 3616 paucissimis
585 3543 743 3598 concedatur.
860 3535 979 3598 incedere,
990 3537 1046 3588 luhr'
1052 3573 1060 3602 ,
1071 3549 1110 3602 at,
1124 3536 1369 3612 utgailiceioqucrc·

336 3621 360 3674 3.
373 3621 434 3674 Non
445 3625 597 3692 exiguum...
609 3622 682 3674 Hanc
695 3617 809 3672 earndem
860 3629 933 3672 mur,
944 3613 1066 3666 marcier.

302 3699 587 3753 sententiamArtsbano
598 3697 683 3751 tribuit
691 3694 809 3748 Herodo-
892 3686 1368 3744 6.Seduht.....senrtmm.Recessi-

303 3775 487 3841 sosarmo.
858 3767 906 3819 sart
927 3765 1024 3839 Lipsius
1050 3767 1198 3820 Sallustium
1222 3767 1368 3842 Jngnrtii.
1433 3817 1434 3826 ,

335 3856 359 3920 4.
378 3855 478 3907 Ultima
486 3857 640 3906 necessitate.
648 3849 808 3904 Mortemhie
857 3865 911 3920 up.
926 3843 1039 3908 tzaddas
1051 3843 1154 3904 catilin,
1170 3861 1192 3908 ι,
1210 3866 1233 3896 a.
1433 3847 1434 3850 ’

302 3953 346 4006 per
357 3931 503 4000 Εὗφημςμόν
520 3942 605 3984 noster
619 3929 708 3981 annuit
719 3968 726 3994 ,
739 3927 808 4000 quod
892 3920 1288 3996 11.Atte.i’rarealiudagsndo
1297 3937 1370 3976 eten-

301 4008 434 4062 scircmatis
456 4027 536 4080 genus
550 4006 666 4087 inprimis
685 4005 808 4057 familiare
859 4000 1003 4075 piditatibus
1024 4000 1183 4075 indulgendo
1205 4001 1259 4054 vita
1280 4017 1369 4056 amera

301 4086 427 4140 veteribus
439 4085 500 4146 suin
514 4105 592 4156 quum
605 4085 635 4136 de
649 4096 728 4136 morte
741 4095 764 4134 et
777 4082 808 4134 iis
860 4077 1016 4132 eonsumitur
1026 4091 1049 4130 st
1063 4078 1217 4132 transcurrit.

300 4181 357 4238 qun
369 4163 399 4214 ad
414 4173 520 4215 mortem
533 4173 642 4236 spectant
655 4179 738 4212 sermo
748 4161 810 4214 inri-
893 4177 917 4224 7.
929 4159 1055 4212 Attum...
1064 4161 1186 4210 avaritia.
1201 4157 1285 4212 Multa
1303 4155 1369 4232 apud
