2896 4958
331 454 447 540 cmm
530 455 562 526 r.
588 454 752 526 n1os11
775 459 1224 534 MANUDUC'rlottls

490 595 608 670 Optimus
621 609 656 654 eat
666 600 817 654 modulator.

496 723 536 740 ...
547 724 636 744 m...
649 690 847 765 Sapienaopetlt
858 693 894 746 alc
907 691 1016 768 optima
1024 694 1108 748 omia

491 779 637 854 Estopiiex.
670 784 797 852 (Hom.
809 783 837 848 l,
850 784 903 836 Sat.
912 789 973 854 ιιι.)

328 886 423 974 Igitur
437 907 584 976 potestate
602 898 667 962 haee
684 899 789 962 omnia
807 913 874 978 est,
897 901 1001 966 sinon
1021 901 1113 966 sado.
1130 901 1181 966 an
1201 923 1263 970 nou
1278 919 1308 968 et
1319 905 1388 968 lanto

329 995 381 1060 ille
397 996 690 1087 llippiasolim,qui
706 1007 832 1070 «omnia
845 1029 911 1090 quae
925 1029 1028 1074 secum
1039 1008 1190 1084 habeba,
1207 1009 1283 1072 nilaii
1294 1034 1389 1074 eornm

329 1119 466 1186 emerat,
482 1111 536 1174 sed
549 1109 609 1172 suuis
624 1110 682 1174 sibi
697 1112 838 1178 manibus
851 1113 1024 1180 coniecerat
1034 1114 1046 1180 l
1056 1141 1072 1172 o
1087 1113 1200 1198 (Apul.
1215 1115 1255 1180 11.
1270 1115 1391 1195 llorid.)

327 1223 447 1285 vestes.
462 1213 600 1294 calceos,
617 1217 779 1296 annulum,
795 1241 954 1304 gemmam,
965 1219 1128 1304 scalptam,
1144 1222 1325 1308 ampullam,
1336 1225 1392 1286 stri·

326 1315 429 1400 gilem.
440 1317 519 1384 ,Jam
533 1319 713 1392 Posidonius
725 1370 735 1400 ‚
748 1339 779 1388 et
791 1325 880 1410 vulgo
895 1323 989 1392 Stoici
1004 1372 1014 1404 ‚
1027 1354 1043 1384 u
1054 1345 1162 1392 ornnes
1173 1343 1276 1406 artae,
1294 1330 1393 1412 quibus

326 1421 357 1484 in
375 1426 550 1508 quotidiano
576 1451 632 1494 usu
650 1431 710 1498 vita
726 1431 844 1509 ¹utitur,
864 1432 1002 1497 volunta
1022 1431 1218 1518 Philosophia
1234 1436 1366 1500 inventas
1377 1463 1390 1490 n

326 1526 421 1610 (Seu.
436 1529 532 1618 Epist
548 1548 610 1604 tota
624 1539 696 1618 η’.)
714 1561 721 1598 =
741 1537 909 1614 fabricam,
926 1552 956 1602 et
964 1541 1030 1622 ejus
1042 1539 1244 1626 ferramentas
1260 1543 1395 1608 metalla-

325 1635 404 1698 riam
420 1653 517 1708 artem
527 1686 537 1720 ,
555 1643 736 1722 textoriam,
758 1644 926 1728 pistoriam.
944 1643 1045 1726 «th
1061 1647 1187 1723 omnia,
1209 1647 1325 1728 inquit,
1340 1645 1393 1710 Sa-

324 1744 411 1826 piens
431 1749 553 1828 quidem
577 1750 710 1824 invenit,
735 1753 790 1822 sed
815 1751 958 1830 minora,
979 1773 1072 1834 quarn
1092 1766 1125 1816 ut
1150 1754 1216 1838 ipra
1235 1768 1392 1830 tractaret,

324 1854 539 1919 sordidioribus
549 1857 694 1924 ministris
707 1859 797 1922 dedit.
807 1885 822 1916 n
833 1857 933 1938 (lbid.
941 1861 956 1937 )
965 1857 1032 1926 Etsi
1043 1858 1167 1926 Senem
1177 1875 1284 1928 nooro
1295 1875 1393 1926 eontra

324 1957 458 2039 videtur,
478 1976 508 2026 et
520 1963 641 2049 indigna
657 1964 720 2028 hano
730 1962 873 2049 sapiente
888 1987 895 2026 ε
909 1987 1007 2048 neque
1020 1967 1205 2033 «abduxisse
1218 1968 1260 2034 ab
1276 1969 1337 2032 illis
1347 1990 1395 2030 ar·

322 2058 420 2137 tibus,
434 2063 486 2126 sed
496 2065 690 2129 omninonon
701 2065 852 2128 renum.»
864 2063 988 2144 (lbid.)
1004 2061 1084 2131 Satis
1097 2065 1163 2132 tusc
1177 2065 1253 2144 isra,
1276 2082 1307 2132 et
1318 2067 1393 2130 irue-

322 2177 387 2230 taon
397 2164 668 2236 Dissertationum
681 2170 813 2249 nostris,
828 2190 891 2236 uon
901 2170 995 2237 dmm
1012 2183 1177 2262 captamus·

601 2357 945 2428 DlSSEll'l'ATIO
973 2361 1114 2427 XVIII.

362 2495 522 2562 Parodana
537 2499 606 2566 ulem
622 2501 715 2564 mirra
729 2524 740 2559 .·
754 2497 824 2562 Non
841 2499 949 2580 injuria
963 2496 1062 2578 abiot,
1076 2518 1131 2562 non
1146 2498 1286 2576 lmonrh,
1300 2521 1360 2563 non

779 2606 934 2672 ardeae.

359 2739 544 2804 Aootntnns
558 2741 648 2826 igitur
657 2740 792 2827 Sapienti
804 2763 932 2828 magna,
946 2761 1040 2828 parra
1064 2763 1072 2802 ε
1094 2743 1228 2822 mam
1248 2741 1292 2804 ab
1313 2761 1351 2802 eo
1370 2753 1396 2799 rt

318 2850 502 2910 removenda
519 2862 587 2911 sunt
601 2875 609 2922 t
622 2849 674 2910 illa
689 2851 754 2934 ipsa
768 2863 876 2934 praeter
891 2849 973 2932 uulgi
987 2869 1119 2912 sensnm.
1133 2847 1193 2924 Ut,

359 2957 520 3036 Sapientem
535 2977 592 3018 non
606 2958 733 3040 accipere
746 2959 893 3038 injurium.
909 2953 1066 3018 stoboerna
1091 2977 1098 3014 ε
1123 2952 1241 3014 «Aiunt
1263 2949 1398 3036 Sapien-

318 3073 381 3120 tem
398 3060 512 3141 injuria
528 3075 679 3124 exsortem
692 3083 783 3140 esse,
799 3076 832 3123 ut
847 3062 898 3143 (pri
914 3081 970 3124 neo
984 3061 1083 3144 capiat
1096 3081 1183 3137 eam,
1199 3081 1260 3124 uec
1275 3059 1397 3122 inierat.

320 3161 398 3226 Esse
418 3165 499 3226 enim
523 3164 690 3248 Iniuriam,
714 3167 891 3251 injustitiam
906 3169 1068 3249 qnamdam
1085 3187 1154 3228 curn
1172 3167 1330 3228 dedecore
1351 3177 1398 3225 ant

318 3273 429 3332 manno
447 3271 647 3354 conjunctum.
659 3301 674 3328 n
693 3271 782 3337 llane
796 3274 887 3358 igitur
902 3293 963 3336 non
977 3271 1087 3344 insert,
1100 3273 1181 3352 qnod
1194 3271 1321 3333 clar-rum
1337 3285 1397 3346 est,

316 3379 421 3460 juvare
436 3391 551 3440 tantum
565 3393 651 3440 natus
669 3401 678 3439 e
694 3382 748 3441 sed
760 3401 858 3461 neque
873 3377 1010 3455 insertur,
1027 3377 1096 3459 quia
1110 3396 1172 3437 non
1186 3377 1335 3452 admittit,
1351 3388 1399 3436 aut

318 3487 466 3560 aduertit,
486 3498 516 3548 et
529 3505 582 3548 sna
597 3485 706 3547 virtute
720 3485 828 3563 nixus,
857 3485 972 3569 spernit
986 3505 1022 3548 ae
1039 3469 1134 3566 rejicit
1149 3483 1316 3546 infamiam
1331 3505 1399 3544 om-

319 3609 401 3668 nem,
417 3591 480 3653 sive
491 3593 645 3652 damnum.
654 3587 806 3668 Breviter,
818 3593 870 3654 sed
883 3591 1020 3666 sortiter,
1034 3587 1167 3652 Seneca:
1180 3615 1195 3642 κ
1206 3585 1298 3668 Quid
1309 3589 1399 3672 ergo?

316 3716 407 3757 nemo
426 3697 710 3778 adequitaremus,
728 3696 779 3778 qni
796 3695 913 3760 tentet?
928 3695 1013 3758 Nihil
1030 3694 1061 3755 in
1076 3713 1180 3757 rernm
1200 3707 1319 3758 natura
1339 3708 1400 3755 tam

179 3807 184 3814 ’
318 3817 436 3858 sacrum
451 3811 515 3875 ast,
529 3800 611 3879 quod
626 3797 806 3880 sacrilegum
820 3817 881 3860 non
896 3796 1049 3873 inueniat,
1066 3796 1119 3856 sed
1132 3813 1192 3854 non
1204 3793 1281 3854 ideo
1299 3795 1401 3856 divina

319 3903 417 3965 minus
430 3903 462 3964 in
477 3904 598 3966 sublimi
615 3917 701 3981 sunt,
720 3905 745 3966 si
760 3904 923 3980 exsistunt,
942 3903 993 3983 qui
1010 3901 1252 3985 magnitudInem
1268 3901 1402 3962 multum

319 4011 397 4072 ultra
411 4032 443 4073 se
459 4013 589 4094 positam
605 4032 666 4073 non
684 4012 770 4074 icturi
786 4024 898 4094 petant.
915 4009 1138 4072 lnvulneraleile
1154 4022 1220 4077 est,
1238 4029 1309 4070 non
1324 4008 1404 4091 quod

319 4139 381 4180 non
395 4118 519 4196 seritur,
533 4120 586 4180 sed
602 4119 681 4198 quod
694 4137 755 4178 non
771 4117 894 4180 laeditur.
903 4143 919 4171 u
931 4115 999 4194 (De
1012 4114 1118 4180 const.
1129 4113 1202 4200 Sap.
1213 4135 1290 4200 cap.
1304 4114 1402 4194 3.)Er

319 4238 416 4286 totum
437 4222 598 4299 libellum,
615 4222 784 4308 elegantem
808 4244 878 4285 sane
899 4235 929 4284 et
949 4221 1002 4284 alti
1023 4222 1165 4306 spiritus,
1184 4221 1214 4282 in
1231 4219 1322 4285 hanc
1339 4245 1402 4284 rem

318 4329 445 4414 scripsit.
476 4326 664 4392 Socraticum
685 4332 816 4413 dogma,
839 4343 869 4392 et
884 4327 1031 4414 Apuleius
1046 4327 1137 4390 etiam
1158 4327 1201 4390 sie
1216 4329 1377 4413 expressit
1392 4349 1399 4383 z
