2896 4958
339 489 428 572 oxctj
532 484 563 551 J.
590 483 753 552 LIPSII
776 483 1227 555 MANUDUCTIONIS

338 643 440 692 antem
452 628 594 712 cogitarit
608 674 616 705 ‚
632 627 745 708 aliquid
757 647 846 710 posse
862 628 1025 710 propositis
1040 628 1100 690 suis
1116 629 1265 690 resistere.
1279 655 1294 686 s
1308 627 1399 710 (thiat

338 735 431 819 Quod
445 757 537 818 quum
553 734 665 798 sactum
682 746 741 810 est,
763 733 865 814 quidni
884 733 973 795 facile
989 733 1086 810 ferat,
1103 737 1184 815 quod
1203 737 1400 819 praeviderat?

340 869 355 898 κ
373 843 506 906 Necesse
520 855 565 903 est
580 839 675 902 levius
691 841 730 900 ad
750 839 884 900 animum
899 840 1060 922 pervenire
1079 841 1223 902 destitutae
1242 841 1400 924 cupiditatis

248 963 256 980 “
337 949 495 1022 dolorem,
519 947 566 1008 cui
587 966 756 1008 successum
776 945 877 1025 utique
901 963 962 1006 non
982 945 1167 1028 promiseris.
1190 971 1205 999 u
1226 945 1349 1027 (thid.)
1365 945 1401 1008 At

337 1055 437 1130 stulti,
455 1055 486 1116 id
501 1066 561 1129 est,
579 1073 655 1128 nos,
671 1063 787 1114 contra.
800 1047 877 1132 Spes
891 1063 921 1112 et
935 1052 1131 1134 cogitationes
1144 1051 1234 1137 longe
1244 1052 1399 1122 mittimus,

337 1161 439 1222 firmas
453 1172 483 1222 et
495 1159 636 1220 ferientes
648 1177 713 1218 esse
726 1155 865 1218 volumus
879 1180 886 1216 ι
900 1171 930 1218 et
939 1179 1008 1219 oum
1022 1157 1099 1242 lapsi
1110 1179 1230 1236 sumtus,
1247 1172 1400 1243 stupemus.

337 1265 420 1330 Inter
433 1265 570 1327 miserias
585 1263 732 1324 humanas
745 1262 963 1346 sapientissime
979 1261 1134 1326 Homerus
1148 1281 1285 1328 recenset
1303 1290 1311 1325 ι

501 1385 537 1449 όν
548 1397 587 1462 pis
598 1395 640 1464 reip
651 1396 708 1448 ποτέ
720 1417 775 1460 φησι
788 1395 856 1446 anxit
868 1395 987 1447 πείσεσθαι
1002 1397 1106 1460 ὀπίσσω,

501 1475 561 1555 ὄφρ’
571 1486 654 1554 ἀρετὴν
665 1487 785 1554 mps'xoos
799 1487 852 1537 scot
863 1523 870 1548 ,
881 1487 917 1536 noi
928 1483 1020 1547 γούνατ’
1033 1487 1117 1558 ὅρόρῃ·
1151 1485 1257 1555 (odyss.
1267 1491 1307 1554 Σ.)

503 1594 580 1664 Quod
591 1613 643 1646 non
654 1593 707 1646 nlla
717 1605 805 1666 putant
817 1593 921 1646 adversa
933 1592 981 1645 sibi
994 1605 1114 1646 eventura
1126 1629 1133 1658 ,

505 1683 635 1754 Quamdiu
644 1683 722 1737 robur
731 1684 801 1737 adest
812 1695 837 1736 et
847 1683 937 1736 florida
948 1684 1061 1736 membra
1073 1697 1213 1737 moventur.

338 1797 481 1878 Atquum
490 1809 665 1869 evenerunt,
676 1794 884 1858 collabuntur:
897 1805 926 1853 et
935 1812 1025 1854 voces
1034 1792 1181 1869 audimus,
1198 1821 1213 1846 r«
1226 1789 1404 1856 Nesciebam

338 1904 397 1966 hoe
408 1901 483 1964 mihi
495 1916 618 1966 restare.
628 1929 643 1955 n
658 1901 755 1962 Aliter
768 1898 914 1983 Sapiens,
928 1899 979 1981 qui
995 1927 1010 1952 a
1019 1899 1074 1961 scit
1086 1899 1259 1998 sibiomnia
1270 1915 1382 1963 restare
1396 1946 1402 1959 .

340 2025 372 2073 et
385 2009 528 2091 quidquid
541 2008 652 2070 sactum
667 2020 732 2084 est,
748 2005 838 2083 dicit,
854 2004 1007 2068 Sciebam.
1025 2034 1040 2060 a
1065 2008 1080 2084 (
1088 2001 1160 2070 Seu.
1174 2002 1271 2089 Epist,
1285 2005 1405 2088 nxxvr.)

475 2178 697 2197 ..............
713 2143 772 2194 Non
785 2142 837 2195 ulia
847 2141 978 2207 laborum,

354 2280 357 2288 .
471 2233 597 2306 Ovirgo,
611 2253 677 2286 nora
687 2234 724 2285 mi
733 2234 810 2286 iacies
820 2231 957 2306 inopinave
966 2235 1054 2306 surgit.

475 2324 569 2382 Omnia
579 2325 683 2398 precepi
692 2363 699 2391 ,
709 2337 783 2394 atquc
793 2324 881 2390 animo
895 2343 994 2378 tnecnrn
1004 2337 1060 2378 ante
1070 2326 1165 2400 peregi.
1177 2325 1272 2392 (Vttttt.
1283 2327 1346 2380 AEn.
1355 2325 1409 2391 Vl.)

343 2485 359 2516 «
374 2455 416 2519 Et
436 2458 511 2519 sicut
526 2457 547 2516 ii
562 2457 612 2538 qui
626 2457 814 2546 secmtlante'
826 2457 899 2519 caeto
918 2470 948 2518 et
962 2468 1050 2519 vento
1064 2457 1225 2540 navigant,
1244 2458 1410 2537 etiamque

342 2577 446 2628 contra
457 2575 650 2647 tempestates
661 2561 727 2622 usui
741 2573 823 2639 sunt,
838 2577 945 2645 parata
957 2561 1072 2624 habent
1085 2585 1092 2622 :
1106 2561 1149 2624 sic
1159 2562 1210 2642 qui
1224 2563 1410 2646 inprospera

341 2669 476 2734 Fortuna
489 2669 624 2751 sapiunt,
641 2668 732 2730 etiam
745 2668 880 2730 remedia
896 2669 1027 2730 adversae
1043 2667 1123 2729 tttius
1136 2669 1308 2752 expediunt.
1321 2695 1338 2722 a
1349 2664 1411 2749 (So

343 2791 417 2842 crat.
436 2775 516 2860 apub
530 2773 616 2838 Stob.
636 2772 736 2836 Serm.
758 2755 835 2852 tttss)
849 2771 892 2834 Et
911 2795 975 2854 quae
989 2757 1045 2834 itta
1055 2773 1213 2836 remedia?
1227 2775 1294 2858 jam
1309 2774 1386 2835 clieta
1405 2817 1410 2830 .

345 2909 361 2942 o
377 2881 469 2944 Loetis
482 2901 542 2944 non
560 2883 702 2958 credere,
726 2897 848 2943 omnem
862 2878 1003 2942 Fortunae
1019 2879 1172 2942 licentiam
1187 2879 1219 2940 in
1242 2879 1343 2944 ocuiis
1360 2879 1415 2940 ha-

343 2989 438 3060 bere;
455 3001 629 3068 tamqnam,
651 2987 791 3068 quidquid
812 3000 911 3069 potest
932 2985 1056 3061 facere,
1076 2983 1191 3047 factura
1211 2985 1261 3047 sit.
1279 3013 1296 3040 »ι
1324 2983 1414 3068 (Sco.

343 3093 401 3178 Ep
415 3093 560 3174 nxxvttt.)
569 3093 642 3155 Ideo
653 3106 684 3154 et
696 3092 748 3154 illa
760 3091 879 3155 affectio
889 3089 1038 3175 Sapientis
1047 3091 1172 3175 propria
1186 3114 1194 3151 :
1206 3093 1252 3154 m'l
1264 3093 1389 3165 nairari;
1400 3119 1413 3142 ι»

344 3200 472 3281 (Laert.
492 3202 523 3262 in
544 3201 641 3278 zen.)
660 3200 723 3262 sive
738 3221 803 3281 quae
816 3197 933 3263 Natura
954 3212 984 3260 et
1000 3197 1097 3261 causis
1113 3197 1256 3277 ocensis,
1275 3199 1341 3261 sire
1357 3218 1415 3278 quae

343 3306 478 3370 Fortuna
493 3306 642 3367 eveniunt.
656 3303 719 3367 Scit
730 3304 823 3367 multa
834 3305 866 3366 in
876 3305 957 3367 illius
968 3305 1035 3366 sinu
1048 3323 1109 3366 non
1122 3305 1264 3388 indagata
1276 3352 1286 3382 ‚
1304 3305 1418 3367 nonin

344 3413 495 3497 sugenda,
516 3409 635 3488 occuli3
654 3411 730 3473 etin
750 3411 837 3492 hujus
851 3431 913 3472 non
926 3423 1114 3494 exspectata,
1130 3428 1191 3471 non
1207 3411 1417 3495 exspectanda.

343 3519 429 3605 Ergo
443 3519 566 3581 tollatur
580 3518 633 3580 illa
648 3531 808 3580 eventuum
821 3519 938 3581 novitas
956 3542 964 3581 ι
981 3545 996 3574 r
1012 3516 1098 3581 Nihil
1112 3517 1201 3579 nobis
1216 3518 1420 3603 improvismn

344 3649 410 3690 esse
426 3627 525 3690 debet.
542 3626 578 3688 In
590 3625 693 3687 omnia
707 3627 928 3709 praemittendus
945 3640 988 3688 est
999 3625 1117 3690 animus
1132 3648 1139 3684 ι
1152 3626 1418 3708 cogitandumque,

343 3753 405 3796 non
419 3733 562 3815 quidquid
577 3731 670 3808 solet,
687 3733 740 3793 scd
754 3731 894 3814 quidquid
905 3745 1005 3814 potest
1017 3730 1092 3793 fieri.
1109 3756 1124 3785 u
1142 3727 1233 3803 (Seu.
1248 3729 1421 3810 301.)Ηο-

344 3840 459 3902 minem
478 3843 518 3902 ad
530 3839 662 3900 hnmana
677 3857 842 3921 paremus:
862 3851 892 3901 et
911 3859 981 3900 cum
999 3835 1160 3921 sapiente,
1178 3863 1194 3892 κ
1210 3858 1421 3902 assuescamus

346 3945 451 4008 suturis
465 3946 570 4017 maiis.
586 3959 618 4007 et
630 3965 695 4026 quae
706 3943 758 4004 alii
768 3944 820 4005 diu
831 3944 971 4026 patiendo
986 3943 1064 4008 levia
1077 3942 1209 4018 faciunt,
1224 3965 1288 4008 nos
1304 3947 1358 4008 diu
1371 3965 1422 4007 co-

345 4053 476 4136 gitando.
494 4079 508 4104 n
525 4048 642 4135 (Epist.
660 4049 786 4132 nxxvt.)
