2894 4954
332 399 399 466 318
483 395 551 464 DE
573 394 1062 486 TRANQUILLITATE
1083 398 1247 468 ANIMI

331 523 839 616 thetxenopboum¹‚
861 526 1186 596 etillnmsncratici
1203 528 1374 619 foetmpro·

331 655 468 710 ventmn
482 645 510 721 ²,
527 639 634 710 bonos
644 661 815 730 quereres
833 668 845 724 ς
861 641 1033 710 autsitihi
1050 643 1373 736 potesnssemnimr

332 753 432 822 fieret
458 757 591 836 tetros,
623 775 700 845 qum
719 754 899 846 plerosque
921 754 1043 850 dignos
1061 757 1164 838 tulit,
1185 757 1245 848 qni
1258 759 1374 825 &toni

331 869 453 936 seculo
465 883 703 949 nascerentur,
720 869 809 938 siem
822 871 944 940 multos
960 872 1112 964 pejores,
1128 895 1229 964 quum
1247 895 1374 963 unqmn

331 984 432 1066 elias,
452 987 738 1076 maximorumque
759 983 930 1054 molitores
947 986 1125 1054 scelerum.
1142 987 1373 1078 Unaqueem

333 1100 433 1173 turbo
449 1123 533 1193 opos
547 1115 646 1181 erat,
667 1115 706 1168 ut
721 1101 805 1168 Ceto
821 1115 934 1192 posset
948 1101 1115 1194 intelligi:
1133 1101 1262 1170 hahere
1277 1101 1373 1170 debuit

331 1215 933 1308 ethonos,quihusseupprohurot3
950 1217 1120 1298 ctmnlos,
1142 1219 1372 1308 inquibmvin

294 1352 310 1418 4
333 1355 428 1402 suam
449 1332 676 1424 experiremr.
696 1331 796 1398 Nune
811 1353 893 1399 vero
904 1332 942 1398 in
962 1347 1055 1400 tenta
1067 1332 1234 1400 bonorum
1247 1347 1373 1425 effluo

333 1451 444 1520 minus
455 1447 625 1518 lnsddiose
639 1447 698 1516 fiat
708 1447 840 1516 electio.
852 1449 1027 1540 Praeeipue
1036 1464 1148 1517 tumen
1159 1449 1374 1518 uitenturnis·

334 1579 412 1646 tes,
431 1578 469 1632 et
491 1559 863 1654 omniadeplomutes,
896 1563 1023 1655 quihus
1039 1563 1224 1632 nullunon
1244 1563 1372 1632 (annin

333 1678 492 1771 querelas
506 1678 629 1771 planet.
645 1679 785 1746 Constet
803 1676 853 1746 illi
870 1677 952 1746 lioct
971 1675 1058 1748 fides
1077 1695 1116 1745 et
1133 1677 1371 1755 hemudent’n,

334 1793 573 1886 tranquillitati
587 1809 699 1864 temen
713 1793 871 1861 inimicus
896 1813 1072 1862 estoemes
1097 1795 1334 1888 peronhntns,
1348 1805 1374 1858 et

333 1910 448 1984 omniu
464 1933 615 2002 gemens.

297 2069 307 2102 ι
382 2025 473 2094 vm.
494 2023 720 2094 Transeamus
739 2021 783 2092 ad
796 2027 1021 2116 pon-imonis,
1044 2029 1218 2095 maximam
1235 2027 1374 2097 hunam

334 2165 409 2210 rum
432 2163 656 2212 erumnarum
680 2140 866 2208 motorium.
888 2143 973 2210 Nem
999 2142 1027 2209 si
1053 2144 1166 2211 omnin
1181 2141 1248 2210 elin
1272 2139 1373 2233 quibus

332 2258 493 2350 ungimur
520 2279 711 2350 compares,
738 2271 881 2337 mortes,
902 2260 1157 2350 egrotationes,
1184 2275 1313 2340 metus,
1331 2255 1374 2321 de

334 2370 482 2455 sideria,
511 2372 664 2442 dolorum
682 2365 904 2464 laborumque
920 2375 1139 2465 patientiam,
1169 2395 1248 2442 oum
1262 2373 1302 2439 iis
1313 2392 1373 2462 qne

334 2486 432 2557 nobis
455 2479 543 2564 mule
568 2488 714 2580 pecunie
736 2502 853 2555 nostra
874 2487 1037 2570 exhibet,
1058 2489 1133 2556 baee
1156 2511 1235 2580 pars
1254 2487 1374 2554 mulum

334 2603 575 2696 pregravabit.
608 2605 727 2695 Itaque
746 2601 962 2694 cogitandum
975 2619 1048 2687 est,
1071 2619 1199 2695 quanto
1213 2604 1316 2671 levior
1329 2599 1376 2667 do

334 2717 386 2786 lor
400 2719 460 2800 sit,
491 2742 559 2788 non
587 2717 737 2799 habere,
770 2741 871 2808 quum
894 2717 1040 2813 perdere
1057 2745 1066 2785 :
1083 2735 1119 2786 et
1143 2719 1373 2812 intelligemus,

335 2834 525 2925 paupertati
540 2857 580 2900 eo
594 2833 760 2900 minorem
772 2847 1031 2915 tormentorum,
1049 2857 1119 2925 quo
1134 2834 1296 2900 minorem
1305 2829 1377 2898 dam·

295 2965 310 2997 ²
335 2973 455 3017 norum
475 2973 548 3018 esse
567 2950 752 3017 materiam.
775 2953 876 3018 Erras
902 2951 1012 3030 enim,
1040 2951 1069 3016 si
1095 2964 1195 3042 putas
1211 2948 1376 3016 animosius

371 3156 842 3226 1.Ptatonmerxemph0ntas.ce-
886 3158 1038 3224 institutor,
1074 3159 1190 3212 Euclides
1223 3159 1375 3233 Megarensis,

335 3239 480 3292 lebcrritnos
490 3239 558 3292 siros
567 3255 676 3310 quorum
684 3237 759 3291 hioin
767 3235 842 3290 bisto-
890 3234 986 3290 t’bedo
997 3235 1153 3303 Eretricum,
1166 3237 1323 3291 Antisthenes
1332 3233 1375 3303 (35-

334 3316 373 3370 ris
384 3329 409 3368 et
417 3315 576 3390 pbilosophis
583 3315 664 3368 ethica
675 3315 740 3366 inter
747 3314 843 3386 primo-
891 3313 1006 3365 nieorum
1016 3313 1146 3386 princeps,
1158 3313 1296 3387 Aristippus
1308 3310 1375 3383 Cyre-

303 3427 305 3434 ν
335 3392 841 3458 rosnnmerstnr,illeverorlcsdemicsm
890 3390 1036 3454 naitonum:
1050 3403 1102 3442 tum
1120 3411 1149 3443 ex
1166 3390 1196 3442 iis
1213 3391 1257 3462 qui
1273 3409 1322 3442 non
1336 3401 1374 3437 nn

335 3471 456 3524 scholam
469 3469 600 3534 condidit,
620 3487 702 3540 nsque
713 3466 843 3540 eloquen-
890 3465 1054 3540 philosophie
1063 3485 1139 3536 quum
1150 3467 1228 3519 literis
1244 3467 1376 3520 studuerunt

334 3549 375 3602 tite
386 3549 487 3600 laudem
499 3545 689 3610 alicuicedens,
704 3546 738 3598 itu
746 3546 843 3619 scripsit
889 3541 1035 3617 Euripides,
1047 3543 1182 3597 AEschines
1194 3558 1219 3596 et
1231 3542 1375 3616 Xenophont

334 3640 360 3680 et
374 3627 472 3680 locutus
492 3639 575 3678 estut
595 3624 627 3677 uh
645 3624 764 3678 omnihus
781 3627 841 3686 θεῖος
890 3643 904 3674 c
924 3619 1066 3694 reipublice
1085 3620 1300 3686 moderatoribus,
1317 3615 1375 3672 Alt‘r

334 3703 528 3778 cognominatus
540 3702 580 3754 sit.
888 3697 982 3752 biudes.

367 3805 389 3834 u.
403 3783 488 3834 Illum
505 3779 632 3836 Socratici
642 3781 726 3852 scetus
735 3799 841 3847 proven·
921 3777 991 3828 vtll.
1005 3781 1072 3830 tlte.
1084 3776 1216 3830 Modicum
1226 3797 1298 3852 porro
1308 3772 1375 3848 patri-

332 3872 396 3912 tum.
417 3857 567 3912 Incredibile
583 3859 652 3910 enim
676 3871 711 3910 est
732 3869 795 3928 quot
816 3869 840 3908 ct
888 3856 1003 3908 monium
1023 3857 1109 3910 virtuti
1132 3871 1155 3910 et
1174 3857 1232 3910 vitre
1251 3853 1375 3926 tranquille

331 3949 473 4008 quantoset
487 3935 711 3989 indiversisrehus
722 3935 839 3988 virosSo·
888 3932 981 3986 sufficit
994 3951 1001 3986 ι
1016 3935 1127 4008 amplum
1149 3931 1235 3986 officit.
1255 3934 1286 3983 ln
1305 3931 1372 3986 hisce·

332 4013 405 4065 cratis
413 4013 506 4067 Schola
516 4013 656 4087 protulerit.
668 4013 839 4065 Memorentur
887 4031 943 4083 que
955 4011 1003 4064 hoc
1012 4012 1089 4084 cupite
1101 4024 1237 4064 namntur
1247 4048 1255 4075 ,
1264 4009 1372 4064 Toletum·

331 4091 432 4154 tolum,
447 4109 478 4143 ns
492 4110 580 4143 omnes
597 4091 755 4144 numerando
775 4090 838 4143 lon·
888 4088 1140 4162 Pythagoricum‚de
1151 4105 1201 4158 qno
1211 4081 1373 4162 supremouu't

330 4168 412 4238 giores
432 4167 583 4235 evademus,
601 4167 673 4222 Pluto
695 4168 837 4222 Academico
887 4187 958 4235 mus,
971 4167 1061 4220 Nostro
1073 4179 1130 4220 unte
1139 4167 1227 4220 oculos
1237 4166 1309 4220 luisse
1319 4202 1325 4226 ,
1334 4179 1373 4233 μ’
