2930 4956
312 501 365 584 xvj
458 491 719 562 nnuonrs
761 493 898 562 uovl
936 495 1236 566 ansanum.

320 639 416 684 mnes
434 613 585 684 editores
605 636 628 682 a
643 613 831 684 Moralibns
845 614 943 684 libris
952 632 1177 710 seposuerunt
1187 645 1197 700 3
1208 617 1288 686 huic
1297 642 1388 711 prse-

311 735 463 802 mittetur
474 727 699 814 Introductis,
715 753 817 822 quam
829 729 875 798 ad
888 732 980 801 hune
994 731 1118 800 librum
1125 735 1240 802 iustus
1250 735 1387 828 Lipsius

309 849 446 942 scripsit
458 848 525 916 hoe
540 846 661 916 titulo:
677 841 900 942 Physiologia
912 845 1111 917 Stoieomm.

357 967 404 1034 vl
415 981 528 1034 autem
541 964 608 1034 vol.
621 963 984 1058 eolligetFrngmenm‚
995 980 1066 1034 tum
1075 961 1276 1058 jamdudum
1289 981 1383 1049 nota,

309 1093 379 1148 tum
393 1101 513 1148 recem
534 1080 673 1148 inventa
692 1093 726 1148 et
744 1078 835 1147 edita
849 1081 964 1148 Rome
981 1102 1002 1146 a
1018 1081 1055 1146 B.
1070 1078 1110 1146 C.
1127 1077 1318 1148 Niebuhrio
1338 1080 1382 1148 C.

308 1193 349 1262 F.
362 1221 373 1280 3
385 1195 644 1286 Epigranmmm
660 1217 759 1285 snper
774 1196 894 1262 exsilio
904 1223 917 1280 ‚·
937 1218 1041 1264 nevas
1059 1193 1241 1278 lectiones,
1261 1197 1289 1264 si
1307 1219 1387 1288 qnae

308 1311 395 1382 forte
411 1334 452 1380 ex
464 1312 565 1380 novis
582 1311 679 1381 Mss.
689 1333 791 1404 supra
805 1308 988 1404 descriptis
999 1327 1202 1397 occurrant3
1216 1312 1388 1380 recentio-

308 1450 384 1498 rum
407 1442 582 1496 anctorum
602 1425 646 1495 de
666 1427 795 1496 Senem
814 1423 964 1518 jndicie3
993 1427 1147 1495 notitiam
1174 1427 1383 1512 literariam3

307 1542 435 1639 amplos
454 1543 604 1636 denique
624 1541 767 1612 indices.

356 1660 444 1756 Quae
460 1685 517 1730 sex
534 1660 718 1746 volumina,
732 1662 874 1755 jurante
890 1663 977 1744 Deo,
994 1643 1249 1756 quammaxime
1267 1663 1386 1731 conii-

306 1777 429 1848 ciende
439 1801 512 1848 esse
524 1803 699 1874 speramus
709 1807 719 1865 3
730 1793 883 1846 nostrum
895 1779 986 1846 enim
1001 1780 1164 1848 Senecam
1178 1781 1269 1873 typis
1280 1801 1384 1849 man·

306 1892 389 1962 dare
405 1917 474 1963 non
492 1909 591 1964 antea
604 1895 790 1978 voluimus,
812 1917 913 1988 quam
930 1896 1043 1963 omnia
1061 1895 1125 1966 suh
1135 1919 1236 1964 mann
1250 1919 1389 1991 eompa-

307 2022 380 2078 rata
395 2007 523 2091 forent,
543 2032 619 2100 qne
639 2006 684 2076 ad
700 2009 790 2077 hanc
803 2008 871 2078 cito
889 2025 926 2079 et
942 2008 1128 2104 diligenter
1140 2008 1387 2080 absolvendam

305 2123 496 2196 Editionem
513 2127 704 2196 necessaria
720 2123 937 2196 videbantur.

357 2241 542 2312 Audiamus
561 2265 654 2311 nunc
677 2265 838 2334 magnum
863 2244 1016 2337 Lipsium
1042 2242 1084 2310 de
1104 2245 1172 2311 vita
1194 2258 1228 2311 et
1246 2245 1387 2336 seriptis

306 2360 347 2428 L.
374 2357 416 2426 Α.
443 2359 580 2428 Senecae
605 2359 759 2452 gnaviter
780 2374 815 2426 et
837 2359 971 2452 copiose
1000 2356 1244 2441 disserentem,
1276 2375 1387 2451 atque

306 2496 367 2541 nos
383 2471 428 2541 ed
447 2476 565 2544 Stoieae
583 2475 811 2567 Philosophiae
833 2476 995 2569 templum
1016 2491 1109 2546 certo
1127 2477 1250 2545 itinere
1270 2474 1386 2546 dedu-

307 2605 452 2660 centem.
