2894 4954
312 459 379 526 336
462 455 529 523 DE
552 454 1041 548 TRANQUILLITATE
1065 454 1230 521 ANIMI

272 623 287 655 ι
310 587 422 656 nisisi
442 583 527 679 quid
551 567 785 654 intervenerit.
816 589 886 654 Hoc
902 601 979 667 est,
1004 609 1110 678 quare
1128 583 1277 677 sapienti
1298 583 1383 651 nihil

310 720 428 772 contra
447 702 640 796 opinionem
665 703 815 771 dicamus
838 701 1015 788 accidere3
1037 725 1106 769 non
1124 701 1220 770 illum
1247 701 1384 768 casibus

310 819 484 886 hominum
505 817 716 910 excepimus,
737 817 797 885 sed
819 817 1019 886 erroribus:
1039 816 1166 885 necilli
1183 817 1328 897 omnia,
1350 833 1383 883 ut

310 935 434 1019 voluit,
455 932 607 1016 cedunt,
630 932 691 1002 sed
708 949 748 1004 ut
764 937 946 1028 cogitavit3
969 935 1125 1028 inprimis
1148 949 1262 1002 autem
1287 934 1381 1026 παρ’·

310 1054 417 1130 tavit,
443 1047 537 1120 aliud
556 1073 653 1144 posse
677 1053 859 1144 propositis
882 1053 951 1120 suis
974 1053 1143 1120 resistere.
1167 1053 1319 1118 Necesse
1336 1067 1382 1118 est

309 1180 422 1232 autem
440 1164 548 1232 levius
567 1163 611 1232 ad
630 1164 779 1232 animum
798 1166 980 1256 pervenire
1000 1163 1167 1233 destitutae
1184 1163 1382 1257 cupiditatis

310 1278 482 1362 dolorem,
503 1279 558 1346 cui
575 1301 766 1348 successum
780 1304 849 1348 non
862 1281 981 1372 utique
998 1280 1208 1373 promiseris.

359 1393 453 1460 XIV.
470 1389 602 1459 Faciles
615 1392 716 1460 etism
731 1417 793 1460 nos
813 1395 923 1461 iacere
942 1392 1123 1475 debemus,
1143 1416 1189 1460 ne
1202 1393 1309 1460 nimis
1322 1390 1380 1458 de-

311 1507 443 1575 stinatis
466 1507 569 1574 rebus
593 1506 855 1600 indulgeamus:
877 1523 1084 1576 transeamus
1107 1510 1143 1575 in
1161 1531 1224 1589 ea,
1249 1509 1290 1574 in
1308 1531 1380 1598 quae

311 1645 373 1690 nos
388 1645 485 1689 cesus
502 1619 683 1690 deduxerit
698 1651 707 1708 3
724 1647 789 1691 nec
802 1624 1004 1691 mutationes
1016 1639 1075 1692 sut
1088 1623 1220 1691 consilii
1237 1639 1299 1690 sut
1314 1637 1379 1689 sta-

312 1753 366 1805 tus
394 1738 702 1830 pertimescamus,
724 1736 904 1807 dummodo
922 1763 990 1807 nos
1017 1738 1158 1822 levitas,
1183 1739 1378 1806 inimicissi-

312 1875 403 1920 mum
421 1853 528 1945 quieti
555 1853 699 1935 vitium,
728 1878 796 1922 non
822 1855 1001 1948 excipiat'.
1029 1856 1113 1922 Nam
1137 1869 1172 1921 et
1193 1853 1378 1946 pertinacia

313 1992 450 2038 necesso
469 1985 520 2036 est
534 1971 633 2037 anxia
648 1984 682 2036 et
700 1969 821 2038 misera
837 1971 902 2052 sit,
923 1971 978 2037 cui
998 1969 1131 2037 fortuna
1147 1993 1237 2062 saepe
1248 1965 1377 2059 aliquid

312 2101 491 2178 extorquet
516 2111 523 2150 :
545 2101 580 2154 et
597 2085 715 2153 levitas
733 2085 838 2154 multo
853 2087 1009 2179 gravior,
1029 2111 1196 2177 nusquam
1214 2110 1250 2152 se
1268 2085 1377 2152 couti-

313 2227 410 2270 nens.
432 2205 622 2294 Utrumque
642 2202 799 2269 infestum
819 2218 870 2270 est
883 2203 1138 2294 tranquillitati,
1156 2219 1192 2270 et
1203 2201 1292 2270 nihil
1307 2227 1378 2269 mu·

313 2332 386 2384 tare
400 2341 519 2410 posse,
541 2333 576 2384 et
592 2317 680 2385 nihil
699 2319 781 2410 poti.
801 2319 927 2411 Utique
943 2320 1074 2386 animus
1086 2319 1130 2387 ab
1143 2317 1301 2386 omnibus
1320 2341 1377 2384 ex·

313 2432 420 2500 ternis
437 2435 474 2499 in
492 2456 529 2500 se
547 2433 757 2502 revocandus
775 2449 827 2501 est
846 2461 853 2498 :
875 2433 940 2501 sibi
961 2432 1128 2516 confidat,
1150 2457 1186 2502 se
1206 2431 1375 2526 gaudeat,

312 2570 373 2614 sua
388 2546 575 2639 suspiciat,
597 2547 755 2630 recedat,
777 2563 941 2639 quantum
958 2563 1089 2640 potest,
1115 2547 1159 2616 ab
1179 2547 1322 2629 alienis,
1347 2563 1380 2612 et

313 2686 348 2728 se
367 2663 433 2729 sibi
450 2660 620 2754 applicet,
644 2662 767 2730 damna
782 2687 851 2730 non
869 2664 1011 2747 sentiat,
1038 2665 1137 2732 etiam
1159 2664 1302 2732 adversa
1319 2664 1378 2731 be-

306 2761 419 2872 ¹nigne
438 2780 695 2872 interpretetur.
713 2781 874 2848 Nuntiato
888 2781 1091 2874 naufragio,
1112 2785 1204 2850 Zeno
1219 2776 1232 2816 ⁶
1250 2798 1376 2861 noster,

312 2922 418 2989 quum
429 2899 543 2964 omnia
552 2923 612 2966 sua
622 2895 758 2966 audiret
768 2897 953 2966 submersa:
969 2899 1103 2981 uJubet,
1115 2901 1240 2990 inquit,
1254 2900 1379 2967 mesor

314 3029 395 3080 tuna
405 3011 595 3107 expeditius
606 3008 1379 3107 philosophari.»MinabaturTheodorolphi-

348 3227 419 3281 xlv,
432 3229 499 3280 Atto.
509 3228 542 3278 Et
551 3227 689 3299 pertinacis
701 3239 725 3278 ot
736 3225 823 3278 levitas
872 3225 945 3298 τύχης
968 3229 1059 3300 recepit
1083 3227 1188 3281 sehow.
1209 3249 1223 3281 e
1243 3227 1375 3281 codicibus

314 3301 425 3355 vitanda
444 3316 516 3370 sunt,
528 3317 556 3356 ut
567 3303 733 3376 tranquillitas
745 3302 824 3356 suimi
897 3324 919 3356 α.
931 3303 1009 3356 Zeno
1019 3303 1133 3357 Cittieus.
1144 3305 1270 3357 Mercator
1280 3325 1376 3378 purpu-

314 3393 485 3432 conservetur.
871 3401 925 3434 rsm
942 3383 1010 3454 Tyro
1023 3381 1138 3434 venalem
1149 3384 1176 3435 in
1195 3383 1320 3436 Graeciam
1331 3382 1377 3433 atl-

350 3477 370 3510 r.
386 3457 608 3511 Transeamus...
620 3461 744 3525 excipiat.
759 3459 825 3510 Lau·
873 3459 931 3510 vehi
954 3459 1042 3530 juliens
1067 3459 1137 3511 uaris
1158 3461 1226 3532 juxta
1247 3459 1375 3532 Pyraeeum

315 3531 358 3584 dat
375 3533 407 3585 ad
424 3533 478 3587 liaec
496 3535 592 3609 Lipsius
608 3539 640 3598 (e
653 3533 722 3586 Stob.
739 3530 783 3585 lib.
796 3533 823 3601 l,
874 3536 961 3609 negiu
972 3549 1046 3607 atquc
1055 3556 1136 3588 anuos
1148 3537 1250 3610 triginta
1263 3549 1335 3588 natus
1345 3534 1375 3586 sd

313 3631 411 3684 capp,
428 3625 520 3687 stpag.
539 3612 582 3680 ιδ,
601 3613 678 3668 Gesn.
692 3613 730 3664 lll
743 3613 823 3664 Serui.
873 3613 996 3666 Cratetem
1010 3635 1035 3666 se
1053 3613 1193 3686 applicavit.
1211 3613 1250 3664 cf.
1269 3613 1374 3684 Diogen.

314 3692 415 3764 pagos
427 3705 451 3743 ,ι
464 3713 510 3762 79,
524 3692 657 3759 sum:
670 3679 824 3764 nessi„
873 3694 951 3744 nes.
974 3691 1018 3744 iu.
1035 3693 1103 3758 vu,
1127 3711 1180 3764 cap.
1196 3694 1210 3758 4
1229 3703 1254 3743 o
1270 3693 1302 3751 5;
1318 3688 1374 3756 tuq.

314 3769 385 3823 sinis·
401 3762 513 3828 «ἐπειδὴ
524 3774 554 3838 μὴ
562 3775 645 3835 γίνεται
657 3773 684 3823 τὰ
695 3773 825 3840 πράγματα,
873 3769 1005 3842 Menagius
1024 3781 1047 3819 et
1069 3767 1175 3820 Casani).
1197 3766 1241 3838 qui
1266 3779 1372 3818 nostrum

237 3875 240 3889 ·
313 3851 344 3908 ὡς
363 3849 512 3915 βουλόμεθα,
531 3851 568 3902 δεῖ
583 3847 725 3916 βούλεσθαι,
742 3851 771 3908 ὦς
790 3851 825 3912 yl-
872 3849 955 3901 locum
967 3869 1018 3900 non
1032 3845 1203 3921 neglexerunt.

312 3927 381 3978 sulm.
395 3949 410 3986 r,
422 3927 540 3991 Deinde,
555 3930 580 3978 lx
593 3929 703 3996 ropaplos
715 3933 755 3978 τοῦ
767 3918 823 3991 din-
907 3925 930 3977 3.
947 3925 1085 3977 Theodoro.
1101 3922 1256 3994 philosopho
1269 3920 1373 3974 Platoni·

312 4003 438 4071 στωνῦμου·
454 4005 604 4074 Κυβιρννῖτου
613 4008 651 4072 pls
662 4005 726 4072 ἔργον
735 4004 821 4066 ἀγαθοῦ
873 4023 902 4056 co
910 4015 933 4054 ot
942 4001 1080 4075 Cyrenaico
1089 4023 1095 4065 ;
1104 4001 1163 4054 vixit
1170 4001 1236 4053 cirta
1243 4000 1287 4052 0l.
1296 3998 1372 4057 CXX,

310 4085 342 4142 εἷς
355 4085 446 4142 ussus
459 4085 592 4150 πνιυμέτων
609 4082 737 4150 μεταβολὰς
749 4081 821 4150 ἁρμό·
871 4096 1006 4156 praeceptor
1016 4081 1114 4134 Bionis.
1133 4081 1173 4134 Cl.
1192 4080 1293 4132 Fsbrit.
1312 4078 1372 4130 Bilsl.

248 4215 250 4219 .
307 4161 395 4224 ortas,
413 4160 538 4228 &stipigdl
560 4169 634 4227 σοφοῦ
653 4162 818 4226 πρὶςτᾶςτῆς
869 4160 1013 4232 grmvol.
1029 4161 1083 4224 Ill,
1102 4179 1158 4232 pag.
1175 4160 1234 4230 189,
1251 4157 1369 4214 5²5.Cit.
1438 4133 1439 4218 l

306 4235 387 4305 τύχης.
412 4239 493 4290 Antea
513 4235 555 4290 liic
574 4236 702 4309 legebatur
716 4239 816 4308 ψυχῆςι
867 4239 940 4290 Tute.
955 4235 1180 4310 Disp.lib.l,rsp.
1195 4236 1247 4301 ⁴3²
1263 4229 1373 4304 «Quill
