2900 4944
407 471 587 548 esrur
611 477 723 546 v111.
1038 479 1106 573 49⁵

50 609 94 680 illi
118 609 219 680 semei
237 610 385 703 placita,
408 631 472 676 neo
490 605 560 676 nlla
579 608 616 676 in
636 605 785 676 decretis
806 609 880 701 ejus
897 607 1026 676 litura¹
1046 609 1102 677 sit.

49 728 271 822 intelligitur,
294 726 425 794 etiamsi
443 748 511 794 non
528 724 708 818 adjecero,
728 726 948 818 compositum
970 724 1108 796 ordina-

52 864 180 939 tumque
200 845 271 915 fore
291 845 392 914 telem
408 845 541 928 virum,
570 858 605 911 et
626 844 663 912 in
687 844 742 911 bis
760 867 836 936 quae
855 857 934 936 aget
952 867 1029 912 oum
1047 869 1108 914 oo·

48 964 177 1044 nitate,
198 962 429 1056 magnificum.
452 961 526 1029 Erit
541 983 622 1028 vera
641 959 728 1028 ratio
746 959 901 1028 sensibus
922 959 1049 1045 insita,
1073 977 1109 1030 et

50 1080 178 1172 capiens
196 1079 277 1148 inde
296 1077 465 1174 principia
486 1103 494 1144 ι
515 1101 580 1145 nee
598 1077 687 1144 enim
704 1076 809 1144 babet
826 1076 920 1145 aliud
938 1076 1031 1146 unde
1047 1103 1107 1148 co·

49 1211 162 1276 netur,
182 1209 241 1262 aut
258 1191 351 1262 unde
370 1191 415 1260 ad
433 1215 552 1260 verum
571 1193 733 1285 impetum
750 1193 879 1287 capiat,
900 1193 987 1260 etin
1004 1217 1039 1262 se
1056 1218 1108 1262 re-

47 1323 193 1378 vertatur
207 1312 234 1376 ².
265 1311 351 1376 Nam
376 1306 523 1376 mundus
547 1331 683 1400 quoque
708 1321 830 1376 cuncta
849 1308 1103 1402 complectens,
1132 1325 1149 1390 4

48 1440 220 1516 rectorque
231 1425 382 1494 universi
396 1425 489 1493 Deus
502 1474 512 1506 ,
529 1425 565 1491 in
576 1425 741 1492 exteriora
754 1422 891 1516 quidem
904 1424 1030 1508 tendit,
1046 1423 1107 1494 sed

49 1557 152 1608 umen
169 1541 205 1609 in
226 1555 332 1608 totum
349 1537 504 1630 undique
515 1541 551 1606 in
571 1564 607 1608 se
624 1531 749 1608 redit³.
765 1537 861 1610 Idem
877 1557 994 1614 nostra
1010 1565 1107 1612 mens

48 1657 140 1726 iaciat
157 1685 164 1724 :
183 1681 288 1751 quum
303 1671 418 1725 secuta
434 1679 552 1725 sensus
566 1679 667 1740 suos,
685 1679 748 1750 per
762 1656 838 1725 illos
857 1679 892 1724 se
911 1656 955 1724 ad
967 1673 1108 1728 externa

47 1773 229 1862 porrexerit
242 1799 251 1857 3
269 1786 303 1838 et
320 1771 456 1848 iliorum
471 1783 505 1836 et
519 1770 571 1836 sui
585 1784 705 1862 potens
718 1770 783 1852 sit,
800 1784 835 1838 et
848 1770 902 1859 (ut
919 1771 965 1838 ita
979 1769 1106 1860 dicam)

48 1883 210 1955 devinciat
225 1909 390 1953 summum
404 1884 530 1951 bonum
543 1875 570 1949 ⁴.
591 1886 664 1952 Hoc
678 1883 776 1953 modo
788 1908 857 1953 una
873 1885 1042 1954 efficietur
1054 1887 1107 1954 vis

48 2023 83 2068 ac
98 2016 245 2094 potestas
263 2051 273 2083 ,
296 2023 436 2068 concors
453 1998 519 2066 sibi
543 2025 550 2064 :
574 2013 609 2066 et
629 2000 715 2067 ratio
733 1999 792 2067 iila
809 2013 902 2070 certa
920 2016 1103 2084 nascetur,

47 2141 107 2184 non
117 2115 286 2185 dissidens
303 2139 369 2182 nec
381 2114 540 2182 haesitans
556 2114 592 2180 in
607 2114 823 2206 opinionibus
835 2115 1106 2208 comprehensio-

46 2229 210 2323 nibusque
224 2223 261 2315 ⁵,
282 2254 347 2298 nec
365 2231 401 2297 in
420 2253 480 2298 sua
498 2231 729 2323 persuasione.
753 2230 841 2322 Quae
859 2255 965 2322 quum
987 2253 1023 2299 se
1037 2228 1107 2299 dis·

47 2348 168 2438 posuit,
190 2361 227 2414 et
241 2344 396 2439 partibus
417 2345 486 2412 suis
505 2347 696 2428 consensit,
713 2361 748 2414 et
762 2347 818 2437 (ut
829 2347 877 2413 ita
890 2345 1016 2436 dicam)
1031 2370 1108 2415 con·

48 2450 165 2545 sinuit,
181 2483 349 2529 summum
367 2457 494 2525 bonum
518 2458 642 2552 tetigit.
671 2459 766 2527 Nihil
780 2459 867 2528 enim
883 2459 979 2554 pravi
993 2509 1003 2542 ,
1019 2459 1108 2528 nibil
1132 2467 1149 2519 5

78 2693 97 2728 r.
106 2675 208 2730 Horra.
219 2674 292 2727 Nihil
304 2671 387 2726 deleat
398 2685 441 2725 aut
451 2684 543 2726 mutet:
593 2673 714 2748 AEgyptii
732 2674 760 2726 in
771 2677 937 2746 irpeyiopiseir
952 2675 1002 2728 Dei
1018 2676 1107 2748 imagi·

48 2756 179 2808 secundum
191 2752 546 2825 Periandri,uniuseseptem
595 2771 654 2804 nem
669 2752 771 2804 volnere
787 2767 927 2825 serpentem
940 2753 983 2824 qui
1000 2755 1106 2806 caudam

48 2835 203 2905 sapientibus,
215 2833 311 2886 dietum
324 2850 331 2884 ι
342 2834 428 2902 spem
438 2829 549 2898 &pimpi-
597 2828 714 2896 roderet-3
726 2841 750 2882 et
763 2831 866 2900 quidam
883 2831 1029 2906 pbilosopbi
1050 2853 1108 2906 gra-

49 2916 120 2978 ium(
136 2912 204 2987 apud
218 2911 291 2965 Stob.
310 2910 392 2963 Serm.
410 2911 445 2975 5,
465 2929 489 2982 p.
509 2907 549 2971 78.
597 2927 639 2959 ves
658 2921 862 2960 asseveraverunt
883 2909 1001 2964 rotanda
1017 2913 1107 2966 sternite

48 2991 166 3060 sebam).
597 2985 750 3039 esseDenm.
760 2985 1002 3052 Ci.'l'iedemann11,
1010 3010 1034 3063 p.
1047 2989 1106 3055 470,

77 3089 97 3120 a.
111 3070 173 3123 Erit
190 3088 252 3123 vera
272 3070 341 3119 ratio
344 3103 394 3118 ......
402 3075 548 3118 revertetur.
598 3066 693 3136 478sq.

48 3145 133 3201 Sensus
146 3167 249 3221 quoque
265 3144 376 3199 serviant
392 3143 500 3209 rationi,
517 3143 549 3212 τῷ
630 3143 655 3209 4.
670 3141 710 3196 ΕΙ
729 3143 836 3195 illenim
852 3153 877 3196 et
890 3147 934 3196 sui
945 3155 1036 3212 potens
1053 3146 1107 3206 sit,

47 3227 179 3298 ἡγιμονιιᾷ,
200 3223 304 3278 cuivittt
318 3222 549 3294 (parmoiar)sttp-
598 3231 664 3273 ei....·
679 3222 805 3274 devinctis!
815 3238 948 3274 summum
960 3223 1063 3275 boumn.
1073 3223 1108 3274 Et

48 3305 174 3378 peditent,
194 3301 286 3374 quibus
304 3300 350 3353 rite
372 3296 496 3371 conceptis
516 3295 548 3347 ad
598 3298 646 3351 sibi
666 3319 721 3363 res,
741 3320 795 3351 non
817 3320 843 3352 se
863 3299 936 3352 rebus
955 3299 1107 3373 subjungere

48 3401 128 3434 verum
137 3377 320 3454 explorandum
327 3375 409 3450 pergit
416 3374 548 3447 (impeturn
598 3376 691 3430 tendat.
705 3400 719 3424 e
730 3367 782 3442 bys
795 3379 834 3445 μὶν
845 3377 894 3446 {xe
908 3379 1000 3444 ante,
1012 3385 1069 3440 Λαΐς
1080 3379 1107 3433 di

49 3459 120 3530 capit)
134 3472 159 3512 et
169 3455 389 3512 borbonoserum
402 3451 500 3504 fruitur.
600 3458 642 3508 ei:
659 3456 709 3524 ἴχιι
723 3477 765 3523 pa,
785 3453 867 3508 aiebat
881 3455 979 3528 sapiens
997 3455 1109 3530 Aristip-

77 3537 98 3588 3.
109 3537 182 3590 Nom
191 3536 347 3588 mundanus
356 3529 550 3584 adsentantur
599 3553 654 3605 pus.
676 3536 710 3586 Ar
732 3531 816 3602 major
830 3551 884 3606 pars
902 3531 1035 3586 bominum
1053 3553 1107 3586 non

49 3627 70 3666 et
82 3615 141 3668 deus
158 3611 252 3666 Stoicis
264 3630 346 3663 nuum
364 3607 483 3679 idemque
499 3626 551 3660 esse
599 3608 1021 3672 tamluxnriaeinstrumentababet,
1032 3628 1107 3680 qnam

48 3704 145 3746 roosut.
153 3693 288 3744 Penetrare
298 3686 416 3760 quidem,
426 3685 550 3750 dicebant,
600 3687 631 3742 ab
643 3687 673 3740 iis
686 3685 802 3739 babetur.

48 3769 112 3824 banc
130 3769 257 3824 mnndum
276 3787 296 3820 s.
315 3767 391 3818 deum
408 3763 553 3831 omnia(in
633 3763 656 3817 5.
682 3761 854 3832 opinionibus
874 3763 1110 3830 comprehensioni·

49 3849 163 3902 exteriora
180 3845 302 3913 tendere)
317 3857 341 3896 et
356 3841 474 3895 omnibus
492 3861 552 3893 cor·
601 3842 705 3910 busque.
716 3837 812 3913 Opinio
825 3851 860 3890 est
869 3837 994 3910 judicium
1007 3858 1036 3892 ex
1047 3860 1112 3892 con·

49 3925 147 3998 poribus
164 3937 278 3977 naturam
298 3924 456 3992 somnamque
472 3917 531 3971 dare
545 3939 552 3981 ;
601 3919 693 3991 iectura
703 3917 797 3981 latum,
810 3916 1003 3990 comprehensio
1012 3929 1048 3969 est
1057 3917 1110 3990 ipsa

49 4001 88 4056 sed
106 4001 254 4056 rationalem
274 3999 316 4052 dei
330 3993 443 4072 partem,
463 3999 551 4062 τὶῆγι-
602 4016 686 4048 rernm
704 3994 865 4068 praeentiam
881 3994 1006 4070 perceptio
1024 4013 1030 4050 :
1053 4013 1111 4067 quae

50 4083 154 4146 pesisbs,
168 4099 240 4134 suana
249 4079 335 4132 sedem
346 4077 441 4130 babere
452 4094 551 4151 separa·
601 4093 675 4126 voces
686 4071 821 4146 sepissime
833 4070 985 4126 adhibentur
996 4073 1111 4128 etdiscri·

49 4167 110 4222 um,
123 4178 228 4230 eamque
241 4175 365 4209 summam
377 4167 402 4208 et
413 4155 514 4228 ἱμωιιι
524 4151 552 4205 in
602 4150 732 4203 minantur
742 4149 769 4202 in
780 4147 939 4204 Academicis
953 4149 1048 4218 Quest-
1059 4151 1111 4205 Ci-

50 4234 158 4302 mundo,
172 4237 204 4290 ad
221 4254 297 4304 qnam
313 4245 460 4286 revertatur.
476 4231 551 4284 Unde
603 4251 700 4292 ceron,
714 4229 813 4302 passim.
