2900 4962
314 427 357 494 58
757 431 824 500 DE
849 431 942 500 tua

315 575 434 654 gusto,
457 562 762 655 proconsulum,
785 589 889 656 quum
910 578 1079 632 trecentos
1103 589 1170 632 una
1191 564 1378 636 die-securi

313 680 534 772 percussisset
544 730 552 764 ,
562 678 724 748 incedens
733 681 823 748 inter
833 679 997 750 cadavera
1006 681 1102 750 vultu
1112 683 1270 775 superbo,
1282 687 1379 777 quasi

313 795 533 888 magnificum
545 793 709 888 quiddam
723 792 1069 888 conspiciendumque
1089 798 1243 881 lecisset,
1267 823 1377 892 grume

314 908 534 1000 proclamavit
552 936 560 975 :
586 909 649 978 «Ο
670 933 742 976 rem
756 905 903 1002 regiam!
926 935 942 974 »
961 908 1058 1002 Quid
1075 911 1133 980 hic
1147 935 1206 980 rex
1222 911 1380 980 lecisset?

313 1023 390 1090 Non
405 1022 469 1091 luit
487 1023 561 1092 haec
572 1023 646 1104 ira,
670 1021 731 1090 sed
748 1021 857 1115 majus
871 1021 1045 1092 malumst
1059 1023 1247 1092 insanabile
1268 1021 1332 1092 ***.

277 1178 289 1211 ι
364 1140 422 1207 VI.
440 1140 599 1221 «Virtus,
617 1138 749 1230 inquit,
763 1153 802 1206 ut
810 1138 961 1207 honestis
972 1139 1075 1208 rebus
1087 1142 1236 1235 propitia
1251 1154 1323 1223 est,
1336 1141 1381 1207 ita

320 1256 476 1349 turpibus
489 1255 576 1323 irata
591 1279 663 1322 esse
677 1253 791 1322 debet.
808 1281 824 1318 u
841 1252 937 1346 Quid
950 1255 979 1323 si
994 1255 1127 1324 dicatur
1139 1261 1164 1340 ¹,
1176 1258 1340 1326 virtutem
1349 1271 1381 1324 et

314 1375 759 1466 humilemetmagnamesse
769 1370 1099 1464 deberePAtquihoc
1107 1373 1199 1459 dicit,
1207 1375 1380 1467 qui'illam

315 1488 430 1556 extolli
448 1487 521 1557 vult
538 1505 573 1556 et
590 1487 734 1582 deprimi
749 1516 758 1572 3
780 1489 939 1578 quoniam
954 1488 1069 1558 laetitia
1089 1491 1132 1558 ob
1150 1505 1243 1558 recte
1259 1491 1380 1559 factum

316 1599 407 1668 clara
425 1602 673 1694 magnificaque
695 1615 766 1684 est,
788 1601 839 1668 ira
868 1599 912 1668 ob
939 1600 1087 1670 alienum
1110 1620 1289 1696 peccatum
1314 1627 1381 1672 sor·

276 1749 291 1782 ι
317 1714 397 1784 dida
411 1732 445 1784 et
457 1718 594 1811 angusti
611 1717 761 1810 pectoris
778 1731 840 1784 est.
857 1719 929 1785 Nec
943 1741 1094 1810 unquam
1113 1719 1299 1786 committet
1313 1719 1380 1786 vir-

317 1847 390 1915 tus,
406 1847 443 1900 ut
456 1834 558 1915 vitia,
576 1832 656 1901 dum
667 1833 870 1925 compescit,
887 1833 1057 1921 imitetur,
1073 1835 1170 1904 istam
1181 1837 1268 1904 iram
1282 1837 1380 1906 casti-

318 1949 464 2044 gandam
482 1950 605 2033 habet,
623 1975 699 2042 quae
713 1949 821 2017 nihilo
840 1948 959 2017 melior
977 1965 1048 2034 est,
1066 1975 1155 2045 saepe
1173 1952 1277 2020 etiam
1289 1951 1381 2046 pejor

276 2081 292 2132 ³
317 2066 372 2134 his
384 2065 517 2136 delictis
530 2066 654 2158 quibus
664 2067 833 2134 irascitur.
847 2064 1006 2136 Gaudere
1016 2065 1197 2159 laetarique,
1206 2071 1380 2162 proprium

318 2196 352 2250 et
376 2183 530 2250 naturale
554 2182 690 2251 virtutis
714 2197 789 2268 est;
811 2181 910 2250 irasci
929 2205 998 2250 non
1022 2197 1073 2251 est
1091 2181 1269 2276 dignitatis
1287 2187 1377 2278 ejus,

317 2320 386 2364 non
401 2297 508 2388 magis
518 2320 619 2388 quam
634 2319 789 2364 moerere.
805 2295 911 2386 Atqui
925 2295 1110 2364 iracundia
1123 2298 1261 2366 tristitia
1275 2321 1381 2368 comes

317 2426 387 2494 est,
411 2426 445 2479 et
463 2412 500 2478 in
517 2412 607 2479 hanc
623 2411 731 2478 omnis
749 2412 799 2478 ira
812 2409 866 2478 vel
881 2426 957 2503 post
969 2413 1221 2504 penitentiam,
1241 2415 1299 2484 vel
1313 2427 1383 2508 post

277 2535 294 2602 l
317 2529 485 2622 repulsam
510 2528 707 2598 revolvitur.
737 2529 825 2596 Etsi
845 2529 1007 2622 sapientis
1026 2545 1077 2598 est
1095 2533 1243 2623 peccatis
1261 2533 1377 2612 irasci,

316 2643 424 2739 mag'is
443 2643 608 2714 irascetur
627 2643 828 2736 majoribus,
851 2661 886 2712 et
905 2669 993 2738 saepe
1013 2648 1179 2716 irascetur
1202 2675 1210 2715 ε
1232 2653 1382 2744 sequitur

317 2777 443 2831 utnon
466 2778 595 2829 tantum
616 2761 722 2828 iratus
742 2761 786 2826 sit
805 2759 960 2852 sapiens,
982 2761 1043 2829 sed
1061 2762 1256 2834 iracundus.
1283 2763 1381 2858 Atqui

317 2882 345 2950 si
374 2905 439 2948 nec
464 2903 621 2973 magnam
648 2879 755 2960 iram,
782 2900 846 2945 nec
871 2878 1108 2970 frequentem,
1138 2882 1174 2950 in
1199 2883 1315 2953 animo
1335 2907 1383 2952 sa·

318 3040 407 3094 consul
422 3041 507 3105 Asia,
523 3040 569 3092 sub
587 3041 702 3113 Augusto
719 3035 827 3089 damna·
875 3058 932 3111 pag.
950 3041 997 3106 144
1006 3074 1013 3102 ‚
1031 3059 1085 3111 sqq.
1099 3053 1124 3094 et
1136 3039 1256 3094 Gatoler
1271 3041 1306 3096 ad
1323 3043 1378 3096 An-

317 3129 365 3170 tus.
374 3117 453 3170 Tacit.
465 3120 532 3169 dnn.
544 3116 587 3169 lib.
599 3116 653 3180 lll,
667 3137 721 3188 cap.
734 3115 775 3168 68.
876 3117 957 3170 tonin.
967 3153 975 3180 ,
987 3137 1044 3190 pag.
1055 3117 1110 3170 513.

349 3193 828 3266 Vl.Aau.lielutatobjectionem,vir-
913 3213 934 3248 ι.
961 3195 1037 3266 Quid
1052 3198 1078 3247 εἰ
1094 3197 1203 3248 dicatur.
1221 3195 1327 3249 lielellit
1343 3195 1379 3247 hie
1436 3223 1437 3240 ι

317 3284 396 3326 tutem
407 3292 508 3344 quoque
522 3271 595 3323 irasci
607 3270 697 3323 debere
713 3269 825 3343 turpibus
876 3276 967 3328 Noster
976 3275 1111 3328 adversarii
1122 3285 1209 3329 contra
1222 3277 1330 3330 dicentis
1345 3297 1379 3327 ar·

317 3353 399 3406 rebus.
418 3351 474 3403 Viri
494 3349 556 3402 boni
578 3361 699 3412 nonest,
720 3345 825 3420 peccatis
875 3365 1023 3425 gumenturn
1032 3351 1126 3427 duplici
1136 3352 1324 3428 rationetprius
1332 3351 1379 3424 qui·

316 3429 508 3507 peccantilmsve
530 3427 622 3490 irasci,
649 3424 708 3495 quit
728 3422 826 3496 sapient
876 3430 933 3482 dem
949 3428 1017 3498 quod
1032 3429 1168 3482 absurdum
1184 3449 1342 3504 summopere
1352 3427 1380 3480 sit

315 3530 414 3584 semper
435 3507 499 3560 liber
521 3519 557 3560 est
577 3505 608 3558 ab
632 3502 703 3556 omni
727 3503 826 3555 affectu.
875 3507 997 3560 humilem
1020 3506 1095 3559 simul
1117 3519 1194 3578 ,tque
1212 3508 1294 3562 altum
1317 3527 1377 3567 me,

317 3586 397 3640 Stoici
408 3599 490 3640 autem
503 3584 611 3638 docuere
629 3582 766 3655 sapientem
777 3580 826 3632 sibi
876 3605 950 3659 Porro
972 3584 1009 3637 in
1031 3583 1135 3637 humilis
1153 3597 1206 3646 ese,
1225 3584 1375 3640 vinmalm

320 3686 417 3741 semper
430 3678 558 3728 constare,
572 3675 596 3715 et
604 3661 631 3713 in
641 3671 760 3735 perpetuo
768 3669 828 3728 gau·
874 3661 1009 3735 posterius,
1020 3660 1089 3732 quod
1107 3681 1161 3714 non
1175 3661 1310 3731 aliquoties
1320 3663 1380 3714 dun-

317 3744 360 3796 dio
377 3765 448 3808 esse;
469 3741 640 3816 voluptatique
660 3740 713 3808 (τῇ
732 3738 826 3806 ἡδονῇ)
875 3753 953 3804 unat,
968 3738 1012 3792 sed
1030 3752 1177 3814 perpetuum
1195 3737 1268 3791 irasci
1286 3740 1378 3814 sapiens

317 3821 498 3894 Epicureorum
513 3818 635 3894 gaudium
645 3836 717 3869 suum
729 3817 826 3884 (χαρὰν,
875 3817 980 3879 debeat,
990 3816 1012 3868 si
1024 3815 1183 3869 irascendum
1194 3814 1265 3868 toties
1274 3831 1313 3870 est
1322 3835 1379 3889 quo·

317 3897 461 3967 ιίφροσῦνῃν
473 3936 480 3962 ,
492 3902 575 3968 θάρσος
588 3899 598 3962 )
611 3915 749 3970 opposuere
769 3914 825 3946 cum
875 3896 920 3949 ties
932 3893 1038 3962 turpiter
1050 3895 1113 3948 lacta
1125 3907 1269 3946 occurrunt.

318 3976 348 4028 iis
366 3975 540 4048 digladiantes.
559 3975 655 4027 Seneca
671 3973 721 4026 lsoc
740 3972 827 4024 decre·
909 3973 1200 4042 2.Atquilsocdicitqut
1208 3991 1258 4044 ego
1269 3967 1378 4045 reposui:

316 4067 372 4106 tum
383 4055 502 4108 tenaciter
517 4051 646 4116 defendit,
658 4075 679 4106 e.
693 4074 715 4106 c.
728 4049 758 4104 de
769 4051 828 4102 Vita
878 4065 914 4106 est
925 4051 993 4104 enim
1006 4049 1148 4112 conclusi03
1161 4061 1185 4100 et
1195 4047 1280 4121 scripti
1292 4043 1378 4100 suade·

316 4131 382 4186 beat.
390 4153 459 4206 capp.
468 4134 493 4199 4,
506 4130 827 4204 23,27.Cl.1.ipsiilllanu·
877 4130 946 4182 bant.
959 4129 1060 4181 Antea:
1075 4129 1151 4198 utqui
1161 4127 1206 4179 lroc
1216 4127 1280 4182 dicit
1291 4130 1377 4182 titan».

318 4209 385 4264 (luet.
395 4211 421 4264 in
434 4210 530 4264 Philos.
541 4211 610 4263 stoic.
623 4209 666 4262 lib.
681 4211 727 4275 lll,
740 4230 792 4282 cap.
803 4212 828 4273 5,
879 4205 971 4260 omisso
982 4229 1013 4276 sq
1026 4208 1141 4276 quiante
1152 4207 1240 4258 illam.
