2910 4954
311 498 469 564 LIBER
494 499 552 578 lt,
580 499 691 565 CAP.
718 498 901 565 XXXVI.
1081 501 1140 565 105

91 639 263 712 pacemque
278 621 512 702 lacerandam,
545 625 726 692 teterrime
745 623 892 692 inferum
911 630 1052 692 exeunt¹
1072 627 1142 693 Fu-

90 739 140 804 riae
165 765 173 803 ι
198 738 298 808 talem
324 738 422 808 nobis
443 742 527 809 iram
554 741 761 834 figuremus,
789 741 922 808 flamma
939 741 1066 810 lumina
1082 767 1140 811 ar·

89 849 204 934 dentis,
218 853 318 921 sibilo
331 855 543 948 mugituque,
561 870 597 922 et
607 855 746 948 gemitu,
763 869 798 922 et
809 853 968 938 stridore,
984 872 1019 923 et
1031 857 1060 923 si
1073 881 1140 947 qua

88 966 134 1034 bis
149 969 287 1038 invisior
303 995 365 1039 vox
386 986 459 1054 est,
479 986 772 1064 perstrepentem,
792 971 860 1038 tela
876 995 978 1040 manu
995 987 1139 1064 utraque

86 1088 283 1173 quatientem
298 1113 308 1172 ς
329 1077 551 1179 nequeenim
570 1086 640 1168 itti,
663 1101 780 1179 tegere
799 1109 857 1169 se,
879 1111 959 1155 cura
974 1102 1026 1156 est
1044 1113 1052 1155 ε
1070 1102 1140 1156 tor-

86 1223 168 1284 vam,
185 1219 448 1297 cruentamque,
461 1218 496 1272 et
514 1203 763 1285 cicatricosam,
781 1218 816 1271 et
832 1202 1057 1273 verberibus²
1068 1205 1139 1274 suis

84 1313 230 1399 lividum,
247 1318 434 1386 incessibus
452 1319 605 1399 vesanis,
628 1317 768 1386 offirsam
782 1317 889 1386 multa
900 1317 1068 1413 caligine,
1085 1321 1138 1388 in-

83 1433 312 1516 cursitantem,
334 1449 542 1518 vastantem,
561 1434 802 1527 fugantemque
818 1461 828 1518 3
848 1449 883 1501 et
898 1435 1046 1502 omnium
1060 1434 1137 1504 odio

82 1545 305 1631 laborantem,
330 1550 383 1617 sui
408 1551 550 1617 maxime
573 1575 581 1615 :
604 1549 634 1616 si
651 1548 751 1616 aliter
770 1571 894 1616 nocere
917 1573 986 1618 non
1006 1553 1133 1644 possit,

82 1675 198 1746 terras,
216 1665 340 1748 maria,
352 1664 472 1734 caelum
483 1688 585 1733 ruere
595 1665 806 1756 cupientem,
823 1663 978 1733 infestam
991 1669 1132 1760 pariter,

80 1781 294 1875 invisamque.
332 1783 419 1865 Vei,
458 1783 486 1850 si
511 1779 672 1863 videtur,
708 1781 751 1847 sit
782 1779 892 1870 qualis
919 1781 1010 1874 apud
1043 1799 1176 1856 vatese

79 1914 202 1966 nostros
220 1914 295 1983 est,

185 2039 377 2114 Sanguineum³
387 2041 501 2112 quatiens
513 2040 597 2094 dextra
608 2042 716 2096 Bellona
730 2043 873 2116 flagellum,

183 2128 234 2179 Aur
244 2126 319 2178 scisse
328 2125 441 2197 gaudens
452 2127 522 2179 vadit
533 2127 667 2180 Discordia
677 2127 760 2201 pullu
813 2149 816 2154 ·

76 2259 127 2310 aut
138 2246 166 2311 si
178 2270 247 2337 qna
260 2248 369 2340 magis
379 2245 454 2314 dira
467 2247 569 2316 facies
579 2249 763 2342 excogitari
776 2247 842 2316 diri
856 2247 996 2317 affectus
1008 2264 1129 2341 potest.

117 2362 283 2430 XXXVI.
309 2361 544 2454 Quibusdam,
573 2378 612 2432 ut
635 2365 683 2431 ait
704 2365 837 2433 Sextius
846 2359 874 2447 ⁴,
893 2366 989 2432 iretis
1004 2365 1133 2458 profuit
1161 2392 1171 2423 ι

75 2473 261 2568 adspexisse
273 2478 446 2570 speculum
459 2507 468 2570 3
484 2479 696 2574 perturbavit
709 2481 785 2550 illos
798 2495 890 2548 tanta
903 2483 1043 2549 mutatio
1055 2483 1107 2550 sui
1120 2507 1128 2548 ε

73 2590 215 2660 velutin
232 2618 307 2661 rem
325 2610 526 2686 praesentem
545 2592 683 2664 adducti
703 2619 772 2664 non
790 2611 1003 2690 agnoverunt
1019 2620 1078 2682 se3
1098 2611 1132 2665 et

73 2709 265 2796 quantulum
286 2735 325 2778 ex
341 2734 422 2778 vers
436 2708 648 2779 deformitate
660 2712 772 2804 imago
788 2709 848 2780 illu
860 2710 998 2803 speculo
1011 2735 1130 2805 reper-

71 2845 161 2891 emsa
178 2823 372 2893 reddebat?
388 2827 521 2893 animus
537 2826 567 2893 si
585 2822 738 2907 ostendi,
760 2827 837 2894 etsi
855 2827 892 2894 in
907 2825 977 2894 ulla
990 2829 1128 2896 materia

72 2938 242 3026 perlucere
257 2957 388 3033 posset,
409 2942 581 3008 intuentes
597 2963 659 3008 nos
672 2938 913 3023 confunderet,
925 2956 1130 3010 ‚etermaou

71 3053 243 3149 locusque,
260 3073 425 3139 aesmans,
447 3072 482 3126 et
499 3055 680 3140 distortus,
701 3072 736 3125 et
750 3055 909 3127 tumidus.
930 3061 1029 3128 Nunc
1042 3084 1129 3151 quo-
1156 3093 1170 3124 ι

100 3249 364 3318 ιΙψηιηιιωωιιι.
386 3249 506 3312 Poetice,
526 3268 571 3322 pro
620 3248 759 3302 hosversus
767 3251 1128 3321 multiimitatirunt,iisdem-

69 3337 158 3378 exeunt
168 3327 206 3380 ab
214 3327 314 3398 irfirr's.
326 3325 428 3379 Etenim
438 3325 571 3379 v'ebemeu·
620 3329 732 3398 quesere
748 3325 832 3382 verbis
846 3329 961 3382 eamdem
977 3331 1127 3384 sentemiam

69 3401 112 3454 tior
123 3425 194 3458 nunc
206 3405 286 3476 stylus
303 3405 487 3475 euderiorque,
505 3415 533 3456 ut
544 3403 571 3455 in
619 3404 984 3470 extulere3Nosterv.alterum
992 3427 1091 3460 versum
1099 3427 1127 3462 er

69 3483 154 3548 poetis,
164 3484 255 3558 surgit.
619 3503 671 3538 uno
681 3521 689 3548 ,
701 3484 807 3538 alterum
818 3505 849 3538 ex
858 3486 938 3538 altero
947 3497 1073 3538 mutuatus
1084 3499 1127 3538 est.

97 3581 118 3610 a.
129 3562 360 3614 Vmber-abraserit.
371 3560 405 3614 lis
416 3581 505 3638 nempe
513 3583 570 3616 ver·
651 3562 771 3638 mvl.
789 3561 858 3616 Arte,
870 3562 978 3636 Speculo
993 3563 1083 3629 uteris,
1099 3576 1128 3616 ut

67 3635 160 3691 bembus
173 3656 231 3710 qne
240 3637 288 3690 sibi
297 3639 351 3712 ipsa
360 3641 445 3692 furens
456 3641 568 3707 incurrit,
619 3641 650 3693 rb
668 3641 704 3694 ire
718 3640 842 3694 deterreas
854 3659 861 3693 t
872 3652 956 3694 temen
969 3640 1125 3715 potissimum

67 3713 121 3766 dum
131 3717 198 3770 alios
208 3717 363 3791 aggreditur.
483 3713 486 3722 ’
618 3715 739 3789 adspiciet
750 3737 795 3782 ea,
808 3734 865 3788 quse
878 3715 916 3771 irr
931 3714 1030 3770 efficere
1045 3717 1124 3783 solet,

86 3791 304 3866 &Sarrgm'neum
314 3795 568 3868 etvagmuvltt,
618 3793 684 3847 mela
695 3807 720 3846 et
730 3793 900 3848 incommoda.

66 3873 316 3937 vs702;ubitemen
327 3875 470 3928 versuseiio
481 3889 568 3930 tenore
650 3874 675 3938 4.
697 3873 817 3926 Sextius.
837 3871 1006 3947 Philosophus
1025 3873 1125 3928 Stoicus

66 3946 197 4023 leguntur,
213 3972 289 4006 sensu
304 3952 374 4006 baud
393 3953 498 4007 diverso.
511 3954 568 4007 Nisi
617 3949 794 4004 celeberrimus
805 3967 856 4004 sate
866 3949 1125 4004 aetatistNostrifor-

66 4024 106 4078 boa
117 4049 204 4082 versus
218 4030 387 4086 memoritere
398 4033 491 4084 Nostro
508 4032 568 4085 larr-
617 4043 679 4083 tasse
692 4047 797 4083 corevus.
812 4029 903 4082 Noster
919 4029 972 4101 ejus
989 4046 1055 4103 sepe
1070 4049 1124 4082 me-

65 4103 128 4158 datos
139 4107 249 4179 ideoque
258 4128 393 4183 parumper
403 4109 506 4162 inflexos
517 4125 568 4164 sta·
617 4109 691 4162 minit
703 4145 710 4172 ,
734 4121 762 4161 ut
780 4107 889 4161 bominis
912 4107 1122 4182 prestantissimi,

65 4195 127 4250 tuas,
140 4207 169 4240 ex
177 4187 264 4240 Ennio
275 4189 378 4240 fortasse
391 4189 483 4241 fluxere
493 4187 568 4242 :dixit
617 4201 639 4242 et
657 4189 700 4257 qui
712 4207 727 4240 t
742 4187 885 4242 Stoicorum
902 4188 984 4262 rigore
996 4183 1124 4238 deflexerit

64 4264 125 4315 coin
148 4275 225 4320 vata
243 4277 353 4320 metm.
372 4267 448 4320 Forte
466 4288 566 4340 quoque
616 4285 764 4341 parumper:
778 4290 799 4320 e.
817 4289 839 4322 c.
856 4266 934 4340 Epist.
949 4281 1018 4330 txrv,
1033 4264 1123 4319 eattae
