2894 4954
460 1023 805 1086 ARGUMENTUM
828 1025 959 1089 LlBRl
982 1025 1211 1088 SECUNDI.

329 1299 437 1354 Orditur
453 1321 468 1355 a
483 1320 577 1372 magna
595 1313 618 1354 et
637 1301 742 1354 sublimi
764 1301 875 1355 Neronis
895 1302 922 1354 in
938 1302 1051 1357 lntronee
1070 1301 1272 1356 animadversnri
1287 1319 1359 1354 voce:

297 1387 399 1441 Vellem
411 1387 509 1442 nescire
523 1384 624 1440 litet-ael
640 1405 716 1458 quarn
731 1384 780 1439 eibi
793 1405 893 1440 canaam
914 1386 945 1440 de
963 1386 1098 1440 elementia
1109 1387 1142 1440 ad
1153 1387 1283 1440 Neronem
1293 1386 1361 1450 peri-

295 1469 376 1523 bendi
385 1469 461 1522 fuisse
473 1469 636 1543 pronuntiat,
648 1482 692 1536 ut,
705 1468 776 1542 qnod
788 1489 857 1524 nunc
869 1483 958 1523 natura
969 1483 993 1524 et
1005 1471 1169 1544 imputauit,
1183 1469 1305 1542 judicium
1313 1467 1360 1522 fiet.

296 1557 309 1608 l
316 1593 325 1618 ‚
333 1557 367 1608 ll.
377 1554 498 1626 Sequitur
507 1592 515 1620 ,
524 1574 601 1628 quana
610 1555 674 1610 lib.l
685 1592 693 1620 ‚
706 1574 759 1627 cap.
770 1554 800 1622 3,
811 1554 825 1624 S
837 1572 847 1606 t
859 1592 866 1620 ,
878 1554 1005 1629 pollicitor
1016 1567 1069 1608 erat
1079 1591 1086 1619 ,
1095 1554 1207 1608 eeeunda
1215 1553 1361 1608 tractationis

294 1659 367 1715 para,
382 1639 415 1697 de
431 1653 520 1696 natura
537 1639 679 1695 clementiae
696 1637 844 1711 habituque.
863 1642 901 1693 Ae
916 1640 1027 1713 primum
1045 1640 1188 1716 elementirq
1207 1639 1361 1694 definitiones

294 1739 470 1800 proponuntur
480 1745 486 1780 :
498 1725 527 1779 in
545 1725 638 1798 quibus
654 1725 838 1780 constituendis
851 1738 876 1778 et
887 1725 1089 1799 distinguendis,
1106 1740 1134 1780 nt
1145 1726 1259 1790 Stoicus,
1275 1726 1360 1798 longus

293 1811 439 1882 multusque
451 1821 495 1864 eat.
509 1809 555 1863 lll.
570 1810 715 1884 Opponitur
729 1821 814 1862 autern
831 1809 965 1863 crudelitas
976 1847 984 1874 ,
997 1830 1074 1882 quarn
1090 1810 1167 1864 unice
1181 1811 1214 1863 ad
1226 1829 1310 1884 prenae
1319 1831 1359 1862 re-

292 1895 357 1957 tert,
368 1907 393 1946 et
408 1907 505 1968 separat
523 1914 537 1947 a
556 1893 664 1947 scritate.
681 1895 729 1946 IV.
741 1893 843 1947 Deinde
855 1894 945 1958 docet,
963 1893 1094 1964 quomodo
1112 1894 1247 1948 eleutentia
1258 1914 1274 1946 a
1289 1894 1359 1946 uriae-

291 1979 402 2037 ricordia
414 1981 505 2033 distet:
516 1979 561 2034 illa
570 1979 650 2034 virtut
662 1992 714 2046 eat,
728 1979 782 2035 lroec
793 1979 885 2034 viu'nm
897 1979 982 2054 pusilli
995 1980 1092 2045 animi,
1105 2002 1136 2034 er
1148 1981 1255 2035 decretio
1265 1979 1359 2034 Stoico·

291 2083 365 2128 rum,
379 2064 422 2137 qui
440 2076 527 2117 contrn
538 2063 710 2128 adversarios,
722 2063 827 2116 stoicam
839 2075 933 2116 eectarn
948 2075 977 2116 ut
989 2061 1079 2118 duram
1093 2063 1294 2132 calumniantes,
1313 2064 1359 2116 de-

290 2148 438 2202 fenduntur.
449 2149 505 2216 Vt,
518 2149 579 2203 Vll.
591 2149 622 2201 ln
635 2149 775 2222 eapientem
791 2147 865 2202 docet
876 2147 1077 2202 mirericordiam
1089 2169 1142 2202 non
1162 2150 1243 2223 magia
1261 2149 1358 2212 eadere,

291 2253 370 2306 quarn
382 2233 492 2286 veniam.
502 2232 564 2285 Fin.

324 2317 415 2392 Seripti
426 2330 486 2371 eunt
496 2317 556 2371 libri
568 2317 600 2372 de
613 2317 756 2372 Clementia
766 2317 849 2393 primo
860 2319 935 2392 regni
946 2319 1090 2373 Neroniani
1100 2339 1187 2384 anno,
1199 2321 1269 2373 conl.
1279 2319 1325 2372 lib.
1335 2321 1359 2378 1.

291 2403 346 2469 IX,
359 2423 379 2455 ι.
392 2403 506 2474 Ideoque
519 2422 573 2456 non
591 2402 659 2457 salae
675 2416 736 2456 aunt
753 2403 840 2458 laudea
851 2441 859 2466 ‚
871 2403 974 2476 qnibna‘
983 2403 1052 2458 Nero
1071 2425 1086 2458 a
1097 2403 1194 2460 Seneca
1207 2404 1276 2457 hisce
1293 2403 1361 2457 libris
1432 2425 1433 2449 t

291 2489 435 2554 extollitur;
455 2507 515 2541 narn
534 2487 742 2561 quinquennium
758 2487 870 2562 primum
889 2487 1000 2542 Neronia
1016 2487 1077 2542 felix
1092 2490 1253 2562 leuatumque
1271 2490 1361 2552 fnisse,
1431 2551 1432 2573 p

289 2572 392 2628 Burrlro
403 2577 548 2646 Nostroqne
559 2573 627 2648 apud
637 2594 696 2628 euru
706 2573 787 2648 gratia
797 2585 872 2644 atque
884 2573 1033 2628 anctoritete
1043 2574 1190 2628 florentibus
1199 2612 1208 2641 ‚
1218 2595 1248 2628 ex
1255 2574 1363 2628 historia

289 2657 463 2712 monumentis
469 2657 528 2710 eatis
539 2675 666 2732 unperque
674 2666 783 2717 eonatatz
796 2655 894 2724 (modo
903 2654 1052 2709 Britannico
1064 2656 1152 2710 datum
1160 2655 1365 2710 venenumexei-
1430 2675 1431 2699 t

289 2739 567 2813 piae3narnlroeeeelue
576 2739 951 2794 annoeecundoenaecntnaille
960 2741 1018 2806 ert).
1026 2739 1164 2794 Snbecribo
1173 2739 1364 2816 Lipsiijndieio:

290 2849 306 2876 c
314 2839 340 2880 et
349 2847 410 2880 vero
420 2827 494 2901 digni
503 2827 621 2900 Principe
632 2826 691 2879 libri
699 2844 728 2879 ae
736 2825 868 2889 materieer
879 2837 955 2898 atque
963 2825 1062 2880 utinam
1071 2826 1171 2900 legant,
1179 2826 1286 2880 etmitea
1293 2823 1364 2878 eirnnl

289 2931 447 2986 magnosque
455 2913 554 2965 animoa
562 2912 594 2964 ab
606 2911 636 2966 iio
645 2909 760 2965 sumant!
769 2931 783 2958 e
794 2912 919 2982 Perquam
927 2911 1038 2986 apposite
1049 2911 1158 2984 Augusti
1165 2910 1309 2986 exemplum
1320 2913 1366 2963 Ne·
1428 2901 1429 2946 l

289 2996 348 3048 roni
357 3009 414 3050 ante
421 2995 507 3049 oculos
519 2995 660 3049 identidem
670 2995 773 3070 ponitur
784 2994 816 3048 ad
826 2995 989 3048 imitandum.
999 2995 1148 3049 Dolendurn
1158 3015 1218 3048 vero
1226 3007 1264 3048 eat
1273 3031 1281 3060 ,
1291 3007 1316 3048 et
1324 3013 1366 3066 po·
1427 3017 1428 3071 p

289 3079 419 3131 ateriorem
434 3079 494 3133 libri
504 3078 610 3133 secundi
618 3094 730 3155 partern,
743 3092 856 3133 ettotum
869 3079 963 3132 librom
975 3079 1077 3132 tertium
1087 3079 1182 3152 injuria
1192 3079 1315 3150 temporie
1327 3077 1365 3128 in·

290 3161 401 3216 teriiaae!
417 3162 544 3217 Caeterum
557 3163 607 3236 jam
618 3176 675 3217 ante
690 3163 813 3216 Senecam
823 3163 855 3217 cle
870 3163 937 3238 regie
948 3161 1040 3216 officiis
1049 3201 1057 3228 ,
1067 3161 1178 3235 ideoque
1190 3163 1223 3216 de
1232 3161 1365 3216 clementia

289 3247 459 3312 Xenocrates,
470 3245 583 3298 Platonis
594 3244 744 3319 discipulus,
758 3257 864 3316 στοιχεῖα
879 3249 939 3316 πρὶς
951 3237 1100 3316 Α’λίξανδρον
1108 3249 1160 3316 erpl
1171 3247 1313 3316 βασιλείας(
1321 3245 1365 3296 ra·
1425 3255 1426 3317 t

291 3329 351 3381 bric
362 3328 394 3382 B.
407 3329 439 3381 G.
451 3327 496 3381 lib.
510 3327 565 3392 lll,
577 3347 634 3402 pag.
649 3347 694 3400 ιφ
704 3329 732 3395 );
746 3328 892 3383 Aristoteles
903 3331 914 3397 (
925 3329 960 3382 ib.
970 3348 1028 3404 pag.
1039 3328 1089 3400 3⁰9
1098 3331 1125 3398 );
1137 3343 1163 3382 et
1176 3329 1365 3403 Theophrastus
1424 3353 1425 3443 p

293 3412 344 3480 (ib.
352 3431 410 3486 paq.
424 3412 470 3482 447
481 3413 491 3478 )
502 3449 509 3476 ,
519 3412 678 3487 scripserunt.
692 3411 758 3466 Cum
769 3414 864 3466 Nostro
877 3413 1030 3488 Panegyriei
1041 3413 1161 3468 contendi
1173 3427 1312 3470 merentur.
