2896 4954
330 445 393 532 164
771 451 838 520 DE
864 451 951 520 IRA

284 598 298 631 s
327 599 346 636 a
361 561 562 666 Quomodo,
589 577 726 668 inquis,
754 599 815 648 nos
832 577 936 672 jubes
958 579 1108 660 intructi,
1130 601 1231 670 quam
1252 552 1385 652 omnia,

326 711 428 784 uper
454 707 531 784 quoe
559 691 637 760 taedi
665 692 822 764 videmur
837 697 864 777 ,'
882 696 1028 789 exigua,
1066 695 1212 778 misera,
1244 691 1388 788 puerilia

326 832 343 870 s
365 808 460 875 sint?
478 835 493 871 u
517 811 588 902 Ego
604 834 685 878 vcro
703 809 791 878 nihii
810 812 917 904 magia
935 811 1118 894 suaserim,
1136 835 1236 902 quam
1257 830 1387 878 sumere

321 921 495 1013 ingentem
507 922 657 992 animum
671 927 695 1007 ¹,
719 939 754 991 ct
771 924 846 992 brec
863 940 1004 1018 propter
1022 947 1098 1017 qum
1113 923 1305 1018 litigamus,
1329 921 1388 988 dis·

322 1042 513 1124 currimus,
540 1042 763 1124 anhelamus,
786 1041 905 1109 videre
929 1065 1030 1133 quam
1048 1039 1190 1108 humilia
1209 1054 1244 1107 et
1259 1039 1387 1132 abjecta

321 1155 412 1238 aiut,
434 1153 520 1223 nulli
538 1156 599 1248 qui
619 1155 724 1224 altum
742 1154 904 1250 quiddam
921 1171 980 1225 aut
1000 1157 1217 1249 magnificum
1236 1155 1384 1248 cogitat,

280 1297 297 1350 ³
322 1271 547 1365 respicienda.
561 1274 662 1342 Circa
670 1275 851 1367 pecuniam
861 1253 1046 1367 plurimum
1057 1273 1310 1342 vociferationis
1318 1287 1384 1340 est:

321 1385 395 1453 haec
409 1385 481 1454 fora
494 1384 678 1480 defatigat,
692 1401 806 1480 patrea
819 1385 1013 1478 liberosque
1027 1387 1205 1455 committit
1215 1390 1243 1468 ²,
1259 1408 1387 1456 venena

321 1503 459 1588 miscet,
478 1503 607 1597 gladios
623 1519 691 1572 tam
701 1503 959 1597 percussoribus
971 1527 1073 1596 quam
1087 1494 1305 1596 legionibus³
1321 1519 1386 1570 tra-

321 1617 372 1686 dit
391 1646 402 1705 3
421 1620 496 1688 haec
522 1635 575 1688 est
596 1621 763 1713 sanguine
790 1633 905 1688 nostro
930 1617 1082 1687 delibuta
1104 1647 1114 1705 ς
1136 1635 1278 1713 propter
1302 1619 1386 1685 hanc

317 1759 463 1804 uxorum
481 1737 747 1827 maritorumque
765 1749 882 1802 noctes
908 1749 1064 1828 strepunt
1087 1727 1243 1816 litibus⁴‚
1270 1750 1306 1802 ct
1329 1735 1385 1800 tri-

318 1850 458 1920 bunalia
479 1853 735 1946 magistratuum
763 1851 889 1943 premit
913 1849 1034 1934 turba,
1056 1875 1156 1944 reges
1175 1853 1319 1921 saeviunt
1337 1875 1386 1917 ra-

318 1971 510 2063 piumque,
526 1985 561 2038 et
570 1970 723 2039 civitates
733 1968 835 2062 longo
847 1968 1046 2038 saeculorum
1056 1967 1173 2037 labore
1182 1985 1386 2038 constructas

317 2103 500 2172 evertunt,
533 2102 573 2156 ut
599 2111 720 2156 aurum
754 2101 1003 2180 argentumque
1034 2086 1071 2155 in
1104 2087 1220 2155 cinere
1253 2087 1385 2156 urbium

319 2195 528 2272 scrutentur.

282 2359 293 2394 ι
369 2323 537 2390 XXXIII.
559 2318 661 2388 Libet
680 2320 807 2388 intueri
833 2321 932 2388 fiscos
958 2321 994 2389 in
1018 2321 1144 2415 angulo
1157 2322 1325 2413 jacentes.
1346 2320 1383 2388 Hi

319 2449 424 2519 suut,
447 2451 588 2530 propter
611 2459 696 2529 quos
720 2436 809 2505 oculi
833 2436 978 2506 clamore
1001 2431 1266 2531 exprimuntur⁵
1289 2487 1299 2520 ,
1323 2436 1386 2503 sre-

321 2551 623 2644 mitujudiciorum
638 2544 809 2620 basilicae⁶
829 2568 990 2620 resonant
1006 2603 1015 2635 ‚
1033 2553 1161 2623 evocati
1175 2557 1185 2600 ⁷
1201 2576 1241 2620 ex
1255 2553 1386 2645 lougin-

322 2669 399 2761 quis
413 2667 610 2762 regionibus
619 2666 754 2760 judices
768 2665 889 2736 sedent
901 2717 910 2750 ,
922 2666 1131 2760 judicaturi,
1147 2669 1259 2736 utrius
1267 2667 1386 2761 justior

321 2786 464 2854 avaritia
483 2787 539 2853 sit.
562 2781 659 2876 Quid
685 2784 734 2866 si,
761 2807 805 2851 nc
824 2777 986 2876 propter-⁸
1003 2783 1121 2852 fiscum
1147 2783 1310 2876 quidem,
1333 2779 1387 2852 aed

322 3017 402 3072 quum
411 2997 592 3051 harnmrernm
600 2995 671 3049 nulls
678 2997 785 3070 dags-nm
795 2995 833 3048 sit.
856 3038 858 3046 .
915 2995 1033 3048 xxxllt.
1039 2997 1110 3050 'Aeta
1119 2995 1200 3050 Causa
1210 2997 1271 3064 ira,
1281 2997 1387 3050 ovantia.

360 3075 497 3130 idumea
504 3079 631 3146 ingentem
638 3076 767 3126 animum.
777 3069 834 3126 Hoc
917 3075 941 3126 ⁵.
953 3071 1062 3142 Propter
1070 3092 1135 3143 qws
1146 3075 1338 3128 aeolidum
1347 3092 1387 3126 esh

324 3153 478 3208 estinduere
488 3153 587 3206 altiores
599 3151 700 3224 spiritus
709 3164 733 3203 et
743 3151 770 3203 in
782 3169 836 3202 ma·
881 3153 1037 3218 primuntur.
1069 3149 1122 3203 Alii
1154 3149 1257 3224 longius
1285 3151 1386 3204 abeunt:

324 3253 432 3308 gnarum
447 3246 471 3286 et
482 3233 634 3287 excelsarum
646 3251 731 3284 rerum
741 3232 836 3304 eogita-
880 3238 987 3297 propter
1004 3247 1069 3297 quos
1087 3245 1158 3280 vena
1175 3233 1291 3282 clame
1306 3241 1386 3282 mme-

324 3313 406 3366 tiones
415 3331 467 3365 sese
479 3326 606 3383 utcunque
613 3310 769 3382 protmdere.
884 3317 957 3362 scunt
974 3327 982 3360 .·
1002 3305 1149 3360 variationis
1167 3325 1240 3359 causa
1253 3307 1350 3381 appiets
1365 3317 1386 3355 et

357 3411 381 3443 α.
406 3390 557 3444 Committt't.
576 3389 608 3442 In
623 3387 704 3462 jurgia
721 3386 835 3462 rixasque
883 3397 967 3460 postes
982 3383 1011 3436 in
1023 3397 1115 3436 textum
1128 3385 1226 3438 invecta
1237 3397 1332 3460 putem.

324 3468 442 3522 demittit.
916 3461 939 3516 fi.
958 3459 1095 3516 Basilica.
1115 3460 1240 3516 AEdificin
1256 3482 1348 3538 magna
1365 3472 1387 3513 et

357 3545 381 3600 3.
394 3545 607 3601 Percussoribus..
609 3582 676 3599 ........
683 3543 835 3616 legionibus.
883 3541 966 3614 ampla
975 3541 1176 3617 componieibus
1188 3540 1386 3604 imminuisti,

325 3623 433 3698 Adspice
447 3625 539 3678 Annei
550 3635 694 3696 perpetuam
711 3621 834 3696 argutiam
883 3618 982 3692 judiciis
997 3631 1022 3671 et
1031 3629 1198 3672 mercatorum
1211 3618 1387 3692 congregatio-

324 3703 379 3772 qni,
390 3703 435 3755 ubi
445 3703 560 3778 gladium
573 3701 732 3764 nominavit,
744 3699 835 3776 duplex
885 3698 958 3750 nidus
970 3709 1033 3770 apta.
1045 3697 1144 3750 Ernesti
1156 3695 1228 3750 ctas.
1243 3697 1297 3750 Cic.

323 3782 407 3833 statim
417 3781 552 3834 hominurn
561 3801 640 3854 genus
648 3779 782 3852 distinguit
788 3777 834 3850 qui
917 3797 938 3848 7.
954 3777 1072 3831 Evocati.
1091 3777 1194 3848 Equites
1212 3797 1242 3830 ex
1256 3775 1386 3846 provinciis

323 3858 409 3932 gladio
427 3871 550 3925 utuntur,
567 3858 596 3910 hi
611 3859 694 3934 palam
711 3869 736 3910 et
753 3855 834 3910 nobili
878 3849 916 3910 'ad
932 3853 1027 3929 judicia
1044 3855 1180 3909 exercenda
1196 3855 1287 3908 Roma
1297 3893 1305 3920 ,
1317 3853 1384 3906 noris

323 3937 468 4002 animn‚hi
477 3937 580 3990 sceleste
592 3949 615 3990 et
627 3935 778 3990 clanculum.
882 3933 1072 3987 umeneivibus
1081 3953 1134 3986 non
1144 3931 1267 3986 admissis.
1280 3929 1386 3984 Pliatt.
1434 3995 1435 4000 ¹

356 4016 380 4081 4.
399 4015 492 4070 Noctes
513 4025 631 4084 strepunt
645 4014 743 4067 tuitus.
762 4009 812 4065 Pro
824 4029 831 4064 t
879 4009 912 4065 N.
925 4011 1053 4076 xxxltt,
1067 4031 1089 4080 7.
1104 4011 1203 4062 Ernesti
1214 4011 1274 4064 Ere.
1286 4009 1344 4062 ΧΠ
1354 4005 1385 4058 ed
1434 4041 1435 4052 t

323 4092 417 4157 mdes,
433 4111 477 4167 pet·
488 4103 590 4146 noctem
601 4093 676 4145 etiam
688 4105 712 4144 et
725 4112 770 4165 per
781 4111 831 4166 ge·
881 4089 986 4143 Sueton.
996 4089 1099 4142 Monuit
1109 4089 1201 4140 Mutet
1211 4107 1321 4141 numme
1332 4085 1385 4136 Pin·

322 4168 831 4244 niaiistoridulcissimossmpiems,stre-
879 4165 1383 4241 urearemassraeaprimumimfimam·

322 4271 379 4326 pere
389 4251 471 4303 solent
481 4247 576 4304 litibus.
913 4245 937 4299 8.
959 4247 1035 4318 Quid
1045 4249 1071 4300 si
1077 4286 1085 4314 ,
1098 4265 1130 4301 ue
1144 4255 1267 4317 propter,
1289 4259 1332 4297 ete.
1347 4243 1382 4293 De
