2900 4944
419 447 592 517 canor
616 445 742 522 nvn.
1045 451 1111 545 4⁵9

43 603 88 647 ea
109 593 203 648 tantu
215 579 396 672 juveutute
415 579 653 672 superfuturus
669 595 757 650 esset
773 585 796 646 ¹.
818 579 864 648 At
879 578 947 648 illia
962 594 1035 646 erat
1050 577 1112 648 sd·
1160 605 1166 613 ·

46 723 202 776 moturus
220 705 325 773 fatum
339 705 434 798 ipse,
459 706 517 796 qui
538 705 662 790 flebat,
684 703 947 800 perditurusque
969 703 1052 771 alios
1074 704 1112 770 in

46 837 164 903 terra,
189 820 273 888 alios
295 821 332 887 in
352 821 455 902 mari,
476 819 560 888 alios
579 822 615 888 in
643 823 781 915 praelio,
803 820 885 887 alios
903 819 939 885 in
959 818 1060 910 fuga,
1077 832 1112 885 et

46 937 142 1004 intra
167 936 325 1028 exiguum
345 951 476 1027 tempus
494 951 751 1028 consumpturus
766 934 861 1016 illoc,
886 933 1009 1024 quibus
1032 955 1113 1000 cen-

46 1053 208 1119 tesimum
222 1073 349 1118 annum
362 1048 521 1119 timebat!

97 1171 211 1240 xvn.
229 1169 336 1262 Quid,
353 1170 444 1264 qnod
453 1170 576 1264 gaudia
588 1197 724 1265 quoque
736 1197 853 1242 eorum
863 1169 995 1265 trepida
1008 1173 1112 1239 sunt?

48 1310 120 1354 non
135 1283 226 1354 enim
235 1284 350 1353 solidis
364 1288 473 1354 causis
482 1287 687 1368 innituntur,
704 1287 765 1355 sed
776 1277 911 1370 eadem,
921 1287 1112 1377 quaoriun-

49 1420 121 1482 tur,
135 1401 282 1470 vanitate
290 1401 483 1469 turbantur.
497 1401 622 1492 Qualia
633 1418 745 1470 autem
754 1419 853 1496 putes
868 1419 1017 1494 tempora
1025 1424 1110 1482 esse,

49 1517 155 1584 etiam
180 1515 330 1608 ipsorum
355 1515 563 1584 confessione
584 1520 724 1586 misera:
745 1542 848 1609 quum
864 1517 937 1585 haee
954 1539 1111 1608 quoque,

48 1629 178 1722 quibus
197 1652 233 1696 sc
252 1629 430 1711 attollunt,
452 1641 605 1724 ot'supra
619 1633 790 1700 hominem
813 1633 975 1714 efferunt,
994 1655 1114 1724 parum

48 1746 187 1811 sincera
209 1740 302 1811 sint!
325 1745 470 1812 Maxima
496 1767 638 1838 quaeque
658 1749 746 1816 bona
764 1748 906 1816 sollicita
932 1761 1031 1814 sunt:
1051 1770 1115 1814 nec

48 1857 115 1926 ulli
133 1857 275 1926 lortunoe
294 1859 406 1926 minus
418 1857 524 1943 bene,
544 1864 808 1956 quamoptime,
829 1860 980 1930 creditur
996 1866 1022 1928 ².
1041 1861 1116 1930 Alia

52 1971 219 2040 Felicitate
245 1971 288 2041 ad
307 1973 466 2043 tuendam
485 1974 678 2044 felicitatem
694 2000 777 2070 opus
790 1992 861 2044 est:
884 1991 919 2043 et
936 1999 998 2068 pro
1010 1977 1112 2068 ipsis,

51 2112 132 2181 quae
151 2104 390 2158 successerunt
404 2093 506 2172 votis,
528 2106 604 2158 vota
621 2090 773 2159 iacienda
793 2107 881 2159 sunt.
899 2091 1009 2159 Omne
1025 2091 1116 2158 enim
1141 2127 1157 2159 2

55 2202 152 2296 quod
162 2205 300 2273 fortuito
318 2206 442 2287 evenit,
464 2204 622 2274 instabile
641 2221 710 2273 est:
725 2228 792 2297 quo
803 2205 903 2272 altius
917 2205 1113 2285 surrexerit,

52 2322 279 2415 opportunius
298 2337 349 2389 est
360 2321 396 2388 in
408 2327 560 2390 occasum
578 2315 604 2387 ³.
621 2322 797 2390 Neminem
810 2345 912 2414 porro
921 2345 1039 2390 casura
1056 2318 1116 2388 de-

52 2437 193 2504 lectant.
210 2437 437 2505 Miserrimum
455 2461 536 2529 ergo
551 2459 687 2504 necesse
708 2452 778 2518 est,
803 2461 872 2504 non
891 2451 1019 2504 tantum
1033 2435 1114 2502 bre-

52 2549 237 2632 vissimam,
254 2550 357 2618 vitam
376 2573 491 2616 eorum
506 2573 600 2631 esse,
624 2551 682 2639 qui
701 2571 823 2642 magno
835 2564 957 2642 parant
972 2548 1112 2629 labore,

52 2661 149 2754 quod
168 2663 294 2755 majore
315 2664 531 2758 possideant:
553 2687 692 2756 operose
710 2679 934 2754 assequuntur
957 2686 1031 2755 quae
1054 2686 1115 2731 vo-

52 2778 143 2860 lunt,
159 2778 250 2845 anxii
270 2793 387 2847 tenent
405 2803 480 2870 quae
493 2781 636 2847 assecuti
655 2793 744 2846 sunt.
762 2778 862 2847 Nulla
879 2779 1016 2846 interim
1028 2800 1116 2846 nun-

51 3006 99 3049 πε.
119 2997 189 3050 Nam
210 2996 341 3072 plusquam
360 2995 437 3052 vicies
457 3008 562 3048 centena
611 2994 672 3058 diis,
692 2994 804 3047 felicitati
824 2993 1115 3048 hominuminvideuti-

52 3073 139 3126 millia
152 3074 193 3126 vel
206 3075 317 3128 militum
330 3073 371 3126 vel
388 3073 506 3128 calonum
520 3074 563 3126 iu·
609 3071 825 3138 imminuerunt.
838 3071 877 3124 Ci-
886 3072 1009 3126 Herodot.
1018 3073 1116 3139 vl1,10

52 3153 234 3223 minarumque
262 3162 286 3203 et
313 3153 486 3206 ministrorum
512 3151 562 3204 hue
611 3162 635 3202 et
643 3149 685 3216 lsst
696 3151 718 3215 l,
728 3149 767 3202 32.
778 3151 866 3207 Horat.
875 3149 926 3202 0d.
936 3151 957 3216 1,
967 3152 1007 3216 24,
1022 3151 1115 3217 retu,

53 3227 399 3300 confluxisssvulgodicitur.
611 3249 651 3298 aq,
671 3230 703 3300 lq
718 3248 754 3298 sq.
774 3229 871 3300 Lipsius
889 3229 978 3282 laudat
998 3229 1116 3302 AEtclryli

51 3304 563 3448 amld'ltzll'g‘llllfssill
614 3305 1116 3456 ⁵‘l’f‘35ll1ll‘l'flll;‚⁸5lll

51 3461 97 3528 γάρ
120 3481 146 3526 pa
173 3460 320 3525 taratrum
341 3468 511 3527 κατοικτεῖραι,
533 3462 564 3520 ὥς
613 3466 699 3516 mulus
721 3475 760 3516 eat
787 3468 816 3516 in
841 3485 964 3519 occasum.
995 3465 1017 3516 E
1041 3465 1115 3518 codd.

51 3537 149 3606 βραχὺς
167 3537 204 3592 sia
219 3541 230 3591 l
242 3546 289 3596 πᾶς
301 3536 448 3603 &tolutim
459 3537 528 3602 filet,
543 3541 562 3588 ti
613 3540 685 3592 Grut.
697 3553 721 3592 et
730 3539 841 3594 Bruxell.
856 3541 969 3596 Gronov.
980 3543 1078 3606 laudat,
1088 3554 1116 3594 ut

51 3615 155 3668 ansius
176 3635 200 3676 rt
217 3615 298 3666 liseur
317 3612 433 3668 eevurisus
451 3614 526 3674 οὐδεὶς
540 3615 562 3676 ὃς
613 3615 768 3688 expeditius:
783 3615 808 3668 h.
821 3635 842 3667 e.
855 3617 936 3689 magia
949 3630 1028 3690 patet,
1042 3637 1115 3690 para-

52 3691 242 3752 invenisses<
253 3693 380 3758 uspiam.
612 3693 660 3745 tius
672 3692 745 3744 estin
756 3712 879 3745 occatum.
891 3693 1030 3747 Notionem
1040 3715 1115 3748 vota-

87 3767 174 3818 xvll.
183 3770 253 3820 Atto.
263 3766 298 3824 Et
309 3767 403 3839 gaudia
415 3787 502 3820 eorum
514 3779 564 3820 tre·
613 3769 666 3822 buli
681 3779 837 3837 opportunus
853 3771 952 3842 egregie
969 3771 1115 3825 illustratam

52 3845 115 3920 pida
126 3857 198 3910 sunt;
206 3843 310 3901 aliunde
320 3846 389 3899 enim
399 3845 449 3900 alio
457 3847 565 3902 tendunt
613 3843 683 3898 dedit
695 3845 808 3898 Gronov.
823 3866 898 3912 arus,
913 3847 944 3901 sd
960 3848 1014 3900 Liv.
1026 3851 1114 3916 XXV,

52 3921 270 3993 ettnmfuginut.
613 3925 662 3986 31,
678 3943 746 3976 nune
763 3923 820 3976 satis
834 3937 928 3978 notam.
942 3927 1076 3995 1111111119.
1089 3947 1115 3979 a.

88 3997 564 4072 2.Maaeuna....credtmr.Quaequum
612 4004 1113 4069 mmoettopportunumestt'aoccaem,

52 4075 230 4130 observassem
243 4075 360 4130 homines
379 4079 562 4151 antiquissimi,
613 4103 634 4134 e.
644 4100 666 4134 1.
678 4101 717 4154 ap.
726 4081 821 4134 Eram
832 4085 1025 4152 vergitprom'us
1040 4086 1067 4136 in
1077 4103 1116 4136 oc·

52 4155 125 4208 hane
152 4157 259 4212 fortuna
285 4158 410 4210 manentis
439 4157 562 4210 raritatem
611 4177 701 4212 cusum
713 4158 882 4212 Pincian.etc.
