2910 4954
327 445 371 512 62
775 441 841 507 DE
868 443 955 508 1th

327 574 473 667 Expulso
492 571 640 640 melioris
661 569 889 661 sequiorisque
915 587 1093 664 respectu,
1120 597 1328 667 quocunque
1348 578 1399 644 ri-

328 713 403 756 sum
411 703 482 768 est,
495 683 602 753 libido
615 706 652 751 se
664 683 825 776 impingit
836 711 846 768 3
862 707 928 751 nec
941 683 1067 754 firrtivo
1074 686 1147 778 jam
1156 688 1378 758 scelerosum
1388 717 1396 755 :

327 819 453 897 praeter
469 801 584 870 oculos
596 813 680 870 eunt
692 827 703 884 3
718 799 873 891 adeoque
885 801 925 868 iu
936 801 1111 893 publicum
1124 805 1227 872 misse
1243 807 1398 896 nequitia

328 932 399 998 est,
420 929 456 983 et
472 917 509 982 in
527 915 677 983 onmium
696 914 891 1006 pectoribus
904 914 1051 996 evaluit,
1067 932 1106 984 ut
1118 917 1315 986 innocentia
1331 944 1398 986 non

289 1067 305 1118 5
328 1059 425 1117 rora,
447 1033 508 1102 sed
525 1032 620 1101 nulla
638 1033 694 1099 sit.
711 1030 886 1122 Numquid
900 1033 991 1100 enim
1005 1033 1131 1127 singuli
1144 1052 1205 1103 aut
1222 1038 1323 1130 pauci
1342 1063 1400 1104 ru-

328 1175 410 1242 pere
423 1149 562 1244 legem?
576 1146 729 1239 undique
743 1151 768 1228 ¹,
784 1145 879 1214 velut
891 1148 990 1240 signo
1003 1147 1101 1230 doto,
1114 1149 1159 1220 ad
1172 1152 1222 1219 ies
1235 1151 1400 1243 utrinqne

327 1263 545 1362 miscendum
555 1262 662 1330 coorti
680 1276 770 1328 sunt.

540 1433 574 1448 ....
585 1397 647 1448 Non
658 1395 766 1469 hospes²
777 1394 809 1446 sb
819 1393 916 1470 bospite
927 1407 1011 1464 tutus,

458 1483 519 1534 Non
530 1501 601 1533 socer
612 1499 627 1532 a
637 1499 733 1553 genero
744 1497 752 1532 :
763 1481 869 1532 l'rstrnm
881 1499 983 1551 qnoque
995 1483 1073 1556 gretie
1085 1501 1141 1536 rsre
1152 1497 1195 1537 est.

459 1566 580 1618 lrnminet
591 1565 667 1618 exitio
678 1564 717 1618 vir
728 1563 861 1636 conjugis,
875 1563 919 1616 itta
931 1565 1022 1618 meriti.

462 1649 555 1702 Laride
565 1648 576 1681 ³
586 1647 709 1701 terribiles
721 1649 845 1700 re'ucent‘
855 1649 975 1702 ιεοιιὶιιΒ
985 1669 1108 1704 noverca.

458 1733 539 1786 Filius
551 1744 609 1786 ente
622 1732 689 1785 dien
700 1731 792 1806 petrios
803 1731 927 1802 inquirit⁶
937 1733 965 1786 in
975 1753 1063 1788 meos.

326 1891 834 1964 mtespudmr.Qu2etiem,qunmde-
883 1894 1398 1964 exOvid.Metemor.lib.l,v.14{
1452 1949 1453 1954 ,

325 1971 674 2044 liquerisffepemeneth
684 1971 775 2022 iterum
787 1969 835 2022 de-
882 1989 936 2042 sqq.
964 1970 1124 2047 deprompti,
1148 1975 1176 2026 in
1200 1971 1295 2045 quibu's
1316 1979 1398 2029 ferree

325 2052 425 2122 linquas
436 2050 623 2122 aliquantulum
633 2063 778 2112 moratura,
792 2061 835 2102 eut
883 2061 942 2102 etas
953 2048 1102 2103 describitur
1112 2088 1119 2116 ‚
1133 2051 1246 2104 moribus
1263 2053 1399 2106 Romano-

325 2141 390 2182 certe
406 2126 555 2201 turpitudini
568 2139 617 2180 tue
628 2127 744 2179 velamen
756 2127 834 2180 hone·
882 2147 939 2179 rum
946 2130 1076 2202 corruptis,
1084 2151 1127 2204 per
1134 2129 1261 2205 prolepsin
1270 2132 1399 2203 expressis.

323 2217 391 2259 stum
411 2203 591 2280 pretendenu
615 2205 660 2256 ille
682 2218 789 2269 suum,
812 2205 834 2257 si
915 2207 1062 2260 bharida.
1076 2207 1197 2271 llocest.
1211 2207 1397 2278 sitdiudhoyff,

324 2303 382 2336 cunr
392 2283 443 2358 ipsa
457 2283 576 2355 pudicitia
587 2283 685 2335 sublate
698 2296 734 2336 est
744 2297 769 2336 et
777 2304 835 2336 evs·
882 2285 1012 2338 ceruleus.
1021 2285 1120 2352 Quidni
1129 2323 1137 2350 ,
1146 2286 1227 2338 lutens
1236 2286 1279 2339 vel
1289 2289 1377 2339 frocus
1387 2287 1399 2339 ?

325 2362 378 2414 nuit
388 2399 396 2426 ,
408 2362 446 2414 nil
456 2363 505 2433 jem
517 2359 622 2433 impedit
633 2359 696 2431 quin
707 2381 750 2434 per
761 2362 798 2413 ses
810 2375 834 2414 et
883 2361 950 2413 Nem
961 2383 1077 2416 croceum
1092 2364 1175 2438 potius
1191 2363 1306 2416 colorem
1320 2385 1398 2436 quem

324 2441 395 2492 ucles
406 2453 481 2492 temet
490 2459 568 2510 osque
581 2451 606 2490 et
616 2459 695 2510 usque
707 2439 832 2511 projicias,
883 2441 1019 2494 cremleum
1031 2445 1133 2495 luridus
1143 2440 1278 2514 significat.
1294 2441 1349 2495 sed
1365 2442 1401 2494 ri-

324 2516 355 2568 ed
367 2517 472 2570 meliors
489 2535 620 2587 nunqnam
636 2516 769 2569 rediturus.
784 2516 834 2570 ci·
883 2516 965 2570 dicule
977 2519 1017 2572 vel
1033 2519 1074 2572 bic
1089 2519 1184 2574 relille
1202 2539 1217 2572 s
1235 2520 1337 2573 Seneca
1356 2543 1401 2573 es-

323 2595 386 2647 vitss
396 2594 417 2646 si
426 2613 476 2665 qus
484 2593 617 2657 conditur,
628 2593 722 2645 civium
730 2594 757 2645 in
767 2613 796 2646 es
806 2606 834 2646 ut
882 2595 976 2650 clusive
989 2611 1013 2648 et
1023 2618 1134 2671 expresse
1147 2598 1306 2652 indicaretur
1318 2601 1400 2652 color.

323 2670 583 2746 plurimumpudicitis
589 2671 834 2742 est,qusmsequitur
882 2671 928 2724 Nil
943 2673 1012 2726 eliud
1028 2674 1070 2728 bic
1084 2677 1187 2729 luridus
1202 2687 1253 2742 est,
1267 2695 1349 2746 quem
1363 2677 1402 2729 li·-

323 2769 388 2824 saepe
398 2749 549 2802 verecundie
558 2769 564 2812 ;
574 2749 619 2800 ubi
636 2761 719 2801 eutem
730 2768 770 2800 res
781 2770 834 2821 pu·
882 2770 958 2816 vens,
970 2765 1037 2816 oter,
1054 2753 1211 2818 maculosus,
1224 2751 1312 2804 dirum
1325 2753 1401 2825 quid-

322 2827 389 2881 blice
404 2827 531 2891 adolevit,
549 2825 677 2900 pudicitiae
696 2825 781 2877 minor
795 2825 832 2878 vis
882 2827 941 2880 dem
953 2843 976 2882 et
988 2831 1061 2884 lersle
1072 2829 1230 2904 portendens.

324 2903 832 2978 est,etfrequentiorlapsus,sslvatemeu
916 2909 939 2973 4.
957 2907 1074 2960 Miscent.
1093 2907 1150 2960 lloc
1166 2919 1215 2971 est,
1235 2907 1399 2972 infundunt,

323 2983 488 3042 verecundia;
510 2994 535 3034 st
551 3001 630 3051 quum
652 2981 833 3054 ingentissima
882 2983 938 3048 vel,
951 2985 1033 3036 stricte
1046 2985 1144 3057 magis,
1160 2997 1400 3056 persntzquceene

323 3081 383 3136 opes
394 3074 419 3114 et
428 3059 539 3134 potentis
549 3058 576 3112 in
586 3058 736 3110 immensum
746 3071 832 3132 petens
881 3060 948 3132 epod
957 3063 1059 3114 Veteres
1066 3061 1146 3114 inusu
1154 3099 1163 3128 ,
1172 3061 1250 3115 immo
1259 3063 1288 3115 in
1297 3064 1401 3118 deliciis

322 3157 453 3214 procerum
464 3136 538 3189 simul
553 3149 578 3188 et
593 3135 680 3209 populi
691 3155 773 3188 mores
787 3136 832 3188 in·
880 3138 942 3202 tuit,
953 3152 981 3190 ut
991 3139 1122 3212 potionum
1130 3142 1278 3215 preparatio
1290 3143 1400 3196 indico-

323 3217 477 3287 quinevere,
491 3212 780 3285 verecundismquoque
791 3213 833 3286 ip-
880 3229 967 3278 retur;
990 3217 1116 3290 aptissime
1136 3217 1260 3290 quidem,
1281 3241 1365 3292 quum
1385 3243 1398 3273 e

314 3313 375 3348 sem
386 3291 580 3356 obliviscuntur,
590 3303 742 3344 aversentur.
753 3293 831 3360 Quod
881 3294 1052 3367 compluribus
1063 3307 1089 3347 ct
1098 3293 1173 3347 variis
1185 3297 1237 3348 lere
1247 3316 1354 3370 semper
1367 3299 1400 3350 li-

322 3383 382 3423 tnnc
392 3371 481 3422 llomae
488 3368 573 3421 videre
583 3369 631 3421 suit
643 3389 650 3430 ς
664 3381 687 3422 et
701 3369 786 3422 viride
795 3369 831 3422 sic
880 3373 1000 3444 quoribus
1014 3372 1145 3446 potiones,
1158 3385 1183 3425 et
1191 3373 1311 3443 inprimis
1322 3375 1399 3448 pher-

322 3447 439 3521 expressit
466 3449 570 3498 Nostres
601 3445 709 3498 Clst'm'er
730 3447 832 3514 (Essos'
880 3450 1023 3502 maceutieae
1031 3451 1401 3524 potiones,constsrent,quae

322 3529 404 3578 surln
413 3522 829 3590 Satire),luvenslemlaudnus,
879 3527 990 3580 scientim
1007 3528 1128 3600 cbymicae
1145 3547 1192 3601 ope
1210 3528 1402 3582 miscebantur.

322 3605 383 3676 qui,
395 3605 474 3656 instar
485 3604 605 3667 Senccae‚
617 3622 720 3655 suorum
737 3603 830 3656 civium
880 3605 922 3658 Sic
934 3604 999 3680 epod
1013 3605 1115 3659 Graecos
1126 3608 1242 3674 npdssups
1255 3618 1281 3657 et
1293 3611 1401 3675 spiare.

320 3683 414 3734 scelere
426 3694 451 3734 et
461 3681 523 3732 vitis
532 3681 621 3734 acriter
632 3681 767 3734 insectetur
781 3701 787 3736 ε
914 3683 1208 3738 admontensium
1219 3695 1256 3735 cst
1263 3682 1349 3736 berb:
1359 3705 1402 3736 re-

322 3784 393 3835 νειμ.
880 3781 992 3826 ucoose,
1005 3783 1033 3814 ex
1041 3763 1124 3814 Ponto
1133 3760 1265 3813 inltsliam
1278 3761 1400 3824 eds-ecta,

322 3845 359 3884 Les
368 3843 449 3895 eponses
457 3872 463 3892 ,
471 3843 565 3882 sonillsnt
574 3843 592 3880 le
600 3841 672 3881 eouebe
682 3843 783 3894 nuptiate,
880 3839 947 3892 hgud
955 3838 1076 3892 absimilis
1082 3837 1176 3891 trifolio
1183 3838 1403 3910 pratensiffipdff-

321 3905 588 3956 Aliteberlruropprobreet
597 3903 690 3942 lutterde
702 3901 799 3940 scandale.
880 3919 944 3980 ἢδη
966 3917 1052 3970 schol·
1073 3915 1104 3968 'd
1128 3914 1250 3968 Nimdr·
1274 3915 1402 3990 Musph

357 4019 378 4052 ι.
392 3999 520 4069 Undique.
534 3999 612 4066 Quasi
626 3999 719 4052 diceret
732 4017 829 4063 omnes,
879 4015 936 4067 peg.
951 3995 999 4056 31;
1021 4005 1045 4046 et
1064 3991 1202 4059 Schneid.)
1223 3993 1265 4046 (Ξῖ.
1281 4007 1306 4044 et
1318 3996 1402 4048 Voss.

321 4076 390 4146 quod
404 4086 453 4128 τοῖν
470 4079 582 4146 singuli,
598 4089 622 4127 et
630 4080 709 4145 ponci
716 4113 724 4140 ,
735 4095 792 4146 que
802 4075 830 4128 in
879 4071 911 4122 sd
925 4071 1032 4144 virgil,
1047 4071 1140 4142 Georg.
1153 4069 1246 4134 tib.11‚
1265 4091 1303 4122 rs.
1319 4077 1379 4126 152.

320 4153 425 4228 proxim.
435 4152 517 4226 pbrss.
528 4155 576 4206 κατ’
588 4157 701 4207 ἀντίθεσιν
712 4155 811 4206 reseres.
910 4148 935 4201 6.
944 4148 1066 4220 Inqreirt't.
1076 4148 1131 4200 lloc
1138 4145 1235 4199 esttDe
1242 4147 1324 4219 patris
1332 4150 1399 4212 vite,

354 4253 376 4284 2·
390 4234 449 4286 Non
468 4232 573 4301 hospes,
596 4244 641 4283 etc.
658 4231 752 4283 Versus
770 4243 829 4282 sunt
878 4229 910 4283 cle
928 4228 1002 4302 petris
1017 4240 1097 4280 morte
1115 4225 1257 4298 estrologns
1275 4240 1299 4278 et
1320 4247 1401 4299 sagas
