2926 4958
236 497 308 566 ΑΙ)
331 495 508 567 STOIC.
535 495 745 566 PHILOS.
773 493 869 564 LIB.
897 491 949 563 ΙΙ.
1000 501 1124 564 cxxxix

61 653 89 700 ut
101 641 189 723 primi
203 639 249 702 illi
264 653 425 724 parentes,
444 659 480 700 ea
495 639 559 700 sola
575 637 702 718 (Gratia
717 637 778 701 Dei
793 657 854 699 non
870 637 1029 715 exclusa),
1058 635 1124 721 lege

61 749 181 808 nondum
199 748 333 831 scripta,
349 747 408 808 sint
419 747 540 807 serrati.
558 745 665 808 Idem:
684 773 699 799 a
715 745 783 807 Nec
796 743 871 806 illud
890 763 1017 827 parvum
1032 765 1125 830 argu-

63 867 184 914 mentum
205 867 252 914 est
267 856 305 914 ad
323 851 584 936 comprobandum
601 851 725 914 Naturae
743 851 859 913 honum
874 853 955 933 qnod
971 851 1061 935 primi
1082 847 1126 912 illi

62 957 188 1020 homines
199 1004 210 1034 ,
221 980 279 1042 per
289 970 333 1019 tot
344 977 494 1020 annornm
504 959 610 1041 spatia,
624 957 736 1039 absque
746 955 808 1019 ulla
819 957 1024 1020 admonitione
1035 953 1126 1042 Legis

63 1065 184 1126 lecerunt
199 1111 209 1142 ,
222 1085 284 1126 nou
296 1066 366 1146 quia
379 1063 451 1128 Deo
462 1077 604 1126 creaturae
619 1085 677 1126 suae
688 1065 849 1146 aliquando
864 1085 935 1127 cura
946 1085 1007 1126 non
1016 1065 1124 1142 luerit,

61 1173 104 1232 sed
116 1173 186 1252 qnia
201 1193 235 1233 se
248 1171 342 1261 talem
358 1170 471 1233 sciehat
483 1171 590 1233 secisse
606 1169 778 1245 Naturam,
794 1185 827 1231 nt
841 1172 885 1232 cis
901 1191 958 1254 pro
977 1171 1064 1254 lege,
1089 1171 1127 1232 ad

62 1277 255 1338 exercendam
266 1275 423 1338 Justitiam
443 1276 601 1338 sufficeret
618 1303 632 1330 »a
647 1275 742 1358 (loia.
753 1277 766 1352 l
778 1275 896 1338 Similia
910 1276 962 1338 alii
973 1274 1127 1339 Doctores

60 1381 144 1442 nostri
157 1403 165 1442 ε
180 1381 235 1462 qni
249 1401 398 1444 consensu
412 1383 555 1442 damnant
569 1379 806 1444 Manichaeorum
818 1383 1012 1460 vecordiam,
1026 1377 1128 1464 dupli-

62 1507 120 1548 cem
132 1487 288 1550 Naturam
301 1489 512 1566 statuentium,
526 1487 647 1550 Bonam
660 1487 837 1569 Malamqne
852 1511 859 1548 ε
877 1487 963 1551 illam
976 1487 1128 1572 Spiritna-

61 1592 127 1668 lem,
143 1593 226 1656 hanc
239 1590 415 1656 Carnalcm.
428 1593 537 1666 Abite3
555 1615 612 1656 nos
625 1595 736 1656 iterum
752 1611 821 1655 cum
842 1591 958 1656 Seneca
976 1617 983 1654 :
1002 1621 1017 1649 ιι
1042 1591 1129 1657 Con·

62 1713 223 1762 smnmatur
241 1697 374 1762 hominis
390 1699 531 1776 Bonum,
547 1702 572 1762 si
586 1701 617 1762 id
634 1699 826 1783 adimplevit,
837 1701 884 1763 cui
895 1701 1037 1763 nascitur.
1048 1697 1130 1782 Quid

62 1808 134 1868 euim
148 1808 191 1868 ah
206 1806 263 1868 illo
278 1805 370 1868 Ratio
385 1807 493 1890 erigit?
509 1828 577 1869 rem
587 1807 785 1882 facillimam,
799 1803 970 1868 Secundum
980 1805 1129 1868 Naturam

62 1933 139 1975 suam
151 1914 269 1976 rivere.
286 1941 302 1967 u
321 1909 440 1997 (Epist.
459 1915 545 1991 xm.)
558 1913 640 1975 Nota
658 1933 763 1990 satam,
780 1911 811 1974 id
825 1925 870 1974 est
884 1909 1046 1996 Chrysippi
1061 1933 1132 1994 pro-

61 2023 156 2096 pn'nrn.
175 2018 284 2100 Qaarn
297 2032 399 2081 tamen
413 2019 566 2080 latendum
583 2031 648 2095 est,
663 2017 727 2079 oei
741 2018 872 2099 quodam
886 2037 1013 2078 munere
1027 2027 1077 2078 aut
1091 2015 1132 2076 sa-

63 2130 176 2202 rentia,
196 2128 229 2188 in
253 2127 321 2188 aliis
343 2127 491 2188 illustrem
508 2127 604 2210 magis
620 2138 706 2202 esse,
730 2139 781 2187 ant
794 2139 876 2188 certe
893 2147 925 2186 se
949 2125 1130 2195 ostendere,

63 2253 112 2294 nec
123 2245 187 2294 tam
200 2235 296 2294 densa
307 2232 388 2293 velut
399 2231 526 2314 caligine
540 2232 772 2315 circumseptam
783 2253 790 2290 :
803 2229 911 2312 quihus
920 2227 1069 2292 Doctrina
1083 2229 1132 2291 ci-

61 2337 116 2398 tius
127 2337 318 2413 infunditur,
332 2335 438 2396 Virtus
451 2337 644 2412 adsciscitur,
658 2335 790 2418 quotidie
806 2338 980 2396 notandum.
992 2331 1065 2397 ldeo
1073 2333 1134 2396 So-

63 2459 154 2507 crates
164 2445 242 2506 olim
253 2445 470 2526 interrogatus,
488 2471 509 2497 «ι.
523 2441 585 2524 Qui
608 2441 772 2506 Feliccsia'
787 2441 974 2528 Respondit:
989 2469 1004 2499 a
1016 2441 1134 2524 Quibus

61 2553 175 2614 animus
186 2564 345 2634 praestans,
362 2561 392 2611 et
403 2544 494 2611 Ratio
506 2551 599 2612 adest.
611 2577 627 2604 a
642 2548 779 2611 Omnino
793 2549 849 2620 ita;
863 2549 938 2610 nihil
949 2551 981 2610 in
991 2549 1052 2610 vita
1063 2549 1135 2610 boni

63 2658 122 2718 sine
136 2679 175 2720 ca
187 2657 270 2719 hona
284 2677 291 2715 ε
309 2669 340 2717 et

226 2825 234 2838 .
245 2823 252 2838 .
262 2821 270 2835 ·
279 2821 287 2836 .
296 2822 318 2838 .·
330 2822 337 2836 .
348 2823 354 2836 .
371 2785 406 2838 Ut
417 2785 444 2836 in
457 2783 566 2850 fabrica,
578 2785 600 2836 si
614 2805 688 2857 prava
705 2797 742 2854 est
752 2785 840 2854 regula
853 2785 934 2853 prima
946 2825 953 2845 ,

223 2879 321 2931 Omnia
334 2877 455 2931 mendose
467 2879 521 2931 lieri
533 2919 540 2944 ,
553 2892 627 2950 atquc
639 2877 752 2952 ohstipa,
766 2899 894 2933 necessum
909 2889 952 2933 cst.

362 3088 703 3158 ntssnn'ranlo
729 3091 828 3155 XIX.

61 3227 124 3286 llus
139 3229 298 3288 mennas
306 3225 348 3285 nd
354 3226 413 3286 Dei
419 3228 558 3308 sequelam
572 3227 624 3304 ire,
636 3239 664 3286 et
678 3226 783 3286 docere
794 3249 803 3284 .·
813 3235 900 3308 alque
913 3226 993 3285 illum
1003 3247 1066 3284 esse
1073 3226 1135 3308 pri-

479 3334 603 3393 marium
618 3331 729 3392 Ficem.

94 3495 172 3560 Jarr
186 3497 374 3560 absolvimus
385 3501 422 3560 de
436 3497 559 3560 Naturae
572 3496 721 3579 Seqnela,
740 3497 771 3559 id
787 3511 832 3560 est
845 3495 908 3559 Dei
925 3521 932 3556 :
952 3510 982 3558 et
1002 3515 1022 3557 o
1036 3510 1068 3558 tu
1086 3495 1138 3558 ille

59 3603 119 3686 ipse
134 3605 248 3682 Deru,
268 3625 360 3686 quam
376 3603 438 3667 haec
451 3605 531 3666 inter
544 3623 598 3676 sc,
620 3617 651 3665 et
666 3625 735 3666 cum
749 3623 823 3666 vero
835 3650 843 3677 ,
857 3604 1046 3667 consentiunt
1060 3604 1067 3663 !
1088 3603 1138 3664 Tu

59 3733 189 3795 magnus
202 3711 275 3789 ille,
287 3709 405 3773 Natura
415 3711 580 3773 Commums
591 3729 641 3771 est
653 3729 764 3792 parvus
775 3709 825 3772 hic
837 3711 869 3770 ln
883 3709 972 3772 nohis
984 3756 992 3786 ,
1009 3709 1138 3792 Propria.

59 3815 140 3878 Auo.
155 3815 253 3882 stane
266 3817 346 3879 hunc
360 3815 517 3900 appellas?
532 3813 617 3877 ans.
631 3815 706 3878 dam
721 3837 810 3900 snpra
823 3816 907 3898 tetigi
920 3835 927 3874 ε
940 3829 970 3877 et
987 3811 1081 3880 Stoici
1099 3817 1140 3878 ita

57 3927 184 4004 passim
199 3923 319 3987 Seneca
336 3947 343 3984 ι
360 3949 376 3976 α
394 3921 542 3984 Animum
557 3923 670 3985 honum
689 3934 719 3985 et
736 3935 850 3986 rectum
863 3968 872 4000 ,
884 3923 955 4004 quid
967 3923 1047 3987 hmrc
1060 3924 1141 3986 aliud

58 4049 159 4108 roca,
174 4051 271 4112 qnam
282 4029 385 4092 Deum
395 4029 425 4090 in
434 4029 568 4092 hunuano
577 4049 706 4114 corpore
717 4029 956 4113 hospitantem?n
966 4029 1144 4114 (prxxt.)

57 4135 258 4219 luemque:
271 4136 399 4200 «Bonus
412 4139 458 4200 vir
470 4140 536 4200 sine
548 4136 619 4200 Deo
633 4159 724 4201 nemo
738 4151 782 4200 cst
796 4166 811 4192 υ
820 4135 892 4221 (Ep.
905 4139 970 4221 xor)
985 4161 991 4198 ε
1008 4140 1071 4201 scil.
1082 4138 1141 4201 hoc

57 4243 191 4308 interno.
215 4242 366 4322 Pulchre,
384 4245 416 4306 in
430 4244 540 4309 Stoicis
553 4245 655 4323 scitis,
672 4243 830 4308 Laertius:
845 4273 860 4299 n
878 4243 955 4309 Esse
969 4247 1027 4310 hoc
1044 4247 1143 4329 ipsum

60 4349 146 4416 Beati
157 4352 296 4412 hominis
306 4351 459 4414 Virtutem
472 4398 480 4429 ,
496 4373 588 4434 quum
602 4353 704 4414 omnia
718 4351 792 4413 liunt
805 4352 1001 4415 conformiter
1012 4372 1141 4414 consen-
