2926 4958
289 467 405 536 lxxxiv
473 469 504 535 J.
532 467 696 537 LIPSII
722 469 1189 540 MANUDUCTIONIS

288 633 393 674 sensus
408 632 555 695 amorque
570 613 709 676 Virtutis.
722 614 878 677 Dtnrtaxat
894 617 984 700 igitur
997 614 1217 678 contrahebant
1231 637 1238 673 :
1254 614 1365 688 idest,

291 721 450 781 «detracto
461 721 542 801 quod
552 722 692 798 exundat,
703 724 742 784 ad
753 722 917 786 salutarem
925 723 1051 784 modum
1062 723 1231 806 cogebant»
1240 719 1343 803 (thid.)
1355 743 1364 777 τ

291 826 343 907 qui
357 827 465 888 modus
479 839 525 888 est
537 827 603 910 ipsa
618 826 734 890 Virtus.
747 828 891 891 Avaritiae
907 831 945 892 da
959 831 1105 905 modum,
1122 825 1292 912 Frugalitas
1304 840 1368 898 est;

290 929 484 1006 Prosusioni‚
496 928 680 996 Liberalitas
692 960 699 1007 ς
718 934 907 1011 Ambitioni,
919 934 1176 1020 Magnanimitas;
1189 936 1322 1016 itemque
1337 935 1369 994 in

292 1039 370 1101 aliis.
386 1037 434 1102 Ac
445 1040 521 1103 sicut
533 1041 620 1102 bonae
631 1042 739 1126 planta
749 1042 886 1106 inferaci
897 1063 989 1126 agro,
1003 1043 1028 1105 si
1042 1041 1250 1126 negligantur,
1266 1039 1371 1102 silves-

292 1160 363 1210 cunt
375 1161 405 1209 ct
417 1147 615 1221 horrescunt,
633 1149 750 1212 cultura
764 1149 919 1228 adbibita,
937 1149 1026 1212 utiles
1043 1163 1074 1212 et
1087 1149 1248 1212 fructifere
1269 1149 1368 1210 nunes

293 1256 336 1318 sic
346 1254 492 1318 Adiectum.
503 1255 581 1336 Quis
591 1267 694 1318 autem
706 1256 824 1320 cultor?
834 1255 947 1334 Ratio,
964 1254 1087 1319 aiebant
1105 1278 1112 1314 ε
1129 1257 1192 1317 ἰιιιο
1204 1268 1234 1318 et
1245 1268 1369 1331 rector,

293 1363 449 1444 qrraevelut
459 1363 559 1426 fraenis
574 1376 740 1447 temperat,
754 1377 785 1426 et
799 1363 982 1427 exsultantes
995 1364 1027 1426 in
1036 1364 1250 1448 angustiorem
1270 1363 1373 1446 girum

296 1469 385 1532 ducit.
399 1467 557 1553 Amplius,
571 1470 711 1533 dicebant
721 1469 840 1532 Natura
856 1491 942 1534 esse:
960 1471 1106 1532 nimirum
1118 1470 1223 1532 insitos
1237 1469 1268 1530 in
1283 1481 1373 1552 parte

295 1573 590 1653 lrrationalianimi,
610 1576 796 1660 quaeduplex
811 1589 876 1650 est,
903 1563 1149 1660 Concupiscens,
1171 1589 1200 1638 et
1211 1573 1372 1638 irascens:

298 1695 387 1764 atque
406 1703 442 1744 cx
454 1681 502 1744 bis
515 1695 640 1766 sponte,
657 1684 721 1746 sine
736 1703 831 1767 opera
845 1683 1006 1747 voluntatis
1020 1703 1199 1766 emergere,
1215 1693 1245 1744 et
1262 1679 1376 1742 enasci.

297 1788 366 1852 Into
377 1803 407 1851 et
417 1792 503 1853 sedes
513 1789 550 1853 iis
560 1811 630 1854 suas
640 1791 797 1874 adsignant
807 1793 839 1854 in
853 1793 919 1876 ipso
931 1811 1061 1875 corpore
1074 1835 1083 1866 ,
1098 1818 1114 1845 «
1122 1777 1243 1852 lmtitiae
1254 1789 1285 1849 in
1297 1787 1377 1872 sple-

299 1916 338 1957 ne
351 1941 360 1974 ,
375 1895 431 1958 Irae
444 1897 578 1974 inselle,
598 1894 746 1960 Libidinis
763 1899 845 1982 (sive
855 1895 1035 1982 Cupidinis)
1054 1897 1086 1958 iu
1099 1897 1221 1979 jecore,
1237 1893 1378 1956 Timoris

299 2005 331 2065 in
343 2007 443 2067 corde.
454 2031 469 2060 υ
484 2003 713 2088 (Lamnum,
725 2027 791 2088 cap.
804 2005 870 2084 15.)
881 2003 944 2086 Qui
955 2025 1028 2089 ergo
1035 2003 1172 2067 Affectus
1183 2024 1236 2065 cos
1247 2001 1376 2078 tollunt,

300 2112 394 2173 vitam
408 2112 507 2195 ipsam
517 2132 554 2174 ex
565 2112 707 2192 animali,
722 2127 752 2175 et
764 2111 901 2196 partibus
912 2111 951 2174 iis
965 2111 1119 2196 primariis
1131 2156 1140 2190 ,
1151 2109 1270 2172 tollunt.
1281 2105 1325 2170 Et
1336 2107 1380 2170 si-

301 2229 351 2277 cut
361 2236 467 2299 agrum
478 2217 612 2280 sterilem
620 2217 734 2280 babere
745 2216 840 2294 nolis,
852 2215 895 2278 sic
906 2237 963 2278 nec
973 2215 1127 2292 animum,
1140 2214 1188 2278 cui
1199 2213 1379 2287 «Affectus,

301 2317 385 2378 velut
395 2317 517 2380 ubertas
530 2331 575 2380 est
590 2317 744 2380 naturalis.
755 2313 805 2380 Ad
815 2337 907 2398 quam
923 2338 1016 2400 qutun
1027 2337 1117 2378 verus
1131 2313 1229 2379 cultor
1240 2334 1383 2378 accesse-

304 2423 344 2486 rit
354 2424 446 2503 (libet
455 2425 538 2488 enim
546 2424 606 2488 boc
615 2423 779 2508 repetere),
796 2423 898 2486 statim
910 2423 1085 2486 cedentibus
1096 2422 1174 2485 vitiis
1190 2421 1294 2506 fruges
1303 2420 1384 2482 Vir-

303 2531 373 2593 tutis
391 2532 562 2594 oriuntur.»
578 2529 702 2608 (ibid.)
719 2529 795 2612 Quae
811 2531 965 2612 quomodo
986 2543 1092 2606 erunt,
1115 2529 1142 2592 si
1161 2547 1223 2590 non
1240 2527 1312 2588 illi?
1331 2526 1384 2588 tubi

303 2637 438 2700 victoriae
448 2638 548 2717 locus,
566 2639 630 2700 sine
642 2637 836 2702 adversario?
850 2636 951 2714 laudi,
967 2636 1032 2698 sine
1043 2635 1124 2697 lucta
1134 2635 1147 2697 ,Ρ
1157 2633 1241 2730 IVam
1250 2633 1277 2694 si
1288 2632 1386 2694 virtus

306 2759 352 2806 est
362 2790 370 2822 ,
382 2742 466 2806 Iram
477 2745 618 2808 cohibere
632 2768 639 2806 a
653 2747 806 2827 quomodo
820 2744 910 2808 faciet
922 2787 931 2818 ,
944 2744 996 2825 qui
1007 2741 1058 2805 Ira
1068 2741 1174 2804 caret?
1185 2739 1219 2802 si
1230 2737 1387 2823 Cupidita-

307 2865 369 2912 tem
385 2850 566 2925 resraenare;
589 2873 654 2933 que
670 2851 835 2926 coercitio,
854 2850 907 2911 ubi
920 2869 982 2911 non
996 2850 1078 2934 quod
1088 2845 1255 2910 coerceas?
1270 2873 1287 2899 α
1298 2843 1387 2907 Deus

306 2959 407 3040 itaque
421 2981 513 3040 quum
526 2959 684 3022 bominem
700 2957 836 3041 primum
856 2955 999 3040 fingeret,
1014 2953 1149 3018 mlrabili
1164 2951 1386 3027 Providentia,

309 3067 496 3150 ingeneravit
509 3067 537 3128 ei
554 3065 637 3151 prius
653 3066 726 3128 istas
737 3064 830 3127 animi
847 3059 1099 3138 commotiones,
1115 3073 1261 3144 utposset
1274 3079 1389 3143 capere

309 3171 484 3247 Virtutem,
501 3172 576 3237 sicut
591 3185 673 3235 terra
691 3171 840 3234 culturam
853 3194 861 3244 3
873 3168 1033 3255 posuitque
1052 3167 1216 3230 materiam
1228 3163 1390 3228 Vitiorum
1442 3175 1443 3186 ¹

309 3279 339 3339 in
354 3277 533 3353 Ass'ectibus,
548 3278 676 3341 Virtutis
689 3278 720 3340 in
731 3278 835 3342 Vitiis.
846 3307 861 3332 »
877 3275 982 3357 (lbid.)
997 3273 1072 3339 flaec
1086 3275 1148 3348 illi;
1163 3273 1263 3360 pergit
1273 3269 1390 3336 Cicero

311 3388 350 3450 ad
359 3383 490 3451 nostros.
501 3384 602 3462 zeno,
613 3386 708 3470 inquit
715 3432 724 3460 ,
732 3387 780 3451 bis
791 3385 932 3448 omnibus
943 3385 1029 3467 quasi
1039 3383 1156 3445 morbis
1168 3380 1250 3444 exuit
1260 3375 1394 3463 Sapien-

312 3505 384 3556 tem.
397 3493 483 3556 Bene
492 3538 501 3567 ‚
511 3496 611 3578 quasi,-
625 3514 688 3556 non
700 3495 781 3556 enim
790 3513 897 3556 revera
909 3489 1020 3555 Stoicis
1028 3491 1128 3551 Morbi
1135 3501 1221 3564 sumt,
1237 3487 1295 3548 sed
1306 3486 1393 3547 initia

314 3614 343 3662 et
358 3621 453 3665 cause
473 3599 669 3664 Morborum.
688 3600 863 3664 Discrimcn
881 3600 963 3682 quod
985 3599 1042 3677 sit,
1065 3595 1183 3659 Seneca
1206 3594 1239 3656 in
1260 3591 1394 3677 epistola

313 3709 444 3790 qudam
456 3721 487 3770 te
502 3709 632 3772 docebit.
645 3706 723 3796 (Ep.
738 3711 849 3786 cxxv.)
863 3703 970 3784 Addit,
994 3725 1100 3769 carere
1111 3702 1244 3766 voluisse
1255 3697 1395 3787 Sapien-

315 3829 388 3876 tem.
403 3811 533 3877 Prorsus
548 3836 653 3878 carere
669 3838 676 3874 :
693 3834 757 3876 nou
771 3813 926 3888 recidere,
943 3813 996 3875 sed
1010 3809 1168 3880 excidere;
1185 3827 1249 3870 non
1259 3827 1393 3890 regere,

316 3921 370 3984 sed
383 3923 503 4005 ejicere.
516 3921 622 3987 Causae
631 3923 734 3990 mum
746 3935 814 3986 sunt
825 3944 832 3982 ι
844 3920 890 3986 bae
900 3919 1069 4005 praecipua.
1080 3915 1198 3993 Primo,
1212 3913 1341 3978 difficile
1351 3926 1396 3974 est

315 4051 434 4113 regere,
442 4044 494 4093 aut
501 4031 656 4094 moderari
666 4031 823 4094 admissos.
830 4025 1014 4091 «Imbecillis
1024 4025 1175 4109 estprimo
1184 4021 1285 4085 omnis
1291 4021 1396 4084 Affec-

316 4151 386 4216 tus,
404 4139 511 4201 deinde
532 4138 597 4222 ipse
619 4161 651 4202 se
673 4138 823 4216 concitat,
840 4149 872 4200 et
885 4136 981 4212 vires,
1001 4135 1072 4196 dum
1087 4131 1225 4217 procedit
1241 4175 1249 4208 ,
1265 4142 1368 4212 parat.
1380 4155 1394 4180 n

315 4242 403 4325 (Sen.
417 4243 516 4332 Epist.
533 4249 640 4326 cxvt.)
651 4245 695 4309 Ut
704 4266 798 4330 equus
806 4243 969 4306 indomitus
982 4287 990 4316 ,
1007 4238 1094 4302 facile
1109 4237 1221 4320 abripit
1229 4248 1396 4298 rectorem.

262 4420 266 4429 ⁴
316 4351 393 4433 Quis
411 4367 508 4417 nautae
522 4354 663 4432 suaserit,
684 4367 734 4414 aut
748 4348 979 4437 approbaverit,
999 4341 1231 4427 ventisjactari,
1248 4352 1281 4402 ut
1293 4339 1394 4426 possit
