2930 4956
259 483 327 552 AD
353 478 527 553 stole.
554 475 761 548 PHILOS.
789 479 885 549 ΜΒ.
911 481 940 548 1.
1057 483 1136 572 lxvij

76 625 155 686 sedi.»
169 624 255 710 (Ep.
273 629 380 704 xum.)
391 622 582 704 ltertnnque:
601 646 616 678 a
627 619 699 684 Non
708 621 832 704 pudebit
842 621 947 700 lateri,
963 644 1053 704 quem
1064 625 1139 688 mihi
1227 641 1233 650 ·

76 749 199 794 amorem
210 729 393 818 Pythagoras
399 727 509 792 Sotion
519 729 683 810 injecerim
693 721 870 812 (Epicuro)
881 729 931 790 An
942 748 1016 812 ergo
1024 728 1140 816 Pytha-

76 837 257 916 gorcnslnit?
268 837 319 898 rix
332 837 475 900 credam:
491 836 615 896 sednon
629 833 762 898 alienum
776 834 861 896 abea
875 835 1140 913 abstinentia,ior-

76 927 179 1004 usseet
194 943 268 1006 aliis
280 941 468 1026 magnanimi
476 941 534 1002 viri
548 941 644 1018 scitis,
657 954 708 1002 aot
716 941 865 1003 institutis.
877 939 961 1003 Sitne
972 941 1023 1004 bic
1031 988 1039 1015 ,
1047 963 1139 1024 quem

75 1043 421 1131 lliogenesetAtlrenaeus
428 1043 669 1124 citant,librisDe
674 1047 863 1109 successione
868 1045 1138 1131 Philosophorum:

75 1173 151 1232 qtum
164 1153 307 1217 Stobmus
317 1199 325 1230 ,
336 1153 386 1217 De
398 1153 468 1227 lras
481 1171 543 1215 non
556 1152 731 1229 adfirmem,
746 1171 856 1216 vereor
875 1166 909 1215 ut
922 1152 974 1215 ille
989 1153 1140 1236 antiquior

76 1259 117 1318 sit:
126 1261 226 1344 magis
236 1259 382 1322 inclinem
393 1279 471 1336 esse,
484 1277 576 1340 quem
589 1257 766 1322 Plutarchus
775 1260 855 1323 circa
866 1279 966 1335 suunt,
981 1261 1011 1323 id
1023 1271 1068 1323 est
1081 1259 1141 1323 Se-

75 1385 256 1444 neraaerum
265 1367 358 1430 luisse
368 1367 508 1429 ostendit.
519 1365 554 1428 ln
569 1366 660 1444 libro,
666 1364 717 1429 De
728 1364 838 1450 pietate
851 1366 1003 1430 fraterna:
1018 1367 1098 1430 “Sed
1111 1381 1143 1429 et

75 1475 273 1536 remanum
286 1472 539 1557 philosophorum
551 1471 733 1557 Apollonius
745 1471 963 1556 Peripateticus
977 1471 1143 1556 repreben-

75 1581 151 1642 ditet
165 1581 313 1644 refutarit
327 1583 380 1663 qui
394 1583 527 1657 dixerat,
552 1579 693 1644 Gloriam
714 1601 781 1643 esse
802 1580 1118 1644 incommunicabilem
1132 1626 1141 1658 ,

72 1687 340 1771 ,quippcjrmiorem
349 1686 640 1750 fratremSotionem
654 1687 849 1749 illustriorem
859 1709 950 1770 quam
962 1689 1059 1772 seipse
1070 1689 1144 1751 red*

75 1793 148 1854 didit.
160 1819 177 1846 ι
194 1793 312 1876 Tangit
331 1793 453 1874 aliquod
474 1793 585 1856 lactum
604 1795 686 1855 circa
710 1793 858 1869 fratrem,
883 1792 972 1854 nobis
995 1793 1141 1876 ignotum.

109 1898 189 1962 Satis
197 1902 239 1962 de
252 1897 364 1962 Stoicis
376 1899 578 1962 nobilioribus
590 1923 597 1959 ε
608 1918 688 1961 nunc
698 1919 820 1961 causam
828 1899 960 1961 nominis
970 1899 1058 1981 hujus
1068 1899 1142 1962 brc-

75 2005 145 2067 riter
156 2007 251 2067 ctiam
263 2006 374 2069 dicam.
382 2007 467 2068 Zeno
477 2005 508 2067 in
517 2003 641 2068 Portica
651 2005 770 2079 docuit,
781 2027 846 2086 qrrae
859 2003 1053 2067 Pisianaetaea
1067 2005 1143 2070 olim

76 2113 167 2190 dieta,
184 2125 294 2197 postea
308 2113 433 2197 picturis
446 2109 530 2174 varie
545 2133 564 2172 a
580 2110 749 2196 Polygnoto
763 2113 924 2187 decorata,
943 2133 1055 2174 nomen
1070 2110 1146 2176 illud

76 2223 183 2288 sufflas
201 2219 266 2280 sire
292 2221 399 2278 Varioe
416 2219 542 2301 aocepit.
564 2216 639 2278 Inde
653 2218 746 2300 igitur
764 2237 895 2292 nomeu,
917 2232 949 2279 et
966 2221 1020 2281 ἀπὸ
1043 2231 1142 2293 στοᾶς,

77 2323 166 2386 littera
177 2337 317 2386 mutante
326 2336 358 2384 et
371 2337 516 2407 augente,
535 2329 640 2385 Στωϊκοὶ
656 2321 809 2407 appellati.
829 2323 917 2384 Itono
934 2325 1035 2386 omine
1050 2325 1147 2410 pinxit

76 2431 142 2500 iller
164 2445 195 2492 et
207 2435 374 2510 πολύγνωτον
392 2430 613 2507 (matranorum
629 2439 657 2488 ct
672 2428 819 2505 soblem,
837 2430 876 2490 ad
893 2449 1005 2492 nomen
1023 2431 1147 2492 Pictoris

75 2537 217 2614 allasmn)
231 2535 310 2598 banc
330 2535 497 2610 romaum,
511 2549 541 2598 et
560 2533 764 2610 Porticenses,
788 2547 822 2596 ut
834 2534 927 2598 latine
943 2537 985 2600 sic
998 2539 1143 2615 reddam,

76 2642 139 2703 orbi
158 2655 310 2704 terrarum
327 2640 424 2703 sactos
442 2641 561 2706 seimus.
576 2639 691 2723 (Diog.
708 2641 739 2702 in
754 2639 828 2701 Zeu.
841 2641 926 2713 init.;
947 2641 1101 2708 Plutarch,
1113 2643 1145 2704 in
1271 2706 1272 2709 ,

76 2747 217 2820 Cimonem
232 2747 459 2832 Harpocration
470 2749 501 2808 in
514 2745 708 2830 Polygnotum
720 2745 849 2809 Pausan.
860 2770 868 2819 ;
878 2745 1015 2827 Persius,
1025 2747 1089 2813 Sat.
1100 2763 1147 2810 111.

77 2857 115 2917 ibi
129 2855 254 2933 schot.)

352 3004 715 3115 'nrssnnrsmo
739 3047 843 3113 x111.

78 3231 194 3312 Cynr'cos
211 3230 352 3308 originem
372 3227 475 3286 Stor'cti
491 3219 623 3298 dedisse,
640 3234 668 3283 et
690 3222 832 3300 Dogmata
840 3222 906 3300 sere
920 3231 1077 3289 conuenire.
1095 3231 1148 3290 Illi

458 3353 494 3390 cm
506 3329 629 3412 professo
642 3329 761 3390 laudati.

112 3533 228 3594 literas
242 3527 369 3592 Zenomi
384 3525 615 3610 appellabantur
626 3524 717 3587 etiam
729 3547 737 3583 z
750 3536 780 3586 et
792 3543 847 3588 eur
860 3547 921 3589 non
932 3525 1038 3614 Cynici
1051 3529 1063 3591 l
1075 3551 1147 3593 nam

78 3663 178 3702 rercra
194 3653 264 3702 sunt
278 3659 364 3722 paene
383 3635 485 3697 iidem.
502 3634 606 3716 ltaque
624 3646 655 3694 et
667 3646 768 3694 ortum
782 3631 911 3711 stoica,
929 3649 997 3696 sunt
1013 3637 1064 3718 qui
1078 3637 1147 3698 An-

78 3749 194 3810 tistheni
210 3743 405 3820 adscribant,
420 3739 541 3826 Cynicae
556 3725 656 3802 eidem
670 3738 828 3802 conditori.
842 3737 998 3824 Diogenes
1013 3759 1118 3826 aperte
1136 3771 1144 3806 ι

82 3853 223 3914 «t'iaemr
233 3864 264 3912 ct
273 3847 370 3911 virilis
379 3846 460 3909 illius
471 3843 578 3908 Stoicae
588 3858 676 3908 sectae
687 3845 827 3929 princeps
838 3859 1001 3928 auctorque
1010 3848 1110 3914 luisse.
1125 3833 1141 3904 ἰ

81 3959 185 4040 Quidni
202 3955 360 4020 videatur?
382 3957 524 4038 dogmata
539 3951 747 4028 consentiunt,
766 3953 796 4012 in
811 3953 871 4012 vita
890 3967 920 4014 et
940 3953 1020 4016 cultu
1034 3957 1146 4042 aliquid

82 4081 198 4129 mutam.
213 4065 319 4147 ltaque
334 4074 426 4146 poeta
440 4072 521 4122 recte
539 4082 546 4120 ε

237 4221 271 4275 Et
283 4218 328 4289 qui
341 4235 388 4270 nee
401 4214 532 4286 Cynicos,
548 4231 593 4265 nec
607 4212 692 4266 Stoica
704 4210 823 4283 dogmata
837 4225 906 4265 curat

238 4317 260 4366 Α
276 4309 385 4383 Cynicis
397 4307 483 4362 tunica
496 4304 632 4360 distantia:
