2894 4954
281 461 348 528 266
606 461 675 530 DE
699 465 1023 536 CLEMENTIA

280 605 448 680 tamquam
457 591 551 682 justo
560 593 674 660 minus
688 593 828 676 feeerit,
846 596 907 664 sed
923 614 1093 692 tamquam
1103 597 1139 664 id
1153 597 1246 689 quod
1257 621 1358 668 cons·

280 707 390 788 tituit,
401 707 627 799 justissimum
644 711 701 779 sit.
717 713 898 804 Ignoseere
915 731 1028 782 antem
1040 730 1113 794 est,
1129 713 1356 807 quaejndioes

240 845 255 910 4
279 823 469 916 punienda,
485 847 556 896 non
565 828 701 918 punire.
715 829 846 912 Venia,
861 829 985 898 debitae
999 853 1107 924 poenre
1120 832 1351 900 remissioest:

278 939 458 1032 clementia
481 942 548 1011 boe
569 945 718 1036 primum
736 963 895 1037 praestat,
922 963 961 1015 ut
977 971 1062 1039 qnos
1079 945 1237 1030 dimittit,
1258 947 1355 1014 nibil

278 1055 372 1125 aliud
401 1057 477 1127 illos
499 1061 570 1152 pati
589 1058 747 1128 debuisse
766 1065 977 1154 pronuntiet.
1005 1064 1163 1132 Plenior¹
1187 1079 1238 1132 est
1261 1088 1357 1156 ergo

279 1177 510 1268 quamveniu,
528 1192 563 1244 et
570 1177 745 1246 bonestior
756 1183 782 1245 ².
799 1180 851 1247 De
861 1180 986 1262 verbo,
1000 1195 1039 1246 nt
1049 1203 1124 1247 mes
1132 1179 1199 1246 fert
1207 1180 1352 1272 opinio.

279 1285 509 1361 controversia
522 1308 597 1377 est3
614 1292 657 1361 de
675 1317 715 1362 re
731 1293 870 1385 quidem
891 1289 1085 1363 eonvenit³.
1102 1295 1241 1386 Sapiens
1254 1295 1357 1362 mul-

280 1423 314 1474 ta
332 1408 498 1492 remittet,
519 1406 642 1476 multos
659 1433 780 1501 parum
799 1406 909 1491 sani⁴,
937 1411 997 1478 sed
1015 1411 1176 1479 sanabilis
1192 1412 1353 1503 ingenii,

242 1535 257 1584 5
280 1521 439 1590 servabit.
459 1517 663 1614 Agricolas⁶
682 1524 788 1592 bonos
807 1526 1016 1608 imitabitur,
1046 1527 1106 1618 qui
1129 1551 1197 1594 non
1215 1541 1356 1622 tantum

278 1653 389 1706 rectas
395 1649 623 1731 procerasque
631 1640 773 1709 arbores
780 1641 918 1724 colunt,
936 1643 997 1710 sed
1011 1643 1079 1710 illis
1092 1665 1245 1734 quoque,
1260 1667 1357 1732 quas

279 1752 393 1844 aliqua
411 1747 631 1845 depravavit⁶
651 1778 775 1836 eausa,
795 1756 1001 1824 adminicula
1015 1756 1140 1848 quibus
1158 1771 1351 1848 regantur,

279 1869 468 1962 applieunt3
489 1870 573 1938 alias
585 1871 852 1955 circumcidunt,
868 1897 912 1940 ne
923 1875 1162 1966 proceritatem
1174 1873 1357 1964 ramipre-

280 2001 371 2054 munt
382 1991 413 2071 ⁷3
429 1985 613 2078 quasdam,
631 1987 784 2057 infirmas
800 1989 881 2058 vitio
893 1990 981 2073 loci,
999 1991 1155 2058 nutriunt
1165 1983 1192 2073 ⁸3
1207 1988 1359 2079 quibus-

313 2252 335 2285 ι.
346 2232 459 2286 Plenior.
476 2231 533 2284 Hoc
550 2243 603 2300 est,
622 2230 694 2305 plura
714 2251 789 2283 com·
839 2231 924 2284 bulare
940 2231 1082 2284 immunem
1094 2251 1190 2306 pssum
1205 2231 1276 2284 bunc
1287 2253 1358 2286 vero

278 2309 426 2384 prehendit,
446 2307 528 2361 laxior
546 2321 597 2374 est,
615 2308 689 2362 latius
707 2321 789 2382 patet,
839 2323 904 2361 reete
917 2309 998 2365 lacere
1008 2311 1053 2382 qui
1065 2310 1192 2384 punienda
1203 2309 1300 2382 punit,
1315 2312 1357 2362 le-

278 2385 310 2438 ad
322 2384 405 2460 plures
417 2383 492 2437 simul
508 2396 583 2456 atque
601 2385 634 2436 sd
646 2384 718 2457 plura
730 2405 791 2458 per·
839 2388 910 2440 viora
920 2386 1059 2460 negligens.

278 2463 348 2516 tinet.
364 2463 432 2516 Nam
450 2461 538 2514 iubae
553 2461 670 2535 supplicii
682 2475 724 2514 aut
737 2481 791 2536 poe·
874 2466 897 2530 l.
913 2464 1017 2516 Parum
1030 2467 1092 2516 sani
1103 2465 1151 2516 sed
1159 2464 1291 2516 sanabilis
1306 2469 1358 2516 in-

279 2559 370 2591 natum
385 2551 483 2592 tantum
501 2538 613 2591 absentia
629 2551 683 2601 est;
703 2537 791 2590 inille
836 2545 915 2611 genii.
938 2541 1011 2610 Quos
1032 2542 1172 2614 peccavisse
1193 2541 1301 2612 quidem
1327 2545 1358 2594 in

278 2617 432 2671 innocentie
461 2615 596 2670 declaratio
626 2617 791 2670 continetur:
838 2617 968 2692 perspicuo
980 2631 1015 2671 est
1022 2619 1087 2682 ,sed
1095 2639 1150 2690 spes
1162 2618 1242 2670 multa
1255 2630 1293 2669 est
1306 2619 1358 2671 ali·

279 2694 353 2767 bujns
378 2695 559 2762 adminiculo,
581 2695 613 2748 ab
639 2695 789 2749 imminente
839 2695 940 2770 quando
953 2717 1006 2749 non
1017 2709 1168 2770 peccaturos.

279 2772 354 2826 exitio
366 2773 503 2827 liberamur
513 2796 520 2835 ς
530 2773 599 2826 illius
611 2793 688 2838 rere,
699 2774 731 2825 ab
742 2775 790 2826 esi·
872 2777 894 2828 5.
913 2778 1051 2846 Agricolas
1070 2776 1164 2838 bonos,
1184 2788 1230 2826 etc.
1246 2773 1361 2826 Similia

279 2852 315 2904 tio
328 2852 404 2906 simul
423 2865 447 2905 et
463 2851 543 2927 culpae
556 2851 713 2905 accusatione
726 2851 790 2903 rin·
839 2854 889 2924 jam
908 2853 994 2906 videre
1010 2852 1114 2928 potuisti
1129 2853 1194 2926 apud
1210 2851 1362 2916 Nostrum,

252 2969 257 2976 .
279 2929 355 2983 dicati
380 2929 511 2983 evadimus
527 2951 534 2994 ;
557 2928 713 2982 incolumem
735 2929 789 2982 bac
839 2931 869 2983 de
883 2933 923 2984 Ira
932 2969 939 2997 ,
948 2931 992 2984 lib.
1003 2931 1029 2996 l,
1042 2951 1095 3004 rap.
1108 2933 1140 2996 5,
1154 2933 1362 2999 5:quamqnam

279 3027 319 3060 me
340 3020 454 3082 prestat,
473 3007 534 3075 illa,
555 3007 711 3061 incolumem
732 3006 789 3077 qui·
838 3007 1291 3076 bicamedicodllnyopt'esmntuatus
1301 3021 1361 3069 αξη

279 3085 337 3139 dem
349 3124 355 3151 ,
368 3086 412 3139 sed
425 3099 449 3138 et
461 3086 593 3140 innoxium
604 3105 612 3148 ς
625 3085 684 3138 buic
696 3105 790 3156 eorpo-

279 3167 312 3219 ris
326 3164 424 3232 solum,
443 3165 482 3218 ilii
495 3163 607 3238 corporis
622 3175 696 3234 atque
709 3161 789 3214 animi

280 3243 371 3316 pariter
389 3243 517 3316 integritas
537 3259 604 3294 curte
622 3253 678 3292 est:
696 3239 787 3302 brevi,

280 3341 323 3394 per
331 3321 396 3373 bane
407 3321 459 3373 vite
466 3356 473 3384 ,
481 3339 526 3390 per
534 3318 603 3372 illam
613 3321 680 3370 lama
691 3319 790 3386 (l’lron-

280 3400 362 3462 neur)
377 3409 496 3450 servatur.

313 3493 336 3526 a.
347 3473 496 3530 Honestior.
503 3473 560 3526 Hoc
568 3485 618 3536 cst,
626 3473 788 3538 bonorati0r;

280 3553 349 3624 quod
367 3565 449 3628 patet,
464 3551 544 3605 modo
555 3550 694 3625 pauxillum
707 3563 789 3605 atten-

280 3631 355 3684 deris.

312 3708 338 3760 3.
349 3707 394 3762 De
403 3709 522 3762 verbo...
534 3713 654 3761 convenit.
669 3707 725 3760 Hoc
738 3720 788 3772 est,

280 3784 469 3838 misericordem
493 3805 539 3858 ego
559 3785 627 3838 bunc
652 3785 790 3856 voco,qui

280 3863 356 3915 etiam
364 3883 464 3936 poenam
472 3863 563 3935 justam
576 3883 628 3916 non
638 3865 715 3938 exigit
725 3887 732 3928 3
745 3865 790 3916 cle·

281 3955 393 3994 mentem
401 3942 446 4013 qui
457 3943 546 4014 justam
557 3943 647 4016 exigit,
659 3943 791 4016 injustam·

280 4039 329 4088 qne
341 4021 446 4073 remittit
454 4020 604 4090 emittitque.
615 4021 668 4073 Vos
679 4021 734 4074 brec
746 4042 790 4073 no·

282 4097 353 4149 mina
367 4096 407 4150 bis
423 4096 561 4150 convenire
577 4095 645 4149 baud
656 4097 787 4160 fatemini;

281 4174 396 4228 fatemini
405 4189 490 4228 tamen
498 4175 566 4227 bunc
575 4194 676 4246 peccare
687 4176 731 4246 qui
740 4197 788 4227 sce·

281 4253 370 4307 lestum
380 4267 403 4305 et
413 4273 464 4306 non
474 4251 660 4305 emendabilem
668 4253 729 4306 sinit
739 4273 789 4304 am·

839 3100 862 3139 et
875 3089 902 3138 in
917 3085 1022 3140 Consol.
1036 3085 1069 3138 ad
1084 3087 1164 3138 Mare.
1182 3105 1235 3158 cap.
1253 3083 1305 3150 15,
1323 3089 1339 3139 5
1351 3126 1361 3149 ,

839 3167 937 3238 adquae
949 3167 1004 3218 loca
1017 3167 1048 3217 cf.
1059 3177 1122 3217 nott.

872 3245 895 3296 ii.
905 3243 1073 3312 Depruoovit.
1083 3242 1188 3314 Proprie
1199 3241 1224 3292 b.
1236 3241 1253 3292 l.
1264 3261 1362 3294 sumas

839 3323 870 3374 de
888 3320 970 3396 ligura
980 3321 1076 3373 arboris
1090 3321 1220 3373 incurvata
1234 3317 1310 3385 (vid.
1326 3321 1363 3372 de

839 3403 895 3465 lra,
908 3403 953 3454 lib.
966 3402 975 3452 l
986 3438 993 3464 ,
1005 3421 1058 3473 cap.
1069 3401 1098 3462 5,
1111 3402 1126 3464 4
1137 3401 1157 3466 ).

873 3501 895 3546 7.
907 3478 1132 3547 Neprocen'tntem
1142 3477 1213 3526 romi
1217 3485 1361 3542 premant.

839 3557 896 3608 Hoc
908 3569 958 3619 est,
968 3575 999 3606 ne
1011 3553 1147 3626 precipuos
1159 3569 1258 3614 ramos,
1268 3569 1364 3618 quum

840 3637 866 3687 in
878 3633 1037 3687 altitudinem
1051 3645 1076 3684 et
1085 3628 1276 3702 longitudinem
1293 3647 1365 3680 ere-

838 3725 908 3765 scant
920 3711 1028 3763 maxime
1042 3707 1206 3782 spectabilem
1216 3705 1250 3757 ad
1260 3705 1364 3757 mino·-

839 3811 893 3844 rem
904 3791 1009 3842 modum
1019 3789 1155 3850 reducant,
1170 3804 1213 3836 eos
1225 3783 1365 3854 quodam-

839 3869 916 3922 modo
929 3865 1139 3941 comprimentes,
1157 3862 1221 3915 dum
1230 3860 1366 3912 surculo-

838 3967 895 3998 rum
912 3945 1005 3997 nimius
1017 3960 1136 3995 numerus
1147 3938 1260 4013 pondere
1270 3941 1366 3990 atterit

838 4043 883 4074 sno
895 4041 994 4075 ramum
1005 4059 1012 4084 ,
1025 4032 1050 4072 et
1056 4037 1143 4071 succus
1154 4037 1207 4088 quo
1220 4016 1299 4088 vigor
1308 4017 1363 4067 ad-

839 4101 906 4153 ditur
923 4095 1007 4151 arbori
1020 4098 1047 4149 in
1061 4095 1164 4148 inutiles
1176 4107 1201 4146 et
1211 4095 1265 4145 iere
1277 4116 1365 4160 npu-

839 4178 917 4237 σιἺους
928 4173 1082 4226 ramusculos
1094 4171 1223 4224 dilabitur.

871 4255 893 4304 8.
908 4253 1041 4304 Nutriant.
1054 4249 1239 4302 stercoratione
1249 4267 1363 4320 nempe.
