2926 4958
327 449 413 537 cxlvj
513 451 548 524 J·
574 451 736 520 LIPSII
762 451 1223 524 MANUDUCTIONIS

324 593 384 656 nisi
397 593 479 676 quod
492 589 676 668 Honestum,
692 594 801 656 amerit
815 617 822 653 :
835 593 1047 678 virtutemque
1063 597 1094 658 iu
1108 598 1194 660 omni
1207 619 1309 661 rerum
1320 613 1389 662 statu

323 701 445 762 beatam
455 701 641 784 judicatque
657 722 755 783 neque
764 715 909 784 augeatur
917 701 1055 784 corporis
1061 700 1173 781 Bouis,
1187 704 1237 767 rel
1252 708 1386 778 examin

323 829 422 890 neque
434 807 588 869 minuatur
604 807 748 870 adversis.
772 835 787 860 ιι
803 804 856 884 (ΙΙ
877 805 967 870 offic.
985 829 1051 890 cap.
1067 809 1120 888 3.)
1135 809 1185 872 Au
1200 811 1298 893 potuit
1312 812 1388 874 Zeno

322 917 462 1001 capitalia
472 917 529 978 ista
539 911 693 998 Dogmata
703 913 841 976 disertius
851 913 980 976 efferre?
993 911 1035 976 Et
1042 917 1138 992 vides,
1150 917 1221 998 quid
1231 919 1354 980 sentiant
1362 934 1389 981 et

321 1023 509 1085 consentiant
523 1021 630 1082 nostri.

541 1191 544 1210 Ι
626 1244 970 1310 DISSERTATIO
991 1245 1088 1310 xxt.

319 1395 438 1478 Aliquid
449 1397 480 1454 in
491 1394 546 1454 duc
565 1413 594 1452 re
605 1391 702 1454 contra
717 1392 905 1454 Academicus
917 1419 928 1452 .·
943 1405 972 1454 ct
981 1415 1037 1456 non
1050 1397 1148 1458 venire
1161 1395 1192 1455 in
1206 1395 1287 1456 Boni
1294 1419 1388 1456 nomen

780 1499 925 1562 Ewtema.

355 1689 543 1752 Mauntrtca
567 1688 677 1772 igitur,
703 1703 792 1770 atque
810 1690 903 1751 etiam
919 1710 992 1752 vera
1011 1691 1069 1752 ista
1088 1689 1235 1752 sententia
1257 1711 1264 1748 :
1285 1703 1391 1752 tenea-

312 1817 401 1872 mus,
426 1795 614 1876 sciamusque
640 1821 655 1849 ιι
663 1793 768 1856 Unam
787 1793 866 1857 hauc
883 1816 948 1857 esse
966 1795 1048 1858 viam
1069 1798 1108 1858 ad
1128 1808 1190 1859 tuta
1205 1797 1342 1873 radenti,
1363 1811 1394 1858 et

312 1893 448 1958 Externa
464 1895 641 1980 despicere,
666 1907 697 1956 et
713 1891 853 1957 Honesta
869 1907 1045 1957 contentum
1061 1917 1138 1958 esse.
1150 1925 1165 1950 ιι
1187 1894 1280 1976 (Seu.
1298 1895 1394 1980 Epis-

310 2003 364 2066 tol.
377 2001 506 2084 ΜΝ.)
522 2002 605 2063 Auo.
620 2000 737 2064 lucliuo
752 2001 909 2082 equidem,
923 2005 976 2064 sed
985 2001 1157 2066 Academiae
1169 2003 1280 2066 veteris
1290 2017 1396 2066 aucto-

312 2109 386 2172 ritas
397 2109 488 2170 etiam
502 2107 612 2170 retinet
634 2131 642 2168 ε
660 2107 708 2169 cui
721 2107 838 2192 visurn,
861 2104 918 2168 «ln
928 2127 989 2169 uua
999 2107 1119 2190 quidem
1130 2108 1252 2170 Virtute
1262 2109 1394 2192 positam

309 2213 440 2277 Beatam
451 2213 566 2290 vitam,
582 2234 644 2275 non
655 2227 760 2275 tamen
775 2212 1010 2286 Beatissimam;
1030 2213 1089 2274 nisi
1108 2215 1341 2298 adjungerentur
1361 2228 1393 2275 et

310 2319 461 2404 Corporis
475 2319 574 2396 bona,
591 2334 621 2381 et
629 2332 730 2382 cetera
740 2321 779 2380 ad
790 2318 908 2381 virtutis
918 2339 1007 2380 usum
1019 2319 1136 2382 idonea.
1156 2347 1170 2374 ιι
1190 2307 1392 2399 (Cic-lAca-

311 2427 413 2504 dem.)
428 2421 471 2487 Et
486 2424 627 2488 hercules
648 2423 799 2486 rationem
817 2422 932 2486 habere
955 2425 1103 2487 sententia
1123 2425 1250 2488 videtur.
1275 2425 1390 2488 Nouue

308 2534 396 2596 enim'
403 2530 554 2595 Naturam
568 2530 652 2613 sequi
667 2529 891 2608 consentimus,
907 2530 939 2592 in
953 2529 1002 2594 via
1016 2530 1074 2593 hac
1090 2527 1256 2594 Felicitatis
1271 2533 1279 2592 l
1294 2530 1392 2614 Atqui

308 2639 459 2723 Corporis
473 2637 576 2714 bona,
591 2637 654 2699 sive
668 2637 700 2699 iu
713 2651 777 2699 toto
794 2656 850 2715 eo,
861 2651 895 2698 ut
908 2619 1078 2716 Valetudo,
1092 2653 1121 2699 et
1132 2635 1241 2700 Robur
1257 2662 1264 2698 ε
1282 2639 1394 2702 sivein

308 2746 449 2810 Partibus
460 2791 469 2824 ,
479 2757 513 2806 ut
520 2741 671 2806 sensuum
680 2744 855 2827 integritas,
868 2741 985 2806 Pedum
992 2743 1131 2807 celeritas
1145 2768 1152 2805 ι
1163 2744 1233 2823 illa,
1245 2745 1393 2828 inquam,

308 2855 412 2918 omnia
427 2867 457 2916 et
470 2852 586 2936 singula
601 2854 795 2916 commendat
804 2852 1003 2935 conciliatque
1017 2853 1092 2924 mihi
1102 2852 1231 2916 Natura.
1241 2853 1318 2916 Jam
1330 2853 1399 2917 Ex·

308 2977 394 3025 terna
406 2960 508 3038 bona,
523 2958 607 3042 lUsui
627 2959 745 3022 virtutis
766 2980 805 3020 au
823 2978 885 3020 uon
905 2958 1007 3042 palam
1026 2961 1216 3040 necessaria,
1239 2975 1291 3023 aut
1306 2977 1399 3026 certe

308 3070 480 3144 commoda,
495 3081 526 3128 et
538 3067 671 3130 decora?
686 3064 791 3147 ltaque
803 3067 913 3128 merito
929 3085 1036 3127 eorum
1052 3067 1193 3150 adjectio,
1206 3065 1310 3132 Beatae
1321 3069 1398 3132 vitae

307 3176 439 3258 adjicere
452 3173 589 3236 videatur
596 3195 606 3251 3
620 3185 651 3234 et
663 3171 834 3248 detrahere,
850 3171 1006 3235 detractio.
1018 3169 1103 3236 Sicut
1115 3173 1147 3234 iu
1161 3193 1271 3236 acervo
1286 3175 1397 3257 majus

307 3280 471 3344 autminus
485 3291 548 3356 eat,
564 3293 609 3340 tot
621 3277 731 3340 modiis
745 3277 852 3340 additis
864 3278 927 3340 sive
943 3278 1073 3360 demptis
1089 3300 1097 3338 ι
1112 3293 1148 3340 et
1162 3293 1267 3341 manet
1279 3292 1396 3342 umen

306 3402 433 3445 aceruus
447 3403 453 3440 :
469 3379 511 3442 ita
523 3379 582 3442 hic
596 3376 681 3440 Lus.
697 3377 769 3440 Nou
786 3377 937 3440 nescimus
947 3377 1010 3442 huc
1021 3391 1052 3441 et
1062 3378 1341 3457 Academicorum,
1357 3395 1395 3443 et

305 3487 576 3573 Peripateticorum
588 3507 654 3549 esse
666 3511 674 3548 ι
686 3486 737 3569 qui
748 3531 757 3564 ,
769 3499 802 3547 ut
815 3499 919 3548 noster
929 3486 990 3566 ait,
1003 3513 1018 3540 «ι
1026 3486 1117 3571 longe
1128 3487 1247 3569 lateque
1263 3485 1396 3550 Felici-

302 3595 675 3660 tatishumauactenniuos
684 3606 809 3677 pouuut.
819 3620 834 3648 ιι
846 3591 1028 3673 (DeBeuel.
1037 3593 1080 3673 V,
1096 3616 1162 3680 cap.
1172 3595 1201 3657 3.
1211 3593 1288 3675 )llle
1298 3596 1397 3658 idem

304 3707 342 3766 dc
357 3704 409 3766 iis:
427 3701 635 3764 «Xenocrates
646 3697 866 3783 etSpeusippus
882 3714 1004 3784 putant,
1021 3699 1150 3764 Beatum
1164 3699 1213 3765 vel
1230 3702 1296 3764 sola
1308 3701 1397 3764 vir-

303 3823 366 3874 tute
378 3811 443 3872 lieri
453 3830 544 3893 posse
555 3831 562 3870 :
575 3829 639 3870 nou
650 3821 754 3869 tamen
764 3806 870 3869 Unum
879 3807 994 3870 honum
1006 3829 1091 3886 esse,
1109 3809 1190 3890 <prod
1205 3805 1397 3870 Honestum

303 3931 357 3981 est.
369 3945 384 3972 ιι
399 3916 473 4001 (Ep.
485 3915 618 3998 cxxxv.)
629 3915 665 3977 ld
679 3929 740 3992 est,
754 3915 813 3978 alia
828 3915 920 3978 etiam
931 3914 1019 3978 Boua
1030 3916 1133 3980 venire
1149 3917 1180 3978 iu
1193 3937 1370 3978 umerum
1382 3964 1394 3994 ,

302 4039 333 4087 et
343 4025 460 4107 pondua
470 4025 592 4100 addere,
606 4035 637 4084 et
648 4021 799 4098 attollere,
807 4021 857 4084 vel
871 4021 1043 4104 deprimere
1053 4019 1217 4086 Felicitatis
1226 4021 1309 4086 hauc
1319 4023 1398 4086 lan-

301 4153 378 4192 cem.
394 4129 499 4212 ltaque
515 4157 530 4183 ιι
541 4127 716 4212 Sapientem
727 4128 849 4209 quidem
860 4127 983 4189 beatum
998 4151 1005 4188 :
1019 4149 1171 4190 summum
1184 4141 1289 4190 tamen
1304 4128 1398 4190 iliud

300 4237 422 4298 Bonum
439 4257 502 4298 nou
519 4235 656 4318 assequi,
675 4235 734 4298 nisi
755 4233 801 4295 illi
818 4247 847 4297 et
867 4235 1014 4297 naturalia
1032 4235 1229 4298 iustrumenta
1245 4258 1398 4320 respon-

298 4347 419 4408 deant.»
432 4341 551 4426 (Epist.
563 4345 659 4422 κου.)
679 4340 781 4422 Qua,
800 4344 881 4423 quod
901 4342 982 4404 iuter
996 4342 1079 4425 ipsos
1095 4339 1215 4408 Stoicos
1231 4342 1334 4426 aliqui
1355 4343 1396 4412 in
