2930 4956
280 377 396 463 lxxvttj
459 375 491 442 ι.
518 373 684 453 mesu
709 369 1180 444 ιιιιιιιιιιιιιιοιιιε.

281 517 334 592 tit,
344 516 435 580 facile
443 518 482 579 ad
492 515 623 580 confinia
636 515 824 580 declinantis.
834 513 978 582 Clausula
992 527 1042 578 tm
1054 528 1134 592 erat,
1146 517 1184 578 de
1195 508 1358 578 Modestia.

282 620 338 686 Dii
353 622 426 685 boni
439 667 449 696 ‚
465 623 534 706 qtsis
546 624 642 706 magis
657 623 759 686 amat?
778 625 852 705 quin
866 623 891 685 si
904 633 967 684 tota
977 619 1132 706 Sapientia
1145 621 1234 685 nobis
1248 624 1337 686 detur
1349 671 1358 698 ,

284 749 354 792 cum
368 729 505 810 adjuncta
517 727 668 813 Superbia
684 753 691 790 ε
709 749 891 813 spernamus
903 727 963 790 hoc
972 726 1220 806 wutubernium
1237 743 1267 792 et
1278 729 1361 793 noli-

285 857 353 898 mus
361 857 455 920 yungr.

587 1031 930 1100 DISSERTATIO
955 1033 1057 1096 XVI.

286 1193 377 1254 tattem
391 1193 505 1253 luuduta'
518 1217 527 1252 ι
540 1201 568 1252 rt
580 1193 651 1274 qus'd
665 1195 697 1251 in
708 1193 837 1271 partibus
852 1189 1042 1272 Philosophie
1052 1192 1255 1272 prostiterint:
1270 1191 1365 1276 deque

600 1301 638 1358 iis
651 1302 700 1358 vet
708 1297 932 1358 adsersus-ictum
943 1298 1046 1374 elogia.

230 1467 232 1480 '
326 1467 390 1532 Sed
401 1482 518 1532 scutum
529 1468 712 1532 detensionis
723 1469 795 1532 satis
805 1489 864 1551 ego
872 1469 1006 1551 praetuli,
1019 1481 1050 1530 et
1058 1468 1177 1532 sinistra
1188 1489 1255 1548 sutn
1265 1489 1338 1530 usus
1352 1489 1361 1524 ι

286 1567 370 1636 lubet
380 1576 473 1636 etiam
483 1576 587 1637 dextra
599 1620 609 1650 ‚
620 1587 651 1637 et
659 1575 740 1637 veris
751 1595 805 1638 eos
814 1573 954 1636 laudibus
965 1594 1122 1636 exornare.
1133 1556 1364 1657 Philosophiam

287 1681 313 1743 si
328 1681 534 1744 examinamus
546 1705 554 1752 ;
568 1701 660 1744 uento
676 1681 805 1756 abnuet,
817 1695 880 1742 tres
893 1681 925 1742 iu
937 1701 973 1742 ea
986 1695 1089 1765 partes
1101 1701 1186 1755 esse,
1196 1677 1361 1764 Logicam‚

287 1786 467 1872 Physicam,
482 1784 624 1849 Etbicam
644 1811 652 1846 :
669 1801 700 1848 et
713 1786 805 1868 quiin
816 1785 957 1870 singulis,
973 1800 1024 1847 aut
1035 1785 1176 1848 omnibus
1186 1787 1362 1860 emineant,

287 1915 353 1958 esse
371 1893 547 1956 laudandos.
566 1891 628 1956 Sed
646 1893 678 1954 in
694 1893 853 1968 omnibus,
873 1914 977 1954 rarum
989 1919 997 1965 ;
1019 1907 1050 1956 et
1067 1913 1139 1955 rere
1157 1891 1217 1955 boc
1236 1913 1272 1956 ac
1286 1893 1364 1957 scite

287 1998 462 2064 Plutarchus
486 2023 494 2060 t
515 2029 530 2055 α
541 1998 698 2081 Quosdam
709 1999 985 2084 philosophantium
995 2000 1101 2064 avibus
1115 1999 1230 2062 similes
1244 2002 1363 2075 videri,

288 2107 341 2188 qui
361 2106 481 2168 levitate
501 2109 631 2188 quadarn
653 2121 684 2168 et
701 2106 866 2168 ambitione
885 2106 997 2190 ingenii
1016 2107 1088 2168 elati
1108 2106 1168 2168 alta
1188 2119 1310 2189 petunt,
1332 2122 1367 2169 et

288 2211 416 2298 Physica
431 2226 602 2280 scrutantur
611 2225 736 2274 tautum.
752 2212 841 2274 Alios
850 2211 995 2288 canibus,
1016 2213 1067 2293 qui
1085 2212 1200 2275 laniare
1220 2227 1251 2274 et
1270 2213 1367 2276 velli-

289 2341 359 2382 care
373 2319 475 2388 aviti.
491 2319 549 2384 soli
564 2315 686 2402 Logicae
702 2318 929 2394 adhaerescunt,
951 2333 985 2380 ut
999 2318 1095 2402 pelli,
1112 2333 1143 2381 et
1159 2319 1242 2382 inea
1258 2320 1364 2382 rixan-

289 2438 358 2500 tur,
381 2438 411 2486 et
431 2438 567 2486 mentem
587 2425 626 2486 ad
649 2423 795 2486 ulteriora
816 2445 877 2486 nun
897 2425 1058 2486 mittunt.»
1076 2424 1150 2504 (De
1167 2424 1310 2490 Profecto
1330 2428 1365 2488 iu

289 2528 544 2608 Virt.)Pr0leoto‚
556 2531 599 2592 mi
608 2532 796 2608 adolescens,
808 2532 928 2615 sapiens
937 2531 990 2593 ille
1001 2532 1130 2616 scriptor
1139 2533 1223 2612 (talis
1230 2547 1291 2606 est,
1305 2535 1365 2596 etsi

289 2635 398 2700 Stoicis
408 2657 520 2721 parurn
527 2633 642 2720 equus)
653 2659 721 2699 rem
730 2639 827 2721 attigit
840 2662 848 2698 ε
862 2651 891 2700 et
901 2638 933 2699 in
943 2637 1239 2721 bodie-pbilosophis
1249 2659 1287 2699 an
1298 2659 1365 2701 non

289 2763 368 2825 saepe
383 2743 536 2818 obtineat,
549 2757 578 2805 te
589 2744 719 2826 judicem
730 2745 847 2806 addico.
861 2743 903 2804 At
919 2741 1015 2806 Stoici
1030 2745 1126 2806 nostri
1141 2765 1247 2806 ornnes
1259 2759 1367 2828 partes

290 2848 440 2930 complexi
449 2849 552 2910 auimo
563 2863 594 2910 et
604 2849 723 2933 scriptis
729 2862 815 2910 sunt:
827 2846 973 2932 Logicam
981 2849 1026 2911 sic
1033 2862 1182 2923 accurate,
1189 2847 1366 2936 Chrysippo

290 2955 459 3037 praesertim
473 2969 625 3038 prmetmte
634 3001 644 3030 ,
653 2969 687 3016 ut
703 2956 733 3016 in
746 2957 838 3018 modo
852 2975 993 3038 peccasse
1000 2956 1146 3017 modestis
1157 2955 1274 3036 judiciis
1285 2977 1367 3039 pos—

291 3061 350 3122 sint
368 3061 472 3122 videri.
492 3060 609 3144 Repete
624 3063 774 3124 memoria
791 3084 858 3143 que
874 3077 944 3126 ante
959 3063 990 3123 in
1003 3059 1176 3150 Chrysippo
1192 3061 1368 3140 dixi.(Dis-

291 3174 363 3228 sert.
374 3169 427 3244 ιι.)
436 3166 511 3228 Jam
523 3167 554 3232 in
567 3165 692 3252 Physica
704 3167 842 3250 prolecto
853 3180 980 3252 regnaut
992 3192 1000 3228 ι
1014 3182 1044 3230 et
1055 3167 1184 3230 mantue
1199 3166 1229 3228 in
1240 3167 1367 3230 sublimi

291 3274 343 3336 illa
357 3287 387 3336 et
401 3273 539 3360 principe
554 3275 618 3356 ejus
627 3288 736 3358 parte,
758 3295 824 3356 qun
838 3273 942 3337 Deum
958 3288 989 3336 et
998 3275 1099 3336 divina
1116 3274 1221 3358 tangit.
1234 3273 1313 3356 Quis
1327 3275 1367 3336 de

291 3381 365 3457 ino,
391 3383 428 3444 de
449 3381 538 3459 istis,
562 3381 593 3443 id
614 3394 659 3444 est
683 3379 783 3456 Fato,
802 3379 1021 3456 Providentia,
1046 3379 1177 3453 Geniis,
1202 3379 1365 3458 subtilius,

292 3487 433 3561 uberius,
449 3489 549 3550 verius
564 3489 706 3571 scripsit?
726 3487 777 3550 Ne
789 3488 901 3550 invidia
915 3489 954 3549 sit
967 3489 1084 3564 dicere,
1101 3509 1163 3550 non
1176 3488 1275 3550 omnis
1290 3487 1368 3570 phi·-

291 3593 491 3679 losopborum
512 3615 640 3670 manus,
662 3594 734 3656 siin
752 3615 846 3654 unum
861 3593 1043 3656 conteratur.
1063 3592 1162 3675 Atque
1179 3593 1244 3659 hnc
1259 3595 1368 3656 omnia

291 3715 393 3762 tamen
409 3702 447 3761 ad
459 3698 616 3774 Etbieam‚
630 3721 702 3762 rere
715 3714 851 3762 nostram
861 3714 997 3782 partem,
1011 3714 1041 3762 et
1054 3721 1204 3783 gerniauae
1217 3698 1367 3764 Philoso-

292 3805 370 3889 pbiee
381 3806 489 3882 ΐιιιιιιι,
499 3807 667 3890 diriguntur
681 3830 690 3864 ¹:
708 3827 765 3868 uec
778 3805 839 3868 alio
850 3804 997 3868 lectorem
1008 3827 1098 3868 suum
1111 3808 1239 3879 ducunt,
1255 3805 1315 3868 nisi
1327 3806 1368 3868 ad

293 3911 464 3974 Honestum
471 3925 501 3975 et
510 3911 834 3992 att'inutem.Quanti
846 3912 876 3972 in
888 3912 1037 3974 istasunt!
1050 3933 1142 3993 quam
1150 3912 1203 3974 alti
1211 3923 1244 3972 et
1253 3911 1367 3976 erecti!

292 4039 385 4102 quam
402 4018 505 4078 omnia
522 4017 653 4080 bumana
664 4017 782 4080 calcant
795 4030 847 4078 aut
863 4031 1029 4101 spernunt,
1051 4031 1081 4078 et
1101 4017 1256 4078 bominem
1272 4037 1368 4100 supra

292 4125 449 4187 bominem
458 4123 587 4186 tollunt!
610 4123 691 4208 Lege
704 4147 818 4208 paucos
831 4145 886 4186 eos
901 4124 1015 4198 libros,
1030 4126 1081 4205 qui
1096 4137 1232 4200 exstant,
1247 4123 1295 4186 vel
1307 4121 1370 4186 Se-

294 4254 376 4298 necae
391 4231 440 4296 vel
453 4229 585 4316 Epicteti
602 4256 609 4292 :
626 4231 780 4298 Virtutem
796 4233 894 4316 ipsam
908 4232 1062 4318 scripsisse
1079 4233 1181 4308 dicas,
1200 4245 1232 4296 et
1247 4231 1369 4296 semina
