2930 4956
273 477 341 560 xxii
516 473 587 542 DE
610 475 740 545 vt‘ra
764 475 833 544 ET
856 475 1102 546 SCRIPTIS

274 615 686 699 Quidlsrminaebascinrrit,
700 623 942 703 etqnomarito,
956 622 987 682 in
1001 621 1167 685 notismeis
1178 620 1219 684 ibi
1230 622 1341 686 duces.

276 721 478 806 Sed··.quando
494 729 674 808 quaesturam
694 727 841 810 gesserit,
857 729 939 791 hand
955 728 1069 810 liquido
1082 729 1145 791 scio
1162 742 1258 791 :aetas
1277 749 1343 791 non

277 831 398 908 abnuit,
411 845 445 894 ut
454 833 510 894 snb
527 833 653 896 Tiberio
666 857 675 894 ε
687 835 785 918 potnit
792 849 824 898 et
836 833 995 913 srabCaio,
1010 856 1107 917 neque
1119 835 1193 898 libet
1204 834 1341 898 definire.

273 937 352 1000 lllud
372 939 489 1022 magis,
510 953 674 1023 praeturum
696 943 796 1004 statim
813 942 854 1004 ab
872 942 977 1004 exsilio
994 942 1121 1026 gessius
1138 987 1147 1019 ,
1172 940 1340 1026 Agrippina

273 1043 410 1106 faciente.
422 1041 468 1106 lta
478 1045 560 1106 enim
568 1043 691 1121 Tacitus
705 1070 712 1106 ε
727 1046 912 1131 sbgrippina
922 1047 1043 1111 reniam
1052 1045 1340 1130 eradiiproAnnaeo

275 1147 407 1218 Seneca.
418 1151 506 1212 simul
520 1165 679 1235 protanam
690 1153 832 1236 impetrat
844 1158 877 1234 (a
888 1152 1026 1236 mar-ito),
1038 1155 1138 1216 letmn
1150 1153 1343 1238 inpubliemn

275 1269 360 1333 rata,
378 1255 420 1318 ob
440 1256 649 1334 claritudinem
667 1259 832 1325 studiorum
852 1261 938 1343 ejus,
959 1273 1050 1344 utque
1066 1259 1196 1324 Domitii
1213 1259 1342 1344 pueritia

274 1361 327 1424 tali
344 1363 487 1446 magistro
498 1364 700 1442 adolesceret,
717 1378 748 1428 et
759 1365 891 1430 consiliis
905 1367 1038 1450 ejusdem
1050 1369 1088 1431 ad
1102 1387 1187 1450 spem
1200 1367 1346 1429 domina-

275 1469 365 1531 tionis
384 1482 527 1532 uteretur.
542 1498 560 1527 a
575 1469 660 1552 (Xll
675 1471 787 1536 Annei.
797 1476 811 1552 )
823 1471 940 1549 Vides,
958 1485 1122 1560 praetorem
1143 1473 1242 1536 statim
1263 1473 1346 1535 desi-

275 1588 398 1657 gnatum
407 1571 421 1654 ¹,
449 1589 479 1640 et
503 1576 607 1640 laudes
625 1579 792 1660 dotesque,
814 1599 890 1660 quas
907 1577 1030 1644 Tacitus
1055 1579 1179 1642 candide
1200 1579 1348 1663 adjrmgit.

276 1678 371 1764 Vulgi
396 1681 598 1760 benivolentia
621 1703 659 1746 eo
675 1683 754 1748 lacto
776 1684 1012 1756 conciliciatum
1033 1684 1102 1767 qrsia
1121 1685 1182 1767 jam
1199 1683 1288 1767 mlgo
1311 1683 1345 1746 in

277 1807 331 1850 ore
349 1801 379 1852 ct
393 1789 489 1871 gratia
507 1785 645 1866 Seneca,
664 1790 699 1850 od
713 1790 909 1854 clurinadr‘nsrn
923 1791 1097 1862 statatum
1109 1791 1236 1873 deniqne
1248 1792 1302 1852 teli
1313 1803 1348 1852 et

276 1907 360 1956 tanto
374 1897 508 1974 magutsu
523 1895 648 1958 volebat
661 1893 832 1958 Domitium
852 1917 939 1960 sunm
955 1917 1113 1970 cresceres
1128 1897 1258 1980 maraque
1271 1917 1348 1958 con-

277 2003 350 2062 sitiis
367 2003 427 2083 ejus
441 2005 527 2079 (nota
541 2001 661 2064 civilem
671 2003 881 2084 pmdeutiam)
892 2004 932 2067 ad
948 2005 1114 2086 parandum
1124 2000 1348 2086 principatum,

278 2109 376 2170 sedet
394 2109 579 2190 regendum,
600 2107 664 2168 niti.
679 2105 765 2192 Ergo
785 2120 896 2191 praetor
919 2129 1000 2170 anno
1017 2107 1101 2170 urbis
1125 2121 1225 2170 occult
1255 2105 1312 2168 liait
1338 2129 1346 2162 ι

278 2212 423 2293 numquid
447 2226 553 2296 postea
575 2227 606 2274 et
629 2212 757 2285 consul?
789 2212 953 2278 Affirmant
978 2213 1049 2278 libri
1075 2214 1199 2297 legum,
1222 2215 1260 2276 ad
1284 2209 1349 2276 SC.

279 2317 529 2390 Trebellianum
551 2332 583 2380 nt
602 2317 752 2401 Ulpianus
774 2342 781 2378 :
801 2317 1037 2402 «Temporibus
1057 2318 1212 2394 Neronis,
1237 2331 1348 2382 octavo

280 2423 409 2488 Kalend.
425 2423 631 2509 Septembres,
643 2425 761 2488 muno
772 2423 888 2490 Seneca
899 2438 929 2488 et
942 2425 1099 2490 Trebellio
1111 2423 1247 2506 Maximo
1258 2421 1350 2488 Coss.

279 2529 392 2594 iactmu
414 2545 460 2593 est
479 2529 798 2608 Senatus-consultum.
813 2559 829 2587 ι»
841 2530 926 2596 ldem
941 2532 972 2594 in
990 2531 1156 2602 Justiniani
1172 2529 1203 2597 Il
1222 2528 1351 2592 institu-

280 2637 397 2700 tionmn
408 2636 562 2721 scriptum.
575 2636 637 2720 Qui
656 2651 758 2702 antem
771 2638 863 2702 fastos
874 2637 963 2700 nobis
984 2639 1200 2702 concinnarunt
1211 2683 1220 2711 ,
1236 2637 1352 2700 iacismt

280 2743 337 2806 bos
357 2743 495 2807 consules
512 2743 928 2835 suffectanum-ordinarii
949 2763 1010 2806 non
1032 2742 1174 2827 inerrant)
1188 2764 1266 2806 anno
1293 2765 1353 2804 nr-

281 2849 328 2912 bis
341 2866 462 2912 ucccxv
478 2873 485 2909 :
501 2851 581 2930 quod
595 2863 695 2926 esset,
716 2871 795 2912 anno
810 2863 840 2911 et
858 2849 961 2933 paucis
978 2848 1132 2912 mensibus
1145 2861 1213 2912 ante
1224 2846 1354 2910 Senecae

281 2963 421 3013 mortem.
442 2949 561 3032 Aliquis
587 2951 624 3012 de
651 2963 712 3012 tota
738 2972 771 3012 re
785 2950 899 3014 dubitet
918 2949 1061 3023 sortasse;
1084 2950 1154 3032 quia
1176 2948 1350 3024 Ausonius,

282 3056 459 3120 Gratiarum
469 3057 586 3120 actione
596 3056 698 3140 palam
715 3081 722 3115 :
738 3053 852 3118 «Dives
862 3053 997 3136 Seneca,
1014 3077 1071 3120 nec
1083 3069 1185 3118 tamen
1196 3055 1321 3120 consul:
1337 3084 1352 3107 »ι

281 3165 413 3244 itemque
430 3185 486 3226 nec
505 3163 568 3248 ipse
590 3161 705 3227 Seneca
723 3164 861 3248 meminit
879 3184 1005 3244 usquam
1029 3163 1116 3246 hujus
1136 3162 1277 3236 honoris,
1295 3163 1353 3224 etsi

282 3269 424 3354 epistolas
434 3269 593 3351 plerasque
604 3281 674 3331 tunc
685 3269 809 3351 scripsit
822 3265 1005 3351 Respondeo
1018 3290 1025 3328 ε
1039 3271 1076 3331 de
1087 3267 1243 3341 Ausonio,
1257 3267 1349 3330 intel-

281 3379 435 3460 ligendum
448 3373 644 3438 Ordiuarium
656 3373 843 3437 consulatum
856 3373 952 3436 videri
965 3399 972 3434 ι
987 3376 1024 3436 de
1043 3374 1109 3457 ipso
1121 3387 1226 3437 nostro
1238 3419 1247 3446 ,
1261 3375 1354 3437 silen-

225 3469 229 3476 ’
281 3485 354 3544 tium
382 3503 443 3543 non
470 3503 536 3543 esse
558 3481 758 3565 negationem.
777 3478 839 3542 Sed
856 3480 915 3544 hoc
937 3480 1028 3542 etiam
1050 3482 1149 3555 addo,
1171 3499 1232 3541 non
1253 3480 1353 3542 videri

283 3591 360 3652 bene
372 3590 528 3672 digessisse
543 3585 704 3650 Fastomm
724 3587 952 3650 concinnatores
970 3607 1090 3669 :neque
1108 3586 1162 3649 illo
1181 3606 1260 3648 anno
1273 3607 1354 3669 pro-

282 3698 361 3758 fecto
384 3695 448 3756 suit.
474 3695 556 3756 Nam
587 3715 656 3757 ecce
690 3695 790 3755 statim
815 3693 900 3755 initio
932 3693 1023 3769 anni,
1055 3692 1178 3754 Tacitus
1198 3704 1354 3753 memorat

283 3801 415 3880 (Annal.
436 3799 537 3878 xlv)
557 3801 766 3883 refrigeratam
788 3801 852 3883 ejus
870 3800 948 3882 apud
972 3797 1129 3860 Neronem
1145 3799 1294 3881 gratiam,
1322 3809 1354 3858 et

284 3908 516 3970 calumniatores
533 3905 617 3968 varie
635 3905 790 3967 vellicasse
812 3918 925 3986 :atque
944 3903 1042 3988 ipsum
1061 3904 1196 3966 animosa
1215 3903 1355 3965 oratione

284 4013 452 4097 principem
468 4013 650 4088 accessisse,
667 4023 869 4074 commeatum
884 4024 1058 4095 petentem,
1077 4023 1108 4072 et
1125 4029 1199 4092 opes
1213 4029 1281 4071 suas
1298 4031 1357 4070 re·-

284 4121 466 4182 srmdentem.
484 4118 557 4181 Non
575 4117 695 4181 admisit
715 4117 835 4199 quidem
854 4115 939 4179 Nero
957 4137 964 4173 e
980 4119 1033 4178 sed
1047 4129 1148 4178 tamen
1173 4111 1288 4177 Seneca
1314 4115 1358 4176 ab

284 4247 321 4286 eo
337 4240 474 4310 tempore
496 4227 601 4305 (addit
611 4221 791 4301 Cornelius)
805 4253 819 4277 «
835 4221 971 4284 instituta
987 4221 1098 4307 prioris
1116 4219 1255 4304 potentiae
1271 4239 1360 4281 com-

284 4343 397 4410 mutat,
422 4331 563 4415 prohibet
586 4344 678 4394 coetus
708 4330 918 4406 salutantium,
947 4331 1020 4392 vitat
1044 4329 1238 4402 comitantes,
1265 4346 1357 4388 rarus
