2896 4958
308 447 449 514 ccxxxiv
493 445 524 513 J.
551 447 714 517 LIPSII
740 451 1205 523 MANUDUCTIONIS

309 587 427 648 strictas
439 611 447 657 t
462 607 535 649 nam
549 587 661 671 excipit
678 617 693 644 a
705 587 946 658 Damnationem
957 593 1132 679 publicam,
1149 621 1163 648 u
1176 594 1275 675 qualis
1291 595 1324 656 in
1334 589 1389 658 So

307 705 400 767 crate,
413 706 443 754 et
451 689 568 759 Seneca
574 692 633 772 ¹fuit
645 717 653 756 c
667 696 778 780 excipit
787 725 803 752 «ε
818 695 939 762 Graves
950 721 1036 763 casus
1049 723 1056 759 c
1070 728 1085 754 »ι
1096 699 1205 783 excipit
1216 713 1386 764 extremam

309 795 800 882 “Paupertatemetignominiamt
811 805 941 886 »adquae
951 806 1060 889 capita,
1068 805 1185 886 reliqua
1196 804 1261 868 l'ere
1274 805 1386 867 trahas.

306 901 419 988 Culpat
433 908 576 968 duntaxat
592 927 683 986 eum,
701 933 715 962 ι
730 909 781 990 qui
793 910 927 993 ignavia,
953 924 984 974 ct
998 911 1096 974 timidi
1108 911 1203 972 animi
1228 910 1388 972 imbecilli·

304 1023 366 1074 tate
382 1007 524 1096 injustam
537 1013 718 1076 sententiam
731 1013 763 1076 in
779 1016 946 1094 sstulerit,
965 1031 1178 1099 exsecutusque
1189 1017 1259 1079 sit.»
1275 1015 1318 1080 Et
1331 1038 1385 1078 nos

305 1117 409 1182 hercle
422 1121 609 1182 damnamus.
618 1117 679 1182 Sed
688 1122 873 1201 quammulti
882 1123 934 1184 alii
945 1126 984 1186 ad
992 1131 1158 1208 αὑτοχιὲρὶαν
1173 1125 1246 1202 (sui
1256 1120 1386 1199 interfic-

306 1225 431 1305 tionem)
445 1227 535 1290 istam
550 1226 674 1288 monitis
687 1228 735 1290 vel
748 1229 834 1292 factis
845 1229 979 1292 ducunt?
995 1229 1072 1314 Aiax
1085 1233 1165 1314 apud
1175 1227 1362 1313 Sophoclem
1375 1253 1382 1288 :

502 1358 607 1426 Αἰσχρὶν
616 1359 660 1425 γὰρ
670 1357 745 1427 ἄνδρα
755 1365 795 1409 τοῦ
807 1367 895 1427 μηροῦ
908 1361 1004 1427 χρῆζιιν
1015 1360 1087 1428 βίον,

507 1455 619 1500 liuticis
636 1449 699 1508 ὅστις
708 1449 782 1514 pudic
793 1450 967 1508 liallcicccrtu·

508 1539 576 1590 Nam
588 1551 660 1612 torpa
671 1538 748 1591 uitam
763 1538 887 1592 diutinam
897 1539 954 1592 viro
964 1539 1030 1613 peti,

502 1629 647 1682 Maliacum
659 1649 715 1700 quaa
727 1630 863 1684 liberatura
876 1630 945 1684 baud
956 1633 1011 1684 sict.
1057 1631 1107 1697 (ln
1118 1630 1195 1700 Aiace
1205 1631 1336 1706 flagellis.)

305 1763 346 1828 Et
361 1780 538 1850 postpauca
553 1770 617 1850 ejus
634 1767 787 1830 sententiae
804 1791 811 1827 :

503 1893 564 1954 A'll’
579 1902 677 1964 ἢκαλοῖς
689 1905 772 1972 (pupi
786 1903 811 1955 dl
823 1904 859 1954 καὶ
872 1901 1002 1956 vitiositae

502 1997 550 2048 Tbs
561 1995 642 2057 Ινγενῆ
656 1998 712 2063 χρή·

506 2083 558 2138 Sed
570 2099 612 2138 aut
623 2084 728 2140 honeste
739 2085 841 2150 virere,
854 2097 898 2137 aut
911 2082 994 2136 statim
1006 2083 1072 2136 mori

505 2174 666 2228 Generoaum
677 2189 783 2251 oportet.

234 2341 237 2350 v
302 2307 386 2390 Quid
400 2309 538 2374 Plinius?
556 2313 608 2375 ille
624 2334 697 2376 vero
711 2343 726 2368 «c
743 2313 875 2378 Terram
889 2327 1018 2376 matrem
1032 2313 1124 2376 etiam
1137 2329 1272 2384 venena,
1289 2311 1384 2372 nosui

300 2416 468 2494 misenam,
480 2417 663 2481 instituisse»
677 2421 759 2482 credi
773 2421 857 2482 vult:
873 2434 906 2481 ut
920 2420 1033 2483 scilicet
1046 2443 1054 2478 ε
1068 2417 1240 2480 «facillimo
1255 2416 1377 2492 haustu,

301 2521 419 2584 illibato
433 2544 581 2607 corpore,
608 2537 639 2588 et
661 2547 730 2588 cum
746 2539 811 2588 toto
833 2526 977 2610 sanguine
993 2525 1273 2608 exstingueremur,
1301 2523 1385 2584 nullo

300 2629 429 2708 labore,
452 2635 612 2695 sitientibus
629 2635 746 2695 similes.
763 2661 778 2688 u
799 2631 892 2716 (Lib.
909 2632 961 2708 ll,
976 2655 1041 2718 cap.
1052 2631 1127 2708 63.)
1149 2629 1191 2692 Et
1205 2631 1313 2694 hercle
1324 2633 1385 2713 jam

301 2736 376 2798 olim
391 2738 449 2798 riri
462 2739 620 2821 primarii.
636 2753 725 2820 atque
740 2739 798 2824 ipsi
812 2737 935 2824 Reges,
951 2760 1067 2802 venena
1079 2741 1118 2801 ad
1127 2757 1252 2798 manum
1264 2735 1384 2798 babere

301 2842 398 2920 soliti,
417 2844 545 2908 adhunc
559 2845 693 2908 subitum
706 2845 839 2928 aliquem
855 2867 953 2908 usum.
976 2843 1102 2907 Livius:
1118 2871 1132 2898 «ι
1154 2840 1252 2926 Regio
1269 2863 1386 2917 more,

301 2951 340 3009 ad
350 2950 463 3012 incerta
474 2950 636 3024 Fortunae.
652 2973 803 3016 vencnum
817 2953 874 3015 sub
887 2956 1010 3017 custode
1020 2964 1206 3037 promptum.
1223 2977 1237 3002 n
1252 2947 1342 3012 Ecce
1357 2961 1385 3010 et

303 3055 475 3118 ministrum
489 3079 506 3118 e
521 3058 608 3133 fidis,
629 3059 700 3122 huic
720 3061 871 3122 crustodiae.
892 3059 1000 3142 Neque
1019 3057 1121 3121 nescio
1138 3056 1273 3118 infinitos
1296 3077 1386 3118 usur-

299 3182 388 3245 passe
402 3185 410 3222 :
425 3162 495 3242 quid
506 3176 609 3225 tamen
620 3165 632 3226 i
645 3164 835 3228 Abstinentia
846 3167 909 3228 sire
920 3165 1025 3228 Inedia
1035 3163 1140 3226 mitior
1150 3161 1327 3243 meliorque
1338 3161 1384 3222 vi-

300 3267 367 3328 deri
380 3267 476 3350 possit
489 3289 497 3340 ;
511 3268 536 3329 si
548 3269 618 3350 quid
627 3269 680 3332 'sas
695 3272 726 3333 in
739 3272 821 3333 mala
832 3293 866 3334 re
884 3271 999 3333 bonum
1017 3270 1085 3333 dici.
1099 3268 1155 3330 llla
1167 3268 1262 3346 lente,
1277 3280 1311 3329 et
1321 3267 1384 3328 sine

298 3374 489 3438 vellicatione
510 3389 561 3437 aut
574 3397 695 3460 pugna,
711 3399 802 3458 quam
820 3398 936 3440 venena
955 3377 1113 3452 adserunt,
1127 3387 1156 3436 et
1169 3374 1306 3456 septimo
1320 3372 1384 3434 sere

298 3481 346 3544 die
358 3483 447 3545 tollit.
460 3481 575 3545 Plinius
591 3507 598 3543 :
614 3511 628 3540 a
640 3481 768 3546 Homini
779 3504 840 3545 non
852 3484 955 3565 utique
967 3484 1075 3560 (idest,
1088 3501 1150 3542 non
1161 3493 1247 3542 certo
1259 3493 1293 3542 et
1302 3501 1385 3541 sem-

297 3611 374 3674 per,
390 3594 446 3655 etsi
457 3593 637 3676 plurimum)
649 3593 778 3675 septimo
798 3593 846 3654 die
858 3592 957 3654 letalis
972 3591 1076 3653 lnedia
1093 3613 1100 3647 ε
1118 3591 1244 3650 durasse
1262 3601 1296 3650 et
1304 3586 1384 3648 ultra

298 3698 491 3760 undecimum
504 3699 665 3783 plerosque
678 3712 793 3761 certum
806 3712 861 3760 est.
874 3727 889 3752 ι»
904 3695 995 3777 (Lib.
1007 3695 1070 3756 Vll
1084 3741 1093 3772 ,
1105 3715 1171 3779 cap.
1185 3692 1268 3772 ult.)
1281 3692 1313 3754 Α
1328 3712 1384 3753 ro-

298 3802 375 3865 bore
396 3818 425 3866 et
438 3807 649 3868 constitutione
663 3805 781 3867 interna
799 3805 859 3868 boc
878 3807 998 3890 pendet.
1017 3799 1101 3866 Sicut
1114 3801 1145 3862 in
1162 3799 1273 3860 Aaano
1287 3797 1384 3860 Bassa

297 3909 448 3987 Turcico,
463 3913 514 3993 qui
527 3927 630 3975 nostra
640 3913 790 3974 memoria
799 3911 925 3995 Algerio
940 3913 971 3973 in
985 3910 1088 3972 Africa
1099 3907 1237 3992 prasuit3
1253 3908 1281 3968 is
1294 3925 1384 3988 supra

298 4019 423 4080 modum
437 4019 517 4081 benc
530 4019 650 4081 habitus
664 4033 694 4080 ct
709 4019 847 4103 pinguis,
865 4021 901 4081 de
915 4018 1104 4080 medicorum
1120 4013 1275 4077 sententia
1288 4012 1384 4074 absti-

298 4144 373 4185 nere
385 4125 474 4209 coepit
485 4170 495 4201 ,
508 4146 605 4207 eoque
618 4125 765 4208 paulatim
780 4125 942 4209 produxit,
968 4137 1001 4185 ut
1017 4136 1133 4206 septem
1146 4133 1227 4181 totos
1241 4119 1312 4182 dies
1322 4120 1384 4180 ine-

297 4231 378 4295 diam
389 4231 493 4310 ferret,
512 4234 577 4296 sine
589 4252 668 4295 noxa
683 4260 690 4305 ;
704 4233 767 4294 imo
782 4245 1002 4307 macresceret,
1015 4233 1112 4305 idest,
1130 4225 1342 4291 revalesceret
1352 4227 1382 4286 in

299 4339 410 4404 multos
422 4341 530 4404 deinde
542 4361 649 4404 annos.
661 4338 813 4423 Exempla
825 4353 926 4404 autem
937 4386 946 4418 ‚
958 4339 1055 4422 quise
1067 4333 1267 4402 subduxerint
1279 4357 1297 4398 e
1310 4335 1380 4414 via,
