2900 4944
1075 527 1142 621 4⁸9

90 669 272 745 contentus,
301 683 401 752 quem
430 681 494 730 nee
511 658 671 728 extollant
690 659 848 740 fortuita,
879 679 944 726 uec
958 657 1139 750 frangunt:

90 768 143 856 qni
156 769 282 840 nullum
301 773 408 866 majus
421 773 547 840 bonum
564 795 623 857 eo,
642 769 734 864 quod
753 771 817 840 sibi
831 769 998 865 ipse-dune
1015 784 1137 863 potest,
1166 787 1183 840 3

89 886 244 973 noverit¹3
262 889 318 956 cui
331 912 411 955 vera
423 887 577 981 voluptas
591 887 676 968 erit,
693 887 903 981 voluptatum
918 886 1136 979 contemptio.

88 997 186 1086 Licet,
203 1003 232 1070 si
250 1005 385 1096 evagari
403 1003 500 1085 velis,
518 1001 609 1070 idem
622 1001 767 1070 inalism
777 1019 880 1096 atque
893 1002 990 1071 aliam
1003 999 1136 1081 faciem,

86 1111 170 1182 salvs
188 1133 222 1184 et
238 1119 371 1213 integra
386 1133 550 1213 potestate
567 1123 600 1200 ²,
617 1117 813 1186 transferre.
838 1114 934 1210 Quid
952 1115 1140 1206 enim-pro-

86 1226 177 1299 bibet
191 1257 254 1303 nos
261 1234 394 1304 beatam
407 1238 511 1304 vitam
520 1235 648 1319 dicere,
664 1233 811 1303 liberum
823 1236 985 1314 animum,
997 1247 1032 1300 et
1044 1253 1140 1298 ereo·

85 1357 162 1430 tum,
179 1363 214 1418 et
231 1352 426 1423 interritum
438 1375 478 1419 ac
489 1347 657 1433 stabilem,
678 1365 772 1418 extra
787 1365 926 1433 metum,
944 1347 1140 1439 extmoupi·

83 1459 215 1534 ditntem
234 1469 380 1561 positum
398 1462 435 1554 ³3
460 1470 515 1536 cui
542 1492 648 1535 unum
674 1467 800 1535 bonum
825 1468 1005 1549 honestus,
1033 1488 1139 1532 nuum

82 1579 200 1650 malum
213 1582 389 1677 turpitudo
403 1585 421 1651 t
433 1585 564 1652 Caetera
576 1581 654 1651 vilis
668 1582 769 1650 turba
779 1576 793 1626 ⁴
805 1607 933 1666 rerum,
948 1605 1013 1650 nec
1030 1579 1139 1647 detns-
1163 1602 1179 1666 4

80 1695 161 1766 bens
178 1697 365 1793 quidquam
383 1699 489 1768 beatae
502 1702 601 1781 vitae,
618 1723 684 1766 nec
700 1698 878 1791 adjiciens,
901 1700 974 1766 sine
984 1712 1086 1766 unctu
1098 1721 1138 1766 nc

79 1808 280 1883 detrimento
297 1816 418 1882 summi
444 1815 524 1883 boui
547 1816 687 1886 veniens
709 1839 749 1884 ae
767 1813 943 1884 recedens.
966 1817 1066 1883 Hune
1089 1815 1137 1882 itu

78 1927 252 1999 fundatum
270 1955 409 1999 necesse
428 1947 491 2014 est,
512 1930 595 1998 velit
604 1930 701 2012 nolit,
714 1945 876 2021 sequatur
887 1929 1040 1997 hilaritas
1057 1953 1138 1997 cun-

77 2044 180 2129 tinna,
199 2045 363 2115 etlaetitia
381 2047 449 2114 altu
470 2064 573 2140 atque
592 2069 631 2114 ex
652 2046 719 2113 ulto
731 2046 890 2125 veniens,
911 2060 950 2112 ut
971 2069 1047 2137 quae
1069 2044 1137 2112 suis

76 2156 240 2250 gaudeat,
272 2183 337 2228 uec
367 2161 494 2252 majora
518 2159 709 2227 domesticis
737 2158 853 2251 cupiat
868 2150 894 2222 ⁵.
915 2156 1048 2249 Quidni
1073 2159 1136 2226 ists

74 2288 190 2363 penset
202 2271 292 2341 bene
305 2296 382 2341 eum
393 2274 549 2355 minutis,
568 2288 602 2341 et
613 2271 760 2353 frivolis,
778 2285 813 2338 et
829 2293 897 2338 non
912 2293 1134 2363 perseveran-

73 2385 160 2456 tibus
178 2389 371 2482 ootpusculi
394 2389 567 2457 motibus?
584 2387 718 2481 quodie
732 2388 822 2456 infra
839 2386 1044 2480 voluptatem
1060 2388 1135 2456 fue·

71 2503 126 2588 rit,
147 2523 183 2574 et
196 2505 288 2573 infra
306 2502 460 2573 dolorem
479 2507 556 2573 erit.

117 2622 158 2688 V.
185 2618 290 2689 Vides
304 2638 439 2702 antem,
465 2643 566 2713 qnam
585 2619 706 2687 malam
730 2634 766 2686 et
784 2621 916 2686 noxiam
932 2621 1128 2688 servitutem

67 2737 255 2805 serviturus
287 2735 349 2817 sit,
379 2759 480 2827 quem
509 2735 697 2828 voluptates
718 2733 942 2827 doloresque,
972 2736 1129 2803 incentis-

66 2845 174 2924 sinta⁶
189 2852 351 2936 dominis,
369 2852 727 2946 impotentissimae,
741 2849 881 2918 alternis
891 2848 1125 2943 possidebunt.

98 3123 119 3156 t.
143 3105 242 3176 Qui...
251 3109 355 3158 noverit.
370 3103 494 3158 Enmdem
512 3123 571 3156 euru
620 3101 725 3168 viante,
740 3121 817 3174 quam
829 3101 878 3154 sibi
891 3101 943 3174 ipss
955 3103 1045 3170 dedit,
1063 3125 1131 3158 con-

60 3181 314 3235 Stoicis'sententiam
328 3180 435 3254 amplexi
446 3192 506 3232 snut
520 3182 571 3232 Ro·
621 3191 689 3230 teuta
701 3191 744 3231 est.

59 3259 188 3326 munitet.
202 3259 284 3312 J.-l²r.
295 3260 410 3312 Gronov.
419 3257 451 3309 ad
465 3259 520 3309 biv.
535 3258 569 3324 V,
651 3257 756 3310 Vbnt.
762 3257 838 3312 Beata
846 3259 929 3311 vitain
935 3278 995 3311 suna
1002 3260 1099 3314 mione
1106 3274 1130 3314 et

60 3333 569 3400 atto),occasionesetsvsnntortunae,
619 3335 1129 3413 virtute,noninsolavulnptntepositnest

57 3415 177 3470 consulta
193 3413 311 3490 preclara
326 3426 349 3466 et
363 3415 427 3466 sacta
439 3414 489 3466 sibi
504 3413 568 3465 adsi·
651 3412 675 3464 6.
691 3415 877 3468 Inserte'sstina.
886 3417 905 3466 l.
915 3438 936 3468 e.
948 3415 1046 3469 domini
1055 3418 1128 3470 vacil-

55 3503 174 3562 gnantes.
618 3491 713 3556 lantes,
732 3491 779 3544 sibi
796 3493 905 3546 invicem
921 3494 1055 3560 cedentes,
1069 3497 1128 3566 qui-

88 3589 113 3621 n.
126 3569 269 3621 potestate.
285 3569 306 3618 l.
319 3587 341 3618 e.
355 3567 549 3642 significatione.
618 3569 664 3620 bus
672 3569 742 3622 nulla
751 3569 813 3623 fides
823 3571 910 3623 haberi
921 3583 1011 3644 potest,
1023 3591 1069 3624 net
1079 3573 1126 3625 sibi

85 3644 111 3697 3.
133 3645 211 3718 Quid
222 3648 291 3698 enim
303 3645 421 3713 prohibet
421 3682 478 3698 .......
490 3651 567 3714 posi·
617 3649 963 3721 constanteszsppositiosst,
976 3650 1127 3702 tamaddo-

53 3732 109 3773 mm
122 3720 135 3772 ?
150 3721 251 3794 Lipsius
265 3720 351 3773 laudat
363 3721 417 3774 Cic.
430 3723 566 3795 Disputatt.
615 3725 711 3790 iorem,
730 3745 805 3797 qnam
828 3727 860 3778 nd
878 3726 1032 3798 voluptatem
1048 3729 1128 3802 perti-

51 3798 130 3852 Tnse.
140 3801 177 3866 V,
189 3801 226 3866 tt:
236 3799 354 3852 volumus
365 3819 439 3862 enm,
453 3799 497 3870 qni
509 3800 566 3852 bea·
616 3803 918 3856 nens.Sicbenecalorem
928 3803 1128 3876 Lipsiireintavit

50 3888 90 3928 tus
101 3877 151 3944 sit,
161 3890 244 3936 tntum
256 3897 320 3940 esse,
330 3877 565 3951 inexpugnabilem,
616 3882 730 3934 Gronov.
746 3885 773 3933 eb
788 3885 948 3936 inertissima
961 3882 1029 3933 enirn
1041 3883 1125 3936 locum

49 3967 152 4027 septum
161 3968 236 4026 atque
244 3955 447 4018 munitum3non
455 3969 565 4029 utparvo
615 3958 768 4012 nonhabet.
789 3986 822 3998 -
842 3960 899 4011 Vox
911 3959 1054 4014 dominium
1068 3961 1093 4012 b.
1108 3961 1125 4013 l.

48 4047 121 4088 metu
133 4029 367 4108 praeditmsit,sed
380 4034 496 4088 utnullo.
527 4085 532 4094 ,
614 4038 1123 4112 dominumsiguilieatmoreGraeeornm,

83 4114 109 4178 4.
120 4113 223 4165 Coetem
231 4113 387 4164 vitieturho.
397 4112 461 4166 Vilis
472 4113 563 4166 dicitnr
611 4117 759 4170 abstractum
773 4137 837 4190 sepe
851 4138 896 4189 pro
913 4130 1030 4170 concreto
1046 4119 1124 4172 adhi-

47 4191 235 4262 praeiis,qute
245 4189 357 4246 honeste
371 4203 561 4266 ettnrpessunt.
610 4194 744 4260 bentium,
768 4217 788 4246 o.
812 4217 832 4248 t.
846 4202 932 4263 σῢμα,
954 4205 1033 4268 χρῆμα
1047 4237 1054 4264 ,
1068 4199 1123 4250 παί-

84 4271 108 4320 5.
125 4267 165 4320 Ut
175 4288 265 4336 φατι...
276 4274 369 4338 cupiat.
380 4270 398 4320 l.
412 4291 432 4321 o.
441 4271 561 4339 qnoniam
613 4273 683 4340 διυμα
697 4273 837 4336 (alumnus.
849 4274 956 4328 vellen.
974 4275 1087 4329 Distribe
1099 4297 1122 4346 p·
