2896 4958
319 464 433 532 eoxxiv
502 463 533 530 J.
559 461 1206 536 L1Psl1MsNUDUcT101tls

318 603 431 666 Stultus
446 617 476 666 et
490 605 633 666 insanus?
654 618 742 674 sunt;
759 626 795 664 ex
809 603 965 666 Ambrosii
984 619 1101 679 mente,
1119 605 1257 670 uStultus
1271 623 1318 670 est
1333 609 1382 690 qui

318 711 393 774 nihil
406 711 498 794 sapit,
516 723 545 772 et
559 710 647 772 stulta
660 708 799 792 intelligit
820 731 827 766 :
852 707 1018 792 lnsipiens,
1033 711 1085 792 qui
1100 713 1180 774 mala
1196 715 1285 797 sapit.
1294 743 1309 768 υ
1325 715 1381 794 (Ιιι

318 817 431 880 Psalm.
447 815 517 892 48.)
532 813 599 878 Etsi
613 815 755 890 mallem,
772 812 916 878 Insanum
932 815 1160 899 prolnsipiente
1173 821 1332 900 posuisset.
1343 819 1383 881 Ut

318 923 414 1006 magis
430 943 486 1006 pro
502 943 535 982 re
547 921 662 996 dicam,
676 918 790 983 Stultus
803 920 909 1002 estqui
920 909 1089 1004 imperitus,
1105 937 1136 984 et
1147 921 1313 986 Scientiam
1323 933 1382 987 no'n

319 1029 430 1101 babet3
445 1029 573 1090 Insanus
587 1027 782 1110 intelligitur,
799 1027 900 1109 quiex
916 1029 1065 1112 imperitia
1079 1044 1166 1111 atque
1180 1032 1383 1114 imprudentia

320 1135 400 1197 male
417 1134 505 1210 iacit,
524 1147 554 1196 et
565 1133 720 1194 stultitiam
734 1133 855 1218 promit
869 1131 1052 1197 Potestatem
1062 1135 1135 1212 illa,
1153 1150 1252 1200 actum
1266 1138 1331 1201 hmo
1340 1161 1386 1201 os-
1434 1195 1435 1202 ,

319 1241 421 1302 tendit.
443 1237 635 1302 ECicerone
656 1238 715 1301 boc
735 1241 869 1301 adstruas
888 1260 896 1298 ε
915 1238 1033 1302 «Stoici
1054 1241 1229 1305 ridebantur
1247 1259 1384 1307 monstra

320 1346 419 1410 dicere
437 1370 445 1418 ;
460 1366 539 1408 nunc
561 1358 661 1406 autem
681 1345 721 1405 ita
742 1345 889 1406 dissertmt
905 1367 913 1405 ι
929 1365 1033 1406 omnes
1053 1346 1156 1409 stultos
1172 1348 1327 1424 insanire,
1356 1363 1386 1410 ut

319 1452 401 1515 male
416 1451 499 1514 olere
514 1472 604 1514 omne
618 1472 737 1514 omnum
749 1473 756 1509 ε
769 1463 800 1512 at
809 1471 870 1511 nou
882 1472 1011 1534 semper.
1026 1448 1215 1529 Commove,
1233 1456 1356 1517 senties.
1369 1484 1384 1508 n

321 1558 384 1632 (lV
395 1557 535 1636 Tusoul.)
547 1556 647 1620 Pauca
666 1558 758 1621 verba
769 1603 778 1633 ,
790 1576 847 1618 nec
866 1557 990 1640 proprie
1009 1557 1121 1641 ipsius:
1133 1580 1264 1643 agnosco
1284 1561 1387 1623 Porti-

320 1687 405 1737 cum;
422 1667 474 1727 sed
486 1664 649 1734 sententia,
664 1683 721 1746 pro
738 1661 791 1723 illa
804 1675 906 1726 nostra
922 1675 967 1724 est
982 1686 989 1723 ε
1007 1677 1037 1725 et
1050 1661 1211 1726 stultitiam
1225 1666 1312 1728 velut
1326 1689 1385 1729 coe·

320 1791 394 1832 num
405 1791 470 1832 esse
482 1815 490 1846 ,
502 1772 581 1851 quod
591 1784 702 1832 tetrmn
716 1771 843 1832 odorem
856 1768 886 1830 vi
899 1768 1009 1842 habet;
1028 1770 1058 1830 in
1071 1784 1155 1832 moto
1165 1785 1194 1833 et
1204 1772 1385 1854 agitatione,

320 1875 430 1938 effectu
444 1877 565 1958 promit.
575 1873 662 1936 ldem
675 1875 767 1937 etiam
779 1870 890 1937 Cicero
905 1875 997 1956 paulo
1012 1875 1100 1937 aliter
1110 1877 1202 1956 (quid
1214 1891 1299 1938 vetat
1308 1879 1388 1940 idem

321 1996 351 2044 et
366 2005 438 2045 vere
454 1995 483 2044 et
496 1983 578 2044 varie
592 1981 669 2043 dici?
682 1984 695 2058 )
707 1979 847 2062 exponit:
865 2006 879 2034 «ι
889 1977 1007 2042 Omnes
1021 1979 1262 2063 perturbationes
1275 1983 1386 2056 animi,

320 2089 449 2153 Morbos
460 2088 634 2173 philosophi
645 2087 815 2171 appellant:
827 2101 995 2170 negantque
1008 2086 1137 2151 Stultum
1147 2111 1335 2172 quemquam
1344 2089 1389 2150 bis

320 2197 436 2260 morbis
451 2217 568 2259 vacare.
579 2193 641 2276 Qui
652 2209 752 2256 autern
762 2195 793 2256 in
805 2195 915 2256 morbo
926 2209 1012 2271 sunt,
1028 2196 1093 2257 sani
1105 2217 1166 2259 non
1177 2209 1246 2257 sunt
1258 2219 1266 2256 τ
1280 2211 1313 2260 et
1327 2217 1389 2257 om-

320 2305 404 2365 nium
419 2302 628 2386 lnsipientium
645 2301 738 2362 animi
752 2301 782 2361 in
798 2301 907 2363 morbo
921 2315 988 2362 sunt
1001 2322 1009 2360 ε
1022 2321 1128 2365 omnes
1140 2303 1318 2386 insipientes
1331 2304 1392 2386 igi-

320 2425 369 2472 tur
385 2410 568 2472 insaniunt.»
587 2406 651 2488 (ΙΙΙ
664 2407 775 2484 Tuse.)
788 2405 848 2469 Hic
858 2407 1032 2490 insipientes
1042 2407 1115 2469 dixit
1125 2403 1255 2468 Stultos:
1275 2421 1308 2469 et
1320 2421 1390 2490 puto

321 2518 436 2594 verius,
447 2537 539 2600 quam
548 2514 729 2590 Ambrosius
739 2534 829 2596 supra
843 2511 1052 2576 distinxit-Sed
1063 2513 1199 2575 amorbo
1210 2533 1389 2597 corporum,

321 2643 428 2688 vocem
452 2626 539 2686 docet
560 2625 597 2684 ad
620 2622 700 2684 bunc
729 2621 899 2682 animorum
933 2621 1118 2682 translatam.
1151 2619 1265 2682 Aiebat
1290 2635 1391 2682 autem

321 2729 460 2792 Laertius
485 2729 640 2809 (notasti,
663 2741 715 2789 aut
736 2727 890 2805 debuisti)
917 2728 1085 2809 «aequatem
1105 2727 1262 2788 stultitiam
1284 2748 1392 2789 omnes

322 2837 462 2898 insanire.
474 2863 488 2890 n
500 2832 688 2916 Quomodo?
701 2833 781 2914 quia,
797 2833 873 2894 sieut
885 2830 1011 2915 Sapiens
1027 2831 1155 2894 «omnia
1169 2845 1253 2895 recte
1268 2832 1360 2909 facit,
1377 2856 1389 2885 s

324 2944 466 3022 (docum
482 2941 620 3018 anobis)
639 2963 647 3000 ε
665 2940 706 3002 ita
723 2937 855 3000 «Stultus
867 2938 969 3000 omnia
982 2938 1072 3000 male.

570 3102 709 3119 .........
722 3065 801 3118 Nullo
813 3063 886 3117 thure
897 3064 980 3118 litabis

501 3156 602 3208 llnreat
611 3155 639 3208 in
650 3153 737 3208 Stultis
747 3153 830 3207 brevis
841 3154 1009 3208 utsemuneia
1021 3154 1088 3206 raeti.
1100 3155 1197 3221 (Pus.
1210 3155 1266 3208 su.
1276 3171 1312 3220 v,
1327 3159 1391 3220 rsr.)

323 3267 461 3332 Senem:
480 3267 548 3329 «Ut
562 3288 615 3330 vos
629 3266 764 3347 (Stoici)
780 3267 895 3342 dicitis,
911 3263 1028 3328 Omnes
1042 3267 1123 3328 stulti
1135 3267 1208 3327 mali
1224 3283 1300 3330 sunt
1319 3294 1327 3331 :
1344 3273 1392 3351 qui

323 3391 424 3438 autem
437 3374 528 3436 habet
539 3395 633 3434 unum
643 3375 763 3452 vitium,
779 3374 870 3437 babet
882 3375 993 3436 omnia.
1006 3401 1020 3428 o
1033 3371 1103 3453 (De
1117 3372 1194 3436 Ben.
1205 3373 1249 3435 V.
1263 3397 1334 3460 cap.
1344 3378 1392 3454 5.)

323 3477 406 3539 Dicit
420 3488 451 3538 et
462 3475 572 3538 clarius
585 3497 592 3533 ι
608 3503 623 3530 «ι
635 3471 677 3536 Et
689 3475 789 3560 cupidi
800 3495 922 3549 ornnes,
934 3488 964 3536 et
977 3474 1100 3557 maligni
1112 3495 1233 3550 omnes,
1251 3491 1286 3538 et
1296 3479 1392 3539 timidi

324 3603 429 3644 omnes
444 3604 450 3640 :
464 3580 570 3662 adjice,
586 3593 616 3641 et
627 3580 779 3644 ambitiosi
792 3601 907 3654 omnes,
924 3594 952 3642 et
963 3581 1049 3662 impii
1063 3599 1177 3642 omnes.
1189 3607 1204 3634 o
1213 3579 1280 3659 (lb.
1292 3605 1320 3646 e.
1335 3583 1393 3666 17.)

323 3687 376 3748 Dii
387 3688 459 3749 boui
472 3733 480 3764 ,
499 3708 560 3748 non
576 3700 620 3748 est
633 3686 692 3750 boe
705 3688 874 3750 convicium
888 3688 991 3770 generi
998 3686 1132 3748 humano
1143 3686 1245 3749 lacere
1256 3687 1270 3749 ?
1283 3687 1394 3752 Cicero

326 3793 510 3874 populariter
524 3793 565 3852 ita
587 3792 801 3875 interpretatur
818 3817 824 3852 :
847 3821 861 3848 «ι
874 3791 940 3856 Nos
959 3806 1059 3854 autem
1070 3837 1078 3868 ‚
1091 3792 1142 3873 qui
1155 3789 1322 3876 Sapientes
1335 3817 1394 3859 non

325 3919 444 3974 sumus,
456 3899 595 3982 fugitivos
606 3945 615 3975 ,
628 3899 763 3976 exsules,
775 3899 895 3977 hostes,
908 3901 1029 3962 insanos
1038 3900 1164 3982 denique
1175 3921 1242 3962 esse
1255 3903 1393 3966 dieunt.»

325 4000 406 4081 (Pro
422 4001 583 4081 Mmena.)
595 4003 656 4067 Sed
668 4007 821 4068 mittamus
835 4025 999 4083 eoronam,
1018 4007 1075 4068 soli
1089 4027 1190 4068 sumus
1204 4030 1211 4065 ε
1229 4009 1317 4074 itane
1331 4012 1396 4074 dic-

325 4124 389 4172 tum
400 4111 523 4191 injuste?
536 4111 619 4174 Zeno
630 4126 660 4173 et
669 4113 721 4174 illa
731 4135 838 4176 manus
849 4127 1031 4198 repugnant:
1043 4143 1058 4168 α
1068 4113 1174 4195 quibus
1185 4114 1309 4192 placet,
1322 4119 1395 4180 nibil

325 4215 458 4276 medium
468 4216 546 4276 inter
556 4215 707 4278 Virtutem
720 4232 750 4279 et
762 4217 913 4280 Malitiam
927 4241 991 4282 esse
1009 4244 1017 4278 ε
1038 4237 1129 4300 quum
1144 4233 1246 4280 tamen
1261 4219 1395 4306 Peripa-

326 4321 406 4384 totici
417 4321 549 4382 medium
559 4323 760 4404 interponant,
770 4321 952 4389 Profectum.
963 4323 1136 4390 sicutenim
1147 4325 1267 4408 liguum
1278 4342 1397 4392 rectum
