2894 4954
345 515 505 587 tiana
529 517 589 604 11,
616 517 722 585 cnr.
750 517 791 584 v,
859 593 862 598 ,
1032 522 1098 615 259

52 645 171 729 lnhoc,
192 648 316 716 leviore
325 647 477 740 periculo
491 661 646 732 erratur3
669 645 729 716 scd
747 671 809 741 par
820 663 1098 720 errorestavero

52 760 300 832 recedentium¹.

91 879 128 943 V.
139 882 228 971 Ergo
239 876 519 969 quemadmodum
534 879 655 971 religio
664 879 753 948 Deos
767 879 860 962 colit,
881 884 1097 975 ²superstitio
1125 919 1134 950 t

50 991 162 1060 violat:
181 994 229 1060 ita
254 993 466 1061 clementiam
486 991 848 1085 mansuetudinemque
873 1021 990 1066 omnes
1015 999 1097 1068 boni

50 1109 260 1200 praestabunt,
286 1109 551 1180 miscricordiam
575 1125 688 1178 autem
715 1111 882 1180 vitabunt.
918 1115 977 1184 Est
1006 1118 1098 1185 enim

50 1225 153 1294 vitium
182 1226 297 1319 pusilli
322 1227 445 1309 animi,
474 1224 520 1294 ad
536 1227 686 1318 speciem
719 1227 908 1296 alienorum
931 1228 1098 1302 malorum

49 1343 238 1412 succidentis
253 1337 278 1411 ³.
299 1346 417 1437 ltaque
433 1345 579 1436 pessimo
595 1345 719 1434 cuique
734 1341 1015 1421 familiarissima⁴
1031 1366 1093 1420 est.

48 1457 131 1526 Anus
146 1476 180 1526 ct
192 1457 398 1526 mulierculae
417 1473 512 1542 sunt,
530 1483 605 1550 quae
615 1459 764 1528 lacrimis
780 1464 1098 1532 nocentissimorum
1119 1549 1124 1562 .

49 1588 345 1663 parentumque,
361 1571 547 1652 alliceret,
564 1596 738 1640 carcerem
756 1574 981 1668 effringerent
993 1572 1019 1644 ⁵.
1036 1580 1100 1648 Mi-

48 1683 218 1752 sericordia
233 1709 301 1752 non
314 1707 466 1768 caueam,
480 1683 547 1762 ,sed
561 1683 736 1768 fortunam,
748 1703 895 1779 spectat3
918 1689 1097 1778 clementia

48 1801 156 1868 radoni
175 1799 318 1869 accedit.
340 1801 416 1868 Scio
435 1799 522 1868 male
543 1796 684 1868 audire⁶
704 1802 797 1894 apud
823 1804 999 1897 imperitos
1027 1832 1100 1876 sec·
1124 1847 1129 1858 .

48 1927 105 1980 tam
120 1915 327 1996 Stoicorum,
344 1928 504 2004 tanquam
515 1914 616 1980 nimis
630 1912 771 1998 duram,
792 1931 827 1982 et
842 1917 981 1985 minime
999 1921 1099 2011 prin·-

47 2025 166 2116 cipihus
178 2027 388 2119 regibusque
404 2026 532 2093 bonum
548 2024 703 2093 daturam
719 2029 909 2096 consilium.
928 2030 1100 2123 Objicitur

47 2142 125 2209 cuim
142 2143 211 2226 illi,
232 2141 324 2234 quod
342 2141 527 2235 sapientem
546 2155 649 2231 negat
665 2140 837 2223 misereri,
865 2159 968 2236 negat
983 2145 1100 2240 ignos-

77 2341 540 2411 1.Sedparermrrecedenttum..l.e-
588 2356 629 2390 sus
648 2338 762 2411 specialis
782 2359 858 2410 quem
875 2343 941 2416 apud
954 2347 1003 2398 'nos
1024 2345 1101 2400 habet

47 2415 105 2470 viora
117 2419 220 2492 quidem
237 2441 265 2472 ex
279 2419 326 2472 hac
339 2419 405 2472 mala
420 2417 540 2471 derivan-
587 2418 767 2482 superstition.
781 2417 822 2470 vel
836 2419 904 2489 quod
918 2420 1100 2496 aliissappellant

45 2507 93 2561 tur,
105 2498 147 2550 sed
159 2499 246 2552 delicti
262 2498 350 2550 eadem
366 2509 402 2548 est
413 2495 539 2569 gravitas:
578 2491 737 2560 >sanatum

45 2572 128 2644 tique
146 2588 286 2647 sequuntur
306 2574 466 2636 consideres,
486 2593 539 2625 nou
621 2569 644 2620 3·
658 2569 706 2621 Ad
719 2578 828 2639 speeiem
846 2577 992 2630 alienorum
1008 2585 1099 2633 mato-

46 2649 120 2702 udem
131 2651 203 2726 eulpa
212 2665 263 2715 θοις
274 2653 294 2705 si
303 2652 366 2724 leg'u
376 2665 475 2705 aeterna
486 2651 539 2702 vin·
588 2665 646 2700 rum
664 2652 824 2704 succidentis.
839 2651 912 2704 Nihil
928 2674 988 2708 asne
1004 2655 1033 2708 in
1049 2657 1097 2710 hoc

43 2724 167 2797 lationem,
179 2730 276 2784 eadem.
289 2731 311 2782 E
322 2729 423 2782 decreto
436 2727 540 2780 Stoico·
588 2722 651 2778 adeo
672 2727 768 2779 malum
788 2743 841 2791 est,
861 2730 912 2782 nisi
931 2732 988 2801 quis
1007 2731 1098 2790 dixerit

44 2823 104 2872 mm,
113 2808 220 2880 equalis
229 2828 281 2860 esse
294 2819 401 2880 peccata.
412 2805 473 2858 Vid.
485 2805 539 2858 Cic.
591 2805 679 2876 (qnod
694 2803 799 2875 quidem
811 2808 1012 2877 frequentissime
1026 2813 1099 2864 acci-

44 2882 152 2940 Parados.
166 2887 223 2952 111,
236 2875 278 2942 ὅτι
289 2889 329 2939 ἴσα
339 2889 369 2940 τὰ
379 2887 537 2954 ἁμαρτήματά,
588 2882 643 2949 dit)
655 2923 662 2950 ,
673 2903 719 2934 nos
729 2883 788 2936 ideo
802 2883 834 2934 ad
845 2884 1033 2940 miserationem
1044 2909 1098 2942 mo

44 2983 61 3009 ι
71 2985 89 3012 τ.
99 2969 118 3016 l.
588 2960 641 3014 veri
655 2960 725 3031 quod
738 2961 791 3035 pati
802 2961 876 3014 nobis
894 2965 1041 3038 nosmetipsi
1051 2967 1098 3018 vi·-

70 3039 99 3092 V.
112 3045 178 3095 Aac.
192 3041 387 3106 Misericordia,
403 3053 430 3092 ut
446 3038 539 3091 vitium
588 3037 677 3090 demur
684 3057 740 3108 quae
748 3038 888 3092 infortunia
900 3040 943 3092 alii
953 3042 1097 3114 patientum

43 3115 538 3193 animipnsilli‚vitandaest,seeundum
587 3114 623 3166 ita
641 3128 669 3166 ut
687 3113 755 3184 quod
773 3114 809 3187 pii
828 3115 908 3167 animi
930 3116 1097 3188 hominesque

44 3209 151 3268 precepta
167 3197 330 3260 Stoicorum,
343 3195 387 3266 qui
401 3194 448 3245 hac
460 3212 539 3246 oeca-
587 3193 694 3246 amantis
713 3193 837 3248 iudicium
853 3215 904 3248 csse
920 3197 999 3268 vulgo
1016 3199 1096 3250 credi·

43 3271 103 3328 sicne
121 3275 284 3330 atalumniis
300 3273 475 3350 imperitorum
489 3271 539 3324 de·
588 3286 644 3338 tur,
659 3273 725 3328 nihil
738 3293 824 3326 revera
840 3275 910 3338 alind
922 3289 1011 3348 arguat
1020 3296 1097 3346 quam

44 3349 174 3406 leudnntur.
185 3353 227 3406 Cf.
240 3353 358 3405 Gataker.
368 3350 399 3404 ad
413 3349 538 3402 Antonin.
587 3348 719 3403 hominem
732 3351 912 3421 quisuisolum
922 3371 1008 3406 amans
1021 3368 1065 3406 est.

44 3430 148 3502 mig,
162 3451 200 3504 sq.
620 3429 754 3496 4-Itaque
771 3433 886 3496 pessimo
899 3465 939 3482 .....
949 3441 995 3482 est.
1013 3431 1044 3482 ld
1062 3443 1097 3482 est

70 3528 90 3558 2.
105 3507 269 3578 Superstitio.
291 3505 350 3558 Jam
370 3502 441 3558 vides
461 3502 539 3576 igitur
588 3504 789 3578 imperitissimo,
802 3505 846 3575 qui
858 3505 982 3576 impulsu,
997 3526 1050 3560 nou
1060 3507 1095 3578 jn·

41 3581 172 3638 distinctam
183 3607 199 3638 a
211 3583 291 3638 doctis
304 3583 367 3636 viris
379 3582 539 3654 superstitio·
588 3581 669 3644 dicio,
681 3582 712 3632 ad
722 3581 851 3654 agendum
860 3582 947 3634 utitur.

42 3679 91 3712 uem
102 3662 262 3736 areligionc.
277 3659 330 3713 Cic.
348 3660 380 3713 de
391 3659 448 3713 Nat.
459 3659 538 3712 Deor.
621 3662 643 3712 5.
648 3659 680 3711 St
686 3663 785 3722 liceret,
792 3679 918 3714 carcerem
925 3659 1095 3732 effringerent.

42 3737 77 3790 lib.
87 3740 124 3806 11,
136 3759 189 3813 cap.
203 3759 232 3808 7¹
244 3774 253 3802 ,
265 3737 311 3790 liu.
324 3759 338 3784 «
352 3737 440 3790 Cultus
455 3749 538 3789 antem
588 3737 664 3808 Quod
681 3739 786 3811 pessime
799 3739 893 3790 lactum
909 3750 987 3800 esset,
1004 3738 1096 3811 quippe

41 3815 144 3872 Deorum
152 3832 190 3872 est
197 3817 321 3891 optimus,
333 3816 451 3887 idemque
459 3815 541 3868 castis·
587 3817 656 3888 quud
665 3816 773 3890 publice
782 3813 957 3886 tranquillitati
967 3831 1078 3870 noceret.

39 3893 106 3948 simus
118 3910 193 3969 atque
206 3893 399 3956 undecimus,
416 3893 540 3966 plenissi-
620 3895 644 3948 5.
655 3893 713 3948 See'o
724 3897 794 3946 mele
801 3892 948 3946 suamne
962 3892 1001 3946 his
1013 3894 1095 3966 objec-

41 3973 246 4049 ttusquepietatis
249 4009 290 4024 .....
300 3973 360 4024 Non
370 3971 439 4022 euim
448 3969 541 4024 Philo-
587 3971 699 4026 tionibus
718 3971 783 4022 inlra
800 3991 846 4024 uos
862 3990 962 4041 quoque
980 3972 1096 4042 quedam

41 4049 103 4120 sophi
119 4051 220 4118 solum,
235 4069 323 4102 renam
336 4048 412 4100 etiam
432 4044 540 4117 majores
588 4049 764 4104 annotavimus
784 4049 816 4100 ad
833 4047 962 4102 Constant.
983 4050 1096 4122 Sapient.

43 4131 110 4182 nostri
118 4129 324 4204 superstitionem
336 4148 351 4180 a
363 4125 489 4199 religione
496 4144 541 4182 ,se-
589 4145 641 4202 cap.
650 4127 682 4191 3,
700 4145 721 4179 a.
734 4125 809 4180 cont.
823 4124 902 4197 lipsii
913 4125 1057 4178 manuduct.
1068 4126 1095 4178 iu

42 4223 214 4275 paraverunt.»
244 4207 397 4279 Quanquam
424 4206 541 4258 nondum
590 4203 679 4277 philos.
698 4203 774 4256 Stoic.
786 4202 832 4254 lib.
844 4203 898 4268 lll,
916 4223 969 4276 cap.
985 4223 1030 4273 ¹93
1052 4203 1095 4254 uhi

42 4287 98 4353 aput
108 4289 211 4344 Veteres
222 4285 391 4360 superstitioni
404 4283 472 4338 idem
483 4304 540 4337 seu·
590 4301 636 4336 nec
649 4293 762 4336 nocuum
770 4279 854 4334 locum
863 4282 1026 4353 pretermisit.
1036 4280 1093 4334 Cic.
