2896 4954
358 431 513 500 omna
537 431 623 512 111,
651 433 764 500 car.
789 434 869 500 xe.
1093 437 1153 529 173

85 571 219 642 nectet,
236 575 272 628 et
287 559 369 628 dum
383 560 544 653 majorem
562 562 685 654 quaerit
699 583 854 654 poenam,
872 575 1073 654 presentem
1089 561 1156 631 dif-

86 677 172 745 leret
194 705 203 744 :
225 678 317 746 omni
337 691 410 745 arte
429 679 582 770 requiem
604 677 711 745 furori
732 677 839 746 dabit.
864 678 900 746 si
923 677 1158 748 vehementior
1181 691 1197 744 3

86 797 172 882 erit3
189 811 251 864 aut
262 793 426 890 pudorem
443 795 492 862 illi
506 795 561 862 oui
580 819 648 862 non
666 796 818 880 resistat,
841 794 1002 877 incutiet,
1015 813 1074 865 aut
1088 817 1159 866 me-

87 927 171 980 tum.
186 913 222 982 si
233 912 419 996 infirmior,
432 935 605 979 sermones
615 911 752 994 inseret,
765 911 818 979 vel
831 928 956 1006 gratos,
968 913 1023 980 vel
1032 935 1158 996 novos,

86 1039 121 1094 et
146 1025 334 1120 cupiditate
357 1025 585 1119 cognoscendi
609 1025 801 1095 avocabit¹.
821 1025 992 1095 Medicum
1005 1031 1020 1062 ¹
1039 1030 1155 1107 aiunt,

87 1163 193 1234 quum
208 1143 300 1235 regis
314 1141 418 1208 liliam
432 1165 553 1209 curare
568 1141 733 1225 deberet,
750 1163 815 1210 nec
829 1145 903 1212 sine
918 1139 1009 1212 ferro
1022 1163 1155 1238 posset,

86 1255 168 1324 dum
179 1273 365 1326 tumentem
375 1281 553 1324 mammam
563 1257 688 1325 leniter
702 1252 715 1294 ³
731 1257 839 1340 foret,
854 1257 1050 1352 scalpellum
1064 1285 1160 1355 spon·

88 1374 145 1466 gia
159 1386 285 1442 tectum
298 1371 484 1442 induxisse.
500 1375 738 1466 Repugnasset
754 1373 870 1467 puella
884 1375 1035 1445 remedio
1047 1378 1160 1471 palam

85 1487 222 1556 admoto
239 1515 247 1554 :
264 1487 401 1571 eadem,
424 1488 504 1579 quia
521 1511 591 1555 non
606 1490 833 1581 exspectavit,
851 1489 1001 1559 dolorem
1017 1494 1106 1561 tulit.

134 1605 214 1671 XL.
231 1599 397 1694 Quaedam
409 1625 477 1670 non
490 1603 557 1668 nisi
570 1601 713 1695 decepta
724 1618 899 1671 sanantur.
917 1603 1026 1673 Alteri
1041 1607 1134 1677 dices
1149 1637 1155 1675 :
1188 1634 1197 1666 ι

85 1715 212 1792 o'Vidc
229 1741 273 1785 ne
290 1718 438 1785 inimicis
451 1715 628 1784 iracundia
641 1732 700 1785 tua
718 1717 882 1811 voluptati
896 1720 940 1787 sit
957 1743 965 1786 ε
986 1747 1002 1784 s
1020 1722 1130 1791 Alteri
1149 1751 1157 1790 ε
1212 1775 1218 1782 -

53 1853 62 1874 s
88 1861 105 1897 c
127 1832 216 1904 Vide
233 1855 279 1900 ne
293 1831 491 1926 magnitudo
509 1833 612 1900 animi
630 1833 680 1900 tui
694 1882 704 1916 ,
720 1832 958 1926 creditumque
973 1838 1065 1930 apud
1087 1827 1161 1934 ple·

91 1973 256 2044 »rosque
284 1950 410 2031 robur,
439 1948 548 2018 cadat.
572 1976 587 2014 u
613 1949 779 2044 Indignor
800 1951 1015 2034 mehercule,
1037 1971 1072 2023 et
1091 1983 1160 2026 non

87 2068 228 2137 invenio
242 2065 381 2135 dolendi
395 2065 551 2147 modum,
574 2065 635 2134 sed
655 2081 786 2159 tempus
803 2070 1065 2161 exspectandum
1084 2092 1158 2142 est:
1205 2082 1209 2094 '

88 2182 186 2251 dabit
198 2207 328 2277 poeoas.
347 2185 453 2251 Serva
470 2180 561 2249 istud
574 2182 610 2248 in
628 2182 741 2250 animo
762 2198 819 2250 tuo
833 2210 842 2268 3
859 2209 963 2276 quum
984 2190 1158 2281 potueris,

88 2315 124 2366 et
139 2323 204 2393 pro
218 2323 314 2367 mora
332 2297 466 2366 reddes.
490 2298 665 2391 Castigare
679 2321 760 2365 vero
779 2299 1003 2386 irascentem,
1024 2321 1059 2372 et
1072 2305 1162 2374 ultro

84 2415 283 2502 ,obriamire
293 2409 355 2498 οὕ,
370 2415 513 2482 incitare
521 2429 584 2481 est.
599 2410 932 2506 Varieaggredieris‚
945 2415 1157 2512 blandeque:
1179 2446 1182 2452 ·

88 2532 157 2600 nisi
171 2529 259 2598 forte
275 2545 368 2598 tanta
380 2551 527 2623 persona
539 2529 630 2610 eris,
646 2543 685 2595 ut
697 2528 804 2620 possis
817 2529 902 2596 iram
916 2533 1159 2622 comminuere,

89 2643 377 2739 quemadmodum
409 2645 489 2711 lecit
517 2644 623 2712 Divus
649 2641 843 2736 Augustus,
877 2669 982 2738 quum
1004 2639 1164 2738 coenaret

88 2761 183 2858 apud
204 2759 349 2830 Vedium
366 2753 587 2829 Pollionem⁵.
609 2762 776 2852 Fregerat
797 2785 885 2829 unus
903 2787 944 2830 cx
965 2767 1071 2835 servis
1089 2769 1163 2861 ejus
1187 2796 1201 2831 2

117 2985 149 3024 ,1.
162 2965 301 3020 Amabo.
313 2964 374 3018 Alio
385 2963 467 3017 trahet
478 2976 503 3016 et
512 2964 544 3016 ab
557 2963 604 3016 nl·
654 2964 716 3017 irata
727 2963 905 3038 objurgatione
917 2968 982 3022 iram
992 2972 1058 3026 velle
1067 2974 1164 3030 sedare.

88 3045 171 3098 tionis
184 3042 306 3118 cupidius
314 3043 347 3095 ad
358 3061 425 3096 nova
436 3055 461 3094 et
471 3042 545 3116 plane
556 3041 605 3094 dit·
645 3037 714 3098 ¹Nou
728 3046 857 3100 assentior.
869 3049 929 3102 Non
941 3050 1010 3103 enim
1024 3053 1104 3120 iram,
1118 3055 1163 3110 sed

88 3124 202 3177 ferentia
212 3124 318 3176 transire
327 3121 431 3195 jubebit.
653 3137 776 3177 austeram
789 3144 895 3197 eamque
908 3129 1068 3183 manifestam
1079 3153 1165 3207 repre-

126 3223 149 3255 a.
166 3201 311 3256 Medr'cum.
332 3203 380 3254 lut.
397 3199 561 3272 chirurgiam,
576 3212 606 3252 nt
652 3201 803 3264 hensionem
830 3215 855 3255 et
883 3206 1071 3280 castigationem
1101 3231 1165 3265 cou-

90 3300 140 3334 πω
161 3279 314 3350 loquimur,
328 3280 372 3352 qui
394 3278 540 3353 scalpellum
560 3282 605 3332 iu-
653 3281 1166 3358 textuslticreqnirit.ltaqucnequeGru·

87 3363 220 3424 duxerit,
233 3358 383 3412 admoverit.
654 3371 708 3412 tero
718 3397 726 3424 ,
738 3379 820 3430 neque
829 3360 915 3432 Lipslc
926 3361 1032 3429 irascar,
1043 3364 1111 3436 qnod
1122 3365 1165 3418 ille

125 3439 151 3492 3.
169 3439 284 3492 Leniter.
295 3440 325 3491 ln
337 3439 452 3492 Gronov.-
467 3449 492 3488 et
503 3437 607 3510 llipont.
655 3456 710 3489 non
719 3437 826 3490 verbulo
838 3437 972 3510 probaret,
989 3457 1036 3494 nec
1049 3442 1092 3494 hic
1108 3462 1165 3495 me·
1247 3479 1249 3488 ι

87 3535 231 3592 operarum
241 3517 304 3570 vitio
315 3535 322 3568 :
331 3519 425 3571 leviter.
656 3514 778 3567 minisset.
786 3515 914 3586 Eguidcm
922 3518 1034 3572 obirasci
1040 3519 1072 3571 ad
1081 3521 1166 3576 selleca

126 3597 192 3649 Xls.
207 3596 276 3647 Arte.
288 3594 373 3647 Pallas
384 3593 485 3646 iratum.
657 3593 819 3646 librariorum
853 3595 936 3668 lapsus
965 3615 1014 3668 ego
1029 3599 1166 3671 'pertinere

124 3680 151 3745 4.
166 3675 209 3728 Et
219 3676 288 3725 ultro
298 3672 403 3724 obviam
412 3675 450 3724 ire
457 3675 482 3724 ei
489 3689 496 3724 t
506 3671 610 3741 vulgata
658 3684 751 3743 putem.

87 3757 190 3818 lectio,
209 3751 279 3804 bono
298 3771 374 3804 sensu
391 3769 399 3803 t
417 3752 471 3804 noli
489 3751 609 3824 castigare
692 3753 837 3805 5.Vediom
847 3751 1167 3812 PollionemeaPinciano

86 3839 206 3896 iratum,
217 3849 265 3885 nec
276 3831 360 3883 statim
371 3829 395 3882 ei
406 3831 538 3894 resistere,
550 3839 575 3880 et
583 3827 609 3880 vi
659 3829 763 3882 restitue
772 3849 800 3880 cz
811 3827 932 3882 Dioneae
942 3831 1028 3884 Plinio
1038 3832 1167 3889 :viduet
1220 3873 1223 3882 ·

85 3917 122 3970 ab
145 3907 284 3968 irascendo
304 3925 417 3962 avocare.
438 3908 533 3984 Optimi
550 3907 610 3960 libri
660 3907 890 3958 Anteaeredium
901 3905 934 3958 Ρ.
945 3909 1010 3961 utin
1021 3910 1117 3964 Erasm.
1128 3911 1168 3968 etl.

85 4008 113 4050 et
127 3991 213 4046 MSS.
223 4001 338 4042 nostram
350 4001 454 4040 tuentur
463 3987 610 4040 lectionem.
658 4009 692 4027 -·
704 3985 734 4036 V
731 3989 805 4038 edlns
814 3986 908 4041 Pollio.
915 3988 988 4042 Unus
1000 4010 1029 4043 cx
1037 3990 1168 4048 ditissimis

86 4071 235 4124 nimam
248 4077 272 4118 et
282 4066 360 4139 ipsam
371 4085 385 4117 a
396 4064 471 4117 bonis
483 4061 555 4116 libris
568 4061 610 4114 ob
659 4075 684 4116 et
700 4062 905 4117 luxuriosissimis
916 4067 1042 4138 equitibus
1056 4072 1168 4124 romanis

86 4146 330 4212 latam,ainccram
345 4143 552 4196 etuniceseram
566 4141 610 4211 l¹¹“
659 4161 712 4194 suae
736 4142 838 4206 etatis,
859 4163 937 4214 quum
966 4160 1038 4200 antea
1065 4150 1168 4202 libertus

87 4225 293 4280 dicatGrouov.
307 4221 610 4275 etultmoblmsci:i.e.
660 4221 767 4288 niuem
791 4221 887 4274 amicus
913 4225 1044 4297 Augusti,
1070 4247 1167 4299 quem,
