2926 4958
247 501 315 570 AD
340 501 516 572 STOIC.
542 501 753 584 PplllerS.
776 501 880 572 ΗΒ.
908 501 984 569 lll.
1023 497 1168 592 clxxxvij

93 649 171 728 ἔιξεις,
190 650 513 730 σηκαταθόσιις,’ὁρμὰς.
532 643 601 708 lmo
617 659 647 710 et
656 646 814 724 ordinem,
830 645 883 728 qni
896 657 941 708 est
954 645 986 706 iu
997 641 1169 706 Allectuum

91 750 226 834 genitura
252 765 283 814 et
305 765 477 836 progressu.
495 750 633 814 Primum
659 752 741 816 euim
757 765 822 830 est,
845 753 992 834 propensio
1008 751 1166 831 quiedam,

92 870 150 917 tum
164 858 305 918 adrumeto
319 869 349 920 et
363 859 473 933 cessio,
490 877 562 918 mox
573 859 721 918 consensio
737 872 767 920 et
781 857 910 938 denique
921 859 1063 938 oppetitae
1078 857 1172 936 impe-

91 975 194 1046 orsqne.
207 961 353 1048 Exempli
362 985 471 1040 cauea,
489 965 590 1027 Visum
600 966 663 1028 eive
671 976 798 1048 φαντασία
808 965 965 1050 objicitur,
977 965 1170 1048 propendeo:

93 1069 226 1150 sequitur
238 1069 327 1132 Notio
340 1072 403 1134 sire
417 1073 517 1149 ἔννοια,
528 1073 604 1136 cedo
615 1085 647 1134 et
656 1073 782 1135 admitto
793 1097 801 1144 ς
814 1085 879 1135 tum
893 1071 1031 1150 cuprum
1042 1071 1105 1133 sive
1117 1073 1175 1132 dre·

91 1183 195 1255 νᾶησις,
218 1178 322 1260 judico
344 1191 375 1241 et
395 1179 570 1250 consenti03
590 1177 719 1261 denique
738 1180 872 1240 incitatio
891 1191 922 1240 et
933 1183 1000 1260 ὁρμὴ
1016 1189 1062 1239 est
1076 1175 1174 1239 velte-

91 1285 233 1348 mentior.
247 1281 405 1368 Epictetus
414 1286 447 1346 in
458 1284 497 1346 tt
511 1281 616 1347 Gellio
634 1285 754 1368 (neque
767 1285 850 1349 euim
864 1285 929 1369 ipsa
943 1305 1023 1349 nunc
1035 1284 1175 1360 exstem)

91 1391 214 1454 breuius
228 1391 313 1470 haec,
329 1395 383 1455 ted
397 1405 500 1456 tamen
512 1392 665 1476 distinguit
683 1394 692 1454 ἑ
712 1391 807 1456 «Vita
818 1393 912 1455 animi
925 1415 934 1466 ς
947 1413 1022 1474 quae
1035 1401 1175 1474 φαντασίας

91 1498 270 1582 appellant,
293 1499 402 1580 quibus
415 1520 502 1563 meua
515 1499 650 1563 hominia
667 1501 767 1583 prima
782 1501 884 1563 statim
898 1500 999 1584 specie
1014 1498 1175 1562 accidentis

93 1606 232 1668 animum
243 1605 291 1666 rei
301 1605 440 1688 pellitur,
451 1625 513 1669 non
524 1605 699 1669 Voluntatis
712 1618 799 1683 armt,
815 1626 914 1686 neque
926 1605 1106 1668 arbitraria:
1121 1606 1176 1668 ted

94 1713 268 1793 viquudam
282 1731 335 1773 sua
355 1712 492 1774 insercuit
504 1733 570 1775 sese
585 1711 758 1774 hominihus
771 1712 958 1774 noscitanda.
975 1709 1176 1774 probationes

93 1831 197 1880 autem
218 1838 294 1900 quaa
311 1826 508 1902 συγκαταθέσεις
523 1833 633 1883 vocant
652 1819 784 1903 (snpra,
811 1819 842 1882 in
855 1815 1010 1880 Plutarchi
1022 1817 1173 1894 verbis),

94 1922 203 2004 quibus
217 1923 296 1986 Visa
316 1940 480 1989 noscuntur
496 1915 531 1989 ac
547 1925 765 2008 dijudicantur,
788 1924 1045 1988 voluntariarum
1059 1969 1068 2000 ‚
1084 1923 1177 1984 fiunt-

97 2051 153 2110 que
171 2030 337 2092 hominum
357 2030 537 2094 arbitratu.»
550 2028 642 2116 (Lib.
653 2030 752 2109 XIX,
766 2053 833 2116 cap.
845 2031 900 2110 ι.)
916 2028 959 2093 Et
970 2029 1058 2114 plura
1073 2030 1155 2092 addit
1168 2075 1176 2106 ,

98 2137 211 2200 utiliter
226 2137 377 2222 legenda;
400 2160 457 2204 nec
470 2141 589 2203 diversa
608 2140 648 2202 ab
662 2141 699 2203 iis
718 2153 822 2202 noster
840 2137 979 2202 Seneca:
999 2135 1066 2200 «Ut
1080 2138 1176 2213 scias,

98 2243 194 2325 iuquit
206 2287 216 2316 ‚
230 2246 487 2324 quemadmodum
503 2246 649 2330 incipiant
660 2246 797 2312 effectus
808 2291 817 2324 ,
829 2259 882 2308 aut
896 2257 1051 2322 crescant,
1067 2257 1119 2308 aut
1130 2243 1179 2306 es-

99 2349 256 2412 seruntur:
282 2347 339 2414 Est
353 2352 470 2436 primus
492 2366 592 2416 motus
605 2373 667 2416 nou
683 2354 881 2431 voluntarius,
902 2353 989 2435 quati
999 2351 1180 2436 praeparatio

99 2457 255 2537 Affectus,
270 2474 301 2522 et
312 2463 448 2543 quiedam
462 2462 668 2526 comminatio.
684 2463 773 2526 Alter
785 2485 855 2526 cum
868 2463 1022 2524 voluntate
1036 2481 1099 2523 uon
1110 2479 1181 2522 cou-

99 2569 223 2632 tumaci.
232 2567 357 2632 Tertius
369 2582 470 2632 motus
480 2584 525 2632 eet
538 2571 601 2653 jam
612 2571 785 2654 impotens,
809 2571 861 2653 qni
873 2569 1039 2633 Rationem
1050 2569 1148 2632 evicit
1162 2594 1177 2624 a

102 2672 146 2744 (ll
157 2672 210 2737 De
224 2673 296 2748 lra,
312 2695 379 2759 cap.
394 2675 441 2752 4.)
455 2673 577 2738 Primus
594 2697 686 2758 quem
701 2676 773 2740 dicit
787 2689 906 2750 motus,
923 2689 970 2740 eet
984 2697 1002 2738 a
1017 2673 1180 2737 Phantasia

103 2781 147 2842 rei
163 2781 261 2842 Boane
275 2779 403 2844 lllalaeve
418 2782 543 2865 objectu
558 2805 566 2842 a
584 2803 643 2865 qua
661 2783 763 2845 statim
786 2783 952 2846 excitamur
975 2784 1014 2844 ad
1032 2795 1181 2866 appeten-

102 2889 195 2962 dum,
213 2902 267 2950 aut
279 2891 492 2952 aversandum.
507 2888 600 2952 Hunc
613 2904 705 2975 negat
720 2889 937 2952 Voluntarium
957 2909 1044 2968 esse,
1062 2889 1139 2952 sicut
1153 2903 1184 2949 et

102 2991 280 3077 Epictetns;
296 2997 439 3080 praevenit
448 2996 530 3058 enim
540 2996 767 3060 inclinationem
779 2998 889 3074 animi,
900 3011 930 3060 et
939 2997 1032 3080 primi
1048 2997 1093 3058 illi
1103 2995 1184 3058 lctus

104 3103 155 3176 (ut
167 3099 244 3162 alibi
254 3101 396 3184 appellat.
404 3098 502 3184 Epist
512 3102 593 3186 tvn)
603 3148 612 3176 ,
623 3101 864 3181 aivePulaus(ut
874 3101 914 3164 Α.
924 3099 1063 3180 Gellius)
1078 3131 1093 3157 «ι
1107 3123 1185 3165 con-

104 3207 221 3268 ditione
234 3207 366 3286 quadam
376 3207 514 3270 lamnae
528 3209 618 3272 sortis
631 3210 774 3272 eveniunt
786 3233 793 3267 :
805 3209 934 3290 ideoque
952 3210 1044 3271 etiam
1063 3207 1186 3292 sapien-

103 3311 231 3374 tissimis
250 3313 397 3376 accidunt.
419 3341 434 3370 n
461 3312 594 3394 (Seuec.
612 3313 645 3376 11
666 3313 718 3378 De
734 3314 805 3385 lra;
825 3335 892 3398 cap.
911 3312 961 3394 a.)
978 3313 1078 3395 Atque
1098 3326 1131 3375 ut
1148 3315 1186 3375 ad

103 3415 261 3482 Lucilium
283 3420 411 3484 scribite
431 3449 447 3476 a
460 3420 607 3504 deam
624 3435 708 3498 arunt,
733 3443 800 3503 quae
824 3421 907 3482 nulla
923 3419 1029 3482 Virtus
1051 3418 1185 3501 effingere

102 3539 225 3608 potem
241 3529 385 3591 admouet
396 3528 482 3592 illam
492 3528 611 3592 Natura
623 3529 816 3592 mortalitatis
827 3551 896 3592 srrae.
908 3527 1014 3610 ltaque
1029 3540 1058 3590 et
1068 3526 1185 3588 vultum

104 3635 236 3698 adducet
246 3637 287 3696 ad
296 3635 465 3713 tristitiam,
476 3650 508 3700 et
517 3636 705 3700 inhorrescet
714 3639 754 3698 ad
763 3636 880 3713 subita,
894 3649 924 3697 ct
934 3634 1076 3718 caligabit
1085 3633 1111 3695 si
1121 3655 1188 3696 vas·

106 3755 172 3804 tam
181 3741 372 3806 altitudinem
384 3744 416 3805 in
426 3745 581 3828 crepidine
593 3747 660 3826 ejus
670 3744 845 3808 constitutus
859 3741 1041 3825 dexpexerit.
1055 3739 1128 3840 Non
1143 3753 1189 3802 est

106 3847 158 3912 ltic
167 3848 281 3924 timor,
294 3851 348 3912 sed
360 3847 517 3914 Naturalia
530 3850 651 3914 affectio
661 3849 904 3934 inexpugnabilia
914 3847 1045 3910 Ratioui.
1057 3875 1072 3902 u
1085 3843 1189 3930 (Epis-

107 3954 172 4016 tola
183 3961 281 4030 tvn.)
300 3953 384 4019 Nota
394 3955 457 4020 haec
467 3971 622 4041 postrema
636 3981 643 4016 ι
655 3979 673 4018 a
684 3956 800 4020 Natura
810 3956 887 4018 tales
899 3953 1100 4016 motiunculas
1112 3969 1188 4015 esse.

106 4061 181 4144 Quo
193 4083 286 4126 eenau
293 4059 444 4127 Senecam
454 4065 544 4127 audio
555 4087 563 4124 ε
574 4062 671 4145 «Quia
678 4078 767 4146 negat
775 4061 1024 4125 omuesAl'sectus
1034 4063 1191 4143 aquodam

107 4173 195 4252 quari
209 4169 353 4232 Naturali
359 4169 454 4234 fluere
462 4172 613 4256 principio
623 4171 635 4234 ,Ρ
645 4199 660 4225 ι»
670 4169 743 4254 (Ep.
753 4172 854 4248 cxvt.)
868 4169 989 4254 Nempe
997 4170 1037 4234 ab
1048 4170 1112 4231 istis
1123 4189 1189 4230 mo

109 4279 210 4354 tibus,
234 4299 312 4360 quos
324 4291 433 4340 natura
447 4280 574 4355 insevit,
592 4280 642 4361 qui
655 4293 782 4354 tumen,
798 4291 832 4340 ut
845 4279 926 4340 idem
943 4278 1002 4352 ait,
1023 4305 1037 4331 «ι
1049 4298 1110 4338 uon
1123 4290 1190 4338 suut

108 4385 270 4461 mecam,
296 4388 348 4447 aed
369 4387 517 4470 principia
534 4385 728 4471 praeludeutia
748 4385 954 4448 dilectibus.»
981 4384 1022 4445 At
1037 4385 1112 4448 alter
1128 4388 1190 4466 jam
