2900 4944
314 418 380 498 5¹9
634 413 702 482 DE
727 416 858 485 VITA·
879 417 1051 488 ΒΕΔΤΔ

361 547 477 616 ΧΧΠ.
495 543 593 638 Quid
607 560 720 614 autem
738 545 835 614 dubii
855 563 931 626 est,
954 551 1037 640 quin
1051 549 1159 640 major
1171 549 1380 618 materiata-

314 663 420 757 pienti
442 665 517 732 vim
542 663 609 746 sit,
631 663 780 730 animum
806 663 996 756 explioendi
1011 671 1019 700 ¹
1037 690 1134 734 auum
1158 667 1196 738 in
1225 665 1376 748 divitiis,

314 801 415 870 quam
430 779 466 844 in
479 793 679 872 paupertate
696 780 712 856 ,Ρ
737 802 841 870 quum
862 777 899 845 in
915 777 980 870 hac
997 803 1102 846 unum
1117 803 1229 872 genus
1248 781 1380 848 virtutis

313 895 378 974 ait,
394 917 465 974 uon,
478 893 660 976 inclinari,
677 917 741 962 uec
763 892 909 987 deprimi
931 920 940 960 :
966 892 1167 984 individia,
1190 912 1228 962 et
1253 912 1379 988 tempe-

313 1009 446 1090 rantia,
473 1023 507 1079 et
521 1007 728 1092 liberalitas,
749 1023 784 1076 et
803 1006 983 1102 diligentia
994 1013 1028 1090 ²,
1046 1025 1081 1076 et
1098 1003 1325 1102 dispositio³‚
1350 1025 1380 1078 et

314 1123 579 1216 magnificentia,
595 1147 749 1216 eampum
762 1121 886 1192 babeat
897 1138 1080 1214 patentem.
1098 1125 1174 1190 Non
1189 1141 1379 1194 contemnet

313 1260 350 1304 se
367 1237 525 1328 sapiens,
544 1236 674 1304 etiamsi
692 1237 795 1305 luerit
821 1237 968 1304 minimae
987 1254 1122 1304 staturae
1142 1267 1154 1322 3
1174 1262 1251 1308 esse
1273 1255 1379 1306 tamen

312 1373 349 1418 se
363 1373 542 1444 procerum
561 1347 671 1417 volet:
691 1365 726 1418 et
739 1350 1001 1444 exiliscorpore,
1014 1375 1054 1418 ac
1069 1352 1192 1418 amisso
1210 1352 1313 1420 oculo
1329 1377 1381 1418 ra-

316 1467 400 1536 lebit
420 1494 430 1550 3
453 1465 555 1534 malet
573 1483 685 1534 tamen
696 1465 761 1534 sibi
776 1490 850 1534 esse
867 1469 1020 1560 corporis
1030 1467 1146 1534 robur.
1168 1471 1212 1536 Et
1226 1469 1305 1538 baec
1320 1472 1377 1548 ita,

313 1599 352 1651 ut
369 1585 454 1652 sciat
474 1607 548 1652 ease
562 1583 655 1652 aliud
682 1585 719 1650 iu
739 1607 774 1651 se
800 1583 989 1668 valentiua3
1011 1584 1129 1652 malam
1152 1585 1380 1654 valetudinem

291 1701 297 1714 ¹
315 1699 484 1792 tolerabit,
501 1700 623 1768 bonam
634 1700 775 1792 optabit.
793 1697 958 1790 Quadam
977 1702 1080 1782 enim,
1097 1703 1232 1768 etiamsi
1244 1703 1284 1768 in
1300 1727 1381 1770 sum-

313 1837 400 1882 mam
423 1808 496 1882 rei⁴
516 1838 619 1908 parva
637 1831 741 1898 sunt,
762 1833 799 1882 ut
814 1831 849 1882 et
872 1813 1014 1884 subduci
1039 1819 1113 1886 sine
1135 1818 1242 1884 ruina
1258 1814 1380 1910 princi-

312 1932 400 2026 palia
418 1931 501 1999 boui
517 1932 659 2024 possint,
672 1930 840 2022 adjiciunt
851 1948 962 2000 tamen
976 1930 1109 2023 aliquid
1121 1932 1166 1998 ad
1183 1951 1380 2027 perpetuam

313 2047 477 2128 laetitiam,
500 2062 535 2113 et
551 2069 591 2112 ex
609 2046 733 2113 virtute
747 2062 954 2114 nascentem.
972 2047 1028 2114 Sic
1041 2045 1138 2114 illum
1153 2047 1318 2118 afficiunt
1333 2049 1380 2116 di-

313 2163 426 2242 vitia,
448 2177 483 2228 et
501 2161 710 2244 exhilarant,
730 2177 769 2228 ut
793 2162 1007 2254 navigantem
1029 2159 1201 2228 secundus
1221 2179 1257 2230 et
1278 2163 1382 2230 lemna

314 2295 455 2360 ventus,
480 2295 517 2347 ut
534 2277 607 2347 dies
626 2279 754 2362 bonus,
779 2281 866 2346 etin
888 2278 1009 2347 bruma
1030 2303 1070 2346 ac
1092 2279 1225 2372 frigore
1252 2285 1381 2375 apricus

272 2395 417 2468 slocua.
442 2394 531 2486 Quia
558 2417 660 2487 porro
686 2396 897 2490 sapientum,
919 2410 1112 2462 nostrorum
1135 2393 1236 2476 dico,
1262 2397 1381 2487 quibus

312 2535 416 2578 unum
446 2526 496 2578 eat
516 2511 639 2578 bouum
660 2511 788 2594 virtus,
811 2527 914 2604 negat
933 2511 1034 2578 etiam
1055 2507 1128 2578 haec
1147 2536 1228 2604 quae
1254 2513 1380 2581 indiffe-

312 2619 443 2694 rentia⁵
454 2651 624 2708 vocamus,
642 2626 769 2694 babere
784 2628 820 2692 in
838 2650 875 2694 se
893 2625 1026 2718 aliquid
1043 2629 1166 2718 pretii,
1187 2629 1382 2698 etaliaaliis

311 2765 384 2810 esse
402 2743 566 2836 potiora?
585 2741 799 2832 Quibusdam
813 2763 853 2808 er
871 2741 925 2808 his
941 2741 1103 2808 tribuitur
1120 2743 1256 2836 aliquid
1280 2746 1382 2812 hono·
1426 2811 1427 2816 ,

310 2976 480 3040 nudabam„
489 2997 534 3030 ase
543 2977 677 3050 perscripta
685 2979 719 3043 lt,
729 3000 750 3030 e.
758 2977 803 3031 ult.
868 2991 931 3040 tera,
941 2997 989 3030 nee
1000 2977 1031 3029 ad
1041 2977 1218 3030 infelicitatem
1233 2983 1377 3034 conferant:

342 3055 425 3108 xxlt.
445 3057 513 3108 Anu.
543 3056 657 3128 Sapienti
677 3055 771 3110 divitia
795 3067 819 3107 et
867 3057 1380 3121 utsunidiviiiae‚sanim,cremona·-

309 3134 395 3186 umnia
409 3134 467 3196 illa,
481 3154 537 3205 quae
551 3135 724 3188 indifferentia
737 3154 818 3186 vuca-
867 3149 903 3186 ter
922 3155 951 3186 ea
970 3135 1080 3209 appellat
1102 3135 1306 3207 indifferentia,
1331 3157 1379 3208 qua

309 3211 817 3286 bantStoiei,ampliorempraebautrnate·
866 3211 927 3266 alias
945 3214 1112 3266 nominantur
1129 3213 1225 3266 media.
1248 3215 1379 3268 ciceron

308 3287 402 3340 riamet
410 3309 525 3362 eampum
538 3289 668 3344 exercendi
677 3291 803 3342 virtutem.
866 3303 939 3343 vocat
948 3290 1083 3364 producta,
1094 3293 1247 3366 preposita,
1259 3295 1379 3367 praeeipua

343 3385 363 3416 ι.
380 3369 508 3419 Animam
524 3371 684 3436 explicandi.
704 3369 815 3420 Virtutes
865 3371 1058 3438 (κροηγμίνα),
1081 3383 1107 3422 et
1117 3371 1232 3441 rejecta(
1240 3377 1379 3447 ἀποτμη-

305 3444 384 3518 animi
399 3445 557 3497 ostendendi.
864 3447 942 3516 pisa),
952 3447 984 3498 de
994 3445 1091 3514 Finib,
1103 3449 1150 3512 ΠΙ,
1166 3449 1192 3512 d.
1208 3447 1247 3500 rb.
1264 3450 1380 3502 ill-esti-

339 3541 362 3573 2.
385 3520 540 3590 Diligentia.
576 3523 606 3573 ln
628 3523 767 3593 querendo
792 3535 816 3574 et
864 3521 1379 3590 mationemffifiias,hononm‚babeat.

305 3599 409 3650 tuendo.
863 3599 1212 3671 ideoquedignasuut‚qaae
1223 3616 1379 3674 appetantur.

337 3674 610 3742 &Disposutoautem
625 3675 653 3727 in
664 3677 813 3730 collocando
864 3697 885 3728 e.
903 3695 925 3727 c.
940 3676 1043 3728 virtutes
1060 3677 1140 3731 animi
1158 3689 1184 3728 et
1204 3680 1344 3752 eorporis,
1362 3691 1381 3728 et

304 3763 327 3802 et
340 3753 540 3806 administrando
554 3755 670 3806 cernitur.
863 3773 940 3827 opes,
959 3753 1051 3826 gloria,
1065 3767 1125 3818 αις
1145 3753 1202 3806 bac
1225 3757 1380 3831 defugienda
1426 3755 1427 3778 ³

336 3833 361 3895 d.
373 3833 407 3883 In
419 3853 552 3886 summam
562 3839 605 3886 νεὶ.
618 3837 638 3888 l.
647 3835 667 3886 si
678 3855 734 3886 cum
743 3832 812 3887 bono
862 3845 928 3883 sunt.
940 3829 1006 3882 Utus
1014 3830 1058 3882 dat
1068 3831 1099 3884 lis
1110 3851 1208 3884 nomen
1221 3873 1230 3898 ,
1243 3836 1304 3887 sive
1311 3857 1381 3906 quun

304 3909 612 3984 principali,i.e.virtute
629 3923 814 3984 comparantur.
863 3911 959 3975 virtus,
978 3911 1031 3963 sive
1052 3931 1133 3982 quum
1150 3913 1255 3966 malitia
1275 3916 1380 3968 necessit

304 3985 370 4037 Sunt
380 3985 451 4049 bec,
463 3988 603 4040 seeundum
618 3987 731 4050 Stoicos,
744 3990 814 4043 adia·
863 3990 940 4043 Plura
950 3989 1020 4042 dabit
1032 3989 1132 4062 Lipsius
1141 3990 1169 4042 in
1181 3991 1340 4046 Manudurt
1351 3995 1378 4053 ll,

304 4059 399 4128 pbnra.
420 4075 522 4116 notante
546 4065 631 4138 Lipsio
654 4086 667 4116 e
692 4067 811 4139 Diogene
863 4085 907 4130 nr,
922 4087 962 4118 ιι.

304 4137 383 4188 baert.
394 4141 457 4204 Vll,
475 4144 528 4206 ¹⁰43
542 4161 598 4212 qut
609 4162 654 4194 ner
664 4143 695 4195 ad
708 4145 812 4197 l'elicita-
895 4149 918 4200 S.
935 4147 1130 4220 lndrffereutia.
1154 4149 1217 4202 Vid.
1241 4163 1297 4202 not.
1317 4169 1374 4222 supr·
