2894 4954
355 461 510 530 niuea
535 465 592 548 11,
621 465 733 530 car.
763 463 826 528 v1.
1061 463 1125 530 263

68 605 121 658 tet.
137 590 283 659 Afflictis
299 615 397 674 vero,
419 609 454 660 et
468 592 588 660 fortius
606 596 613 626 ¹
637 590 887 672 laborantibus,
907 589 1011 658 multo
1023 589 1130 658 liben-

69 712 129 776 tius
139 708 328 777 subveniet.
343 709 511 800 Quotiens
525 711 669 802 poterit,
688 709 831 776 fortunae
843 707 1052 792 intercedet,
1067 708 1128 776 ubi

68 828 155 892 enim
175 825 296 918 opibus
313 826 424 917 potius
442 839 559 892 utetur
574 841 634 892 aut
650 823 803 905 viribus,
828 848 928 914 quam
956 823 1000 890 ad
1026 824 1128 890 resti-

70 937 207 1020 tuenda,
222 962 298 1028 quae
314 961 411 1006 rasus
423 937 599 1029 impulit²l
611 936 743 1005 vultum
757 935 896 1028 quidem
910 959 980 1004 non
994 934 1131 1028 dejiciet

68 1075 126 1120 nec
150 1054 319 1133 animum,
343 1053 387 1121 ob
405 1044 623 1122 aeruseantis³
640 1053 722 1122 civis
744 1050 874 1120 aridam
890 1075 931 1119 ae
945 1073 1129 1144 pannosam

68 1162 236 1251 maciem⁴,
253 1185 288 1236 et
299 1169 578 1238 innixumbaeulo
589 1162 825 1238 senectutem⁵.
842 1171 1009 1238 Caeterum
1017 1170 1128 1236 omni-

69 1285 127 1354 bus
142 1285 257 1379 dignis
271 1285 447 1378 proderit,
462 1287 680 1368 et,'Deorum
700 1310 808 1369 more,
825 1286 1034 1354 calamitosos
1051 1309 1130 1378 pro-

72 1403 174 1493 pitius
199 1404 370 1496 respiciet.
391 1401 627 1470 Misericordia
644 1404 756 1470 vicina
775 1419 826 1470 est
844 1404 1007 1470 miseriae:
1027 1403 1131 1470 habet
1157 1403 1172 1455 3

68 1515 153 1582 enim
165 1513 311 1606 aliquid,
326 1515 499 1608 trahitque
511 1540 551 1584 ex
558 1539 609 1582 ea.
626 1515 935 1583 Imbecillesoeulos
945 1540 1018 1584 esse
1029 1518 1127 1596 scias,

69 1629 123 1718 qui
140 1627 184 1696 ad
201 1627 347 1696 alienam
364 1627 604 1722 lippitudinem
625 1647 659 1698 et
676 1632 741 1722 ipsi
757 1623 1024 1698 suffunduntur⁶
1040 1658 1046 1696 :
1064 1648 1131 1698 tam

70 1745 279 1826 mehercule,
296 1769 398 1836 qnam
411 1745 565 1814 morbum
578 1773 664 1828 esse,
678 1773 744 1815 non
759 1747 982 1830 hilaritatem,
998 1771 1132 1840 semper

70 1859 217 1929 arridere
236 1859 449 1945 ridentibus,
469 1876 504 1928 et
524 1862 568 1929 ad
592 1865 741 1932 omnium
766 1865 996 1932 oscitationem
1021 1865 1132 1955 ipsum

70 2003 199 2070 quoque
224 2003 261 2046 os
284 1977 459 2047 diducere.
487 1981 722 2049 Misericordia
738 1983 856 2049 vitium
876 1998 927 2049 est
943 1982 1131 2048 animorum

71 2095 164 2162 nimis
189 2095 334 2162 miserie
353 2095 537 2164 faventium
556 2123 563 2162 :
587 2122 687 2188 quam
708 2101 735 2166 si
753 2100 830 2191 quis
855 2123 873 2166 a
891 2099 1042 2192 sapiente
1059 2098 1132 2166 exi-

72 2277 104 2328 los
116 2278 248 2342 homines,
265 2292 388 2350 quanm
400 2299 439 2332 res
452 2281 582 2352 postuler,⁸
624 2287 654 2336 Α.
672 2283 739 2338 Gell.
754 2285 909 2338 Noctdttie.
922 2283 967 2336 lib.
979 2285 1029 2348 lX,
1042 2303 1095 2354 eap.
1109 2301 1132 2334 2.

72 2358 366 2428 reprehendatmoneatre
375 2357 575 2428 ideoqucemeu·
658 2365 681 2429 4.
691 2365 807 2415 Aridum
816 2381 1001 2432 arpennorum
1012 2365 1131 2425 maciem,

72 2435 125 2498 det,
147 2457 205 2489 eum
226 2437 257 2488 iis
277 2437 316 2490 vir
336 2437 418 2490 bouus
437 2437 575 2490 bouiutem
625 2455 669 2493 etc.
685 2463 698 2488 a
711 2439 776 2492 Cura
795 2441 884 2494 baculo
902 2455 1011 2514 peraque
1028 2457 1132 2501 senem,

72 2535 133 2567 suam
144 2517 327 2569 communicat.
624 2519 664 2570 eui
678 2537 739 2571 cana
754 2519 882 2590 putrisque
894 2517 948 2570 Stat
964 2535 1035 2570 roma
1046 2555 1053 2580 ,
1065 2529 1090 2568 et
1106 2517 1132 2567 iu

103 2614 121 2644 ι.
138 2598 251 2668 librta'us.
269 2594 380 2666 Antiqua
391 2595 483 2659 lectio,
498 2613 575 2663 quam
624 2610 708 2670 pectus
727 2596 830 2649 sordida
852 2596 928 2647 barba
948 2595 1032 2657 eadit;
1052 2594 1133 2646 Cerea

73 2683 94 2721 et
102 2671 197 2726 Emm.
209 2672 413 2745 representavit,
426 2685 450 2722 et
462 2691 490 2724 ea
498 2673 575 2744 longe
624 2695 700 2747 quem
708 2676 771 2727 nudi
780 2673 998 2746 tegituxorabolla
1008 2673 1133 2743 grabati.»

73 2749 169 2802 eximior
184 2751 334 2820 ista,·quam
349 2750 488 2802 Pincianus
503 2771 575 2802 excoa
624 2754 735 2806 Martial.
758 2752 800 2805 lib.
823 2753 870 2816 lV,
888 2751 1046 2824 Epigramm.
1065 2765 1132 2814 tut,

73 2828 169 2898 gitavit,
180 2850 194 2880 a
206 2828 293 2900 Lipsio
305 2827 467 2880 vehementer
480 2829 576 2901 proba·
624 2851 671 2884 vss.
684 2831 699 2883 3
710 2871 717 2897 ,
729 2851 784 2902 sqq.

74 2917 131 2968 tam,
139 2907 270 2976 jer-luitis.
282 2907 359 2958 llecte
371 2905 474 2976 quidem
489 2906 574 2958 obscr-
657 2913 681 2962 5.
695 2909 736 2961 ob
745 2909 897 2961 renascentis
909 2909 971 2958 civis
984 2907 1092 2956 aridam
1102 2925 1134 2958 ae

74 2993 110 3032 vat
119 2983 233 3056 lipsius:
246 3007 260 3031 e
271 2983 378 3039 preivit
386 2983 417 3035 de
429 2982 575 3056 improban—
594 2989 598 2996 “
622 3005 771 3056 pannosam
782 2987 890 3036 moriem
896 3021 904 3045 ,
918 2993 943 3034 et
952 2985 1075 3033 innixam
1086 2982 1133 3032 ba-

74 3059 107 3111 dis
124 3063 164 3113 vel
183 3061 367 3126 mendandis,
390 3063 417 3114 id
439 3075 490 3129 est,
513 3081 576 3132 quoe
624 3067 680 3117 culo
693 3073 849 3116 senecensem.
863 3059 931 3112 Dedi
947 3060 1049 3122 locum,
1068 3060 1132 3112 utia

74 3140 138 3212 eulpa
148 3159 192 3192 sua
203 3141 296 3212 premit
308 3159 316 3191 t
327 3153 352 3192 at
366 3161 432 3192 nune
443 3141 475 3192 de
488 3141 519 3192 iis
533 3139 576 3191 lo-
625 3139 750 3192 Pincisno
761 3181 768 3208 ,
786 3159 862 3212 quem
882 3139 999 3191 laudabat
1016 3138 1114 3211 Lipsius
1125 3175 1132 3194 .

75 3217 165 3285 quitur,
185 3239 249 3288 quos
264 3221 364 3270 somnne
381 3219 479 3270 elllisit.
491 3239 504 3264 ν
518 3219 576 3270 Jam
626 3232 650 3271 et
670 3219 804 3270 Gronovic
825 3217 974 3269 constitutus
993 3227 1029 3266 est
1045 3215 1131 3286 :apud

75 3313 128 3346 vero
145 3295 194 3347 hoc
216 3295 352 3368 imperium
372 3297 499 3362 fortunae,
514 3315 576 3348 vose
625 3295 758 3346 Erasnium
772 3313 871 3368 prorsus
881 3293 958 3346 deest.
966 3293 1052 3358 Quum
1062 3292 1133 3345 Gro—

75 3371 173 3438 afflietr's
191 3372 252 3422 satis
270 3391 412 3445 expressum
435 3385 490 3424 est:
507 3373 578 3425 addit
626 3374 716 3425 novius
728 3373 755 3423 in
764 3373 820 3424 cod.
831 3371 972 3423 Nasariano
984 3370 1133 3422 invenisset:

75 3447 142 3499 etiam
152 3449 344 3515 fortitudinem,
356 3470 406 3520 qua
417 3451 503 3503 alllicti
514 3451 576 3504 sala·
625 3451 756 3503 obcmsari
766 3456 838 3513 cujus
853 3451 963 3500 andum
983 3458 1032 3500 aut
1044 3467 1134 3515 portam

75 3531 179 3579 mitatem
189 3527 315 3592 tolerant,
328 3527 396 3580 haud
408 3527 484 3579 dubie
495 3529 535 3580 vel
546 3547 576 3580 eo
623 3536 680 3592 jam
697 3531 808 3579 maciem
824 3538 849 3578 et
863 3529 890 3576 in
905 3545 1007 3578 noxam
1024 3523 1133 3588 baculo,

77 3607 173 3659 nornine
187 3608 288 3671 meriti,
304 3607 395 3677 quibus
407 3606 577 3660 subveniatur.
626 3605 686 3657 inde
696 3605 754 3655 lecit
765 3604 837 3655 docte
844 3601 940 3672 magis,
949 3619 1025 3670 quam
1035 3600 1133 3653 verius:

77 3686 118 3737 llis
125 3701 209 3740 tamen
219 3687 386 3758 egodnbitem
396 3686 494 3738 veritati
503 3705 577 3756 qnam
624 3685 656 3736 ob
667 3683 710 3736 Iri
726 3683 838 3748 alicujus
851 3680 960 3730 aridam
974 3695 1008 3728 ac
1025 3695 1132 3745 panno-

76 3766 174 3818 masime
182 3765 323 3838 proximum
331 3765 491 3828 Pincianum,
501 3785 577 3835 quum
624 3781 684 3814 sam
695 3762 806 3810 maciem
816 3767 842 3809 et
851 3758 975 3808 irmiaeam
988 3753 1080 3806 baculo
1087 3771 1133 3804 se-

78 3841 135 3893 intra
143 3844 174 3894 sit
182 3844 339 3894 resumenda
346 3861 404 3912 ‹711oe
412 3861 489 3896 casus
495 3847 579 3910 impu·
625 3847 782 3890 nectutem.»
795 3837 891 3886 locum
902 3831 985 3883 adbuc
997 3831 1025 3882 in
1038 3829 1132 3882 mendo

76 3923 111 3971 tit.
122 3922 293 3974 lleseriberem
305 3923 512 3994 tamenjbrtevel
518 3922 578 3986 sor·-
627 3915 717 3969 cubare
728 3913 811 3984 quivis
822 3911 954 3984 intelliget.

76 3999 316 4070 indeptosorruitis.
660 3986 1132 4058 blmheillesorums...auffmadun-

108 4095 128 4124 r.
140 4077 260 4142 Impulit.
271 4077 304 4127 ll.
320 4097 341 4126 e.
353 4076 450 4130 evertit.
627 4086 675 4125 tur.
684 4071 718 4122 Ut
728 4069 831 4122 mollem
842 4087 893 4118 esse
902 4079 968 4139 patet
977 4065 1060 4116 virum
1070 4101 1077 4129 ,
1087 4065 1131 4134 qui

107 4154 128 4204 3·
140 4156 311 4208 AEruscentis
326 4158 394 4208 civis.
411 4155 467 4206 lloe
481 4167 527 4216 est,
544 4154 577 4205 ei·
628 4151 763 4220 «aliquem
777 4147 864 4199 videns
875 4143 1013 4196 fodientem
1026 4139 1131 4193 etaltius

80 4230 113 4280 ais
129 4233 235 4306 stipem,
257 4251 291 4286 aes
315 4231 493 4285 mendicantis.
516 4231 576 4282 Vid.
627 4242 732 4282 rastrum
750 4226 916 4287 allevantem,
931 4223 1022 4275 lassum
1036 4239 1061 4272 se
1078 4218 1133 4270 lieri
