2930 4956
270 449 369 532 xxxvj
415 441 483 508 DE
502 442 632 510 vl'ra
647 441 716 509 ΕΤ
733 442 842 511 SCR.
862 447 901 512 L.
920 447 962 512 Δ.
981 445 1214 517 SENECAE.

262 601 343 650 tatrxr
352 583 400 646 Vl
408 583 480 648 Nat.
494 582 607 666 Qumst.
621 629 630 660 ‚
643 603 709 668 cap.
724 585 756 660 ’4.
770 584 843 648 Nun
852 586 1004 650 desideres
1016 635 1025 664 ‚
1035 588 1105 668 quia
1116 587 1256 650 eamdem
1270 607 1346 660 mags

268 695 393 771 teriam,
417 694 449 754 in
470 693 577 756 iisdem
595 689 837 772 Qmstionibum
858 695 1037 758 retractavit

303 801 357 864 Du
379 815 597 862 utrumnum.
619 797 764 861 Fueritne
785 799 881 876 liber,
904 821 943 862 sn
963 801 1113 884 epistola.
1131 800 1263 864 neseio:
1288 801 1343 862 sed

266 909 337 971 citat
350 905 556 991 Hieronymus
575 909 643 970 adr.
661 905 816 968 Jorinian.
839 907 893 968 lib.
910 906 936 968 l.
1047 950 1052 959 .

305 1013 485 1091 ΙΙΙετοιυΑ,
502 1027 553 1074 aut
571 1014 784 1097 compendium
798 1039 806 1086 ;
824 1034 861 1075 ex
874 1011 1024 1078 Laetantii
1038 1012 1119 1090 Vll,
1141 1033 1208 1096 sap.
1226 1013 1272 1074 15.

301 1121 355 1184 Du
370 1137 620 1184 suemrtmutut
634 1121 734 1196 liber,
751 1121 832 1182 baud
848 1121 939 1183 dubie
953 1120 1032 1183 inter
1047 1121 1205 1204 sapientes.
1223 1115 1342 1181 laudat

142 1249 146 1258 ·
262 1243 293 1291 et
316 1230 450 1310 excerpit
474 1230 610 1309 qsmdam
633 1227 836 1312 Augustinus,
858 1225 921 1288 Vll
946 1226 997 1290 De
1022 1223 1113 1290 Cirit.
1143 1225 1286 1290 Meminit
1310 1237 1343 1288 et

262 1335 468 1398 Tertullianus
487 1335 518 1396 in
540 1333 750 1418 Apologetieo.

304 1439 467 1512 D1a1.001;
489 1460 564 1521 quos
586 1437 613 1501 F
614 1439 699 1502 abins
716 1442 873 1518 nominat,
891 1462 949 1504 nee
965 1441 1053 1504 ultra.

302 1544 485 1608 Monstrum
499 1545 581 1608 libri.
594 1542 767 1609 lactantius
781 1547 853 1610 citat
865 1547 917 1609 lib.
933 1545 984 1620 11,
999 1565 1065 1630 sap.
1082 1563 1106 1606 11
1118 1593 1127 1624 ‚
1140 1559 1229 1628 atque
1240 1545 1337 1623 alibi,

261 1667 292 1717 et
308 1635 437 1737 ipsemet
450 1666 553 1716 noster
573 1649 670 1736 Epist.
692 1668 767 1724 cvt;
790 1653 895 1727 initio,
914 1668 944 1716 et
961 1654 1046 1737 epist.
1067 1669 1128 1715 ctx.
1154 1651 1281 1737 Scripsit
1305 1652 1339 1714 in

262 1773 417 1837 extremo,
429 1772 463 1820 ut
475 1755 518 1820 ibi
532 1771 659 1841 apparet
674 1782 682 1818 ι
696 1779 715 1820 o
728 1759 844 1842 insigne
862 1781 938 1844 opus
952 1763 960 1822 l
978 1775 1009 1822 et
1024 1761 1114 1845 lugeo
1128 1760 1338 1843 interceptum.

302 1863 587 1927 Exuouusxrorsuu
601 1865 681 1926 libri.
701 1863 809 1928 Plures
819 1866 900 1928 enim
914 1866 1056 1946 fruentur,
1070 1888 1087 1928 e
1103 1863 1259 1930 [neuntio
1274 1913 1282 1944 ‚
1307 1879 1341 1930 et

258 1970 442 2056 Fragmenta
473 1985 577 2034 nostra
605 1972 683 2034 ride.
714 1969 784 2034 Hoc
811 1971 910 2055 ipsum
937 1973 1004 2054 quis
1025 1994 1088 2035 nou
1112 1974 1191 2035 inter
1215 1972 1340 2056 egregia

262 2099 390 2163 opertam
404 2077 538 2141 censebit
552 2078 784 2161 reponendum?
808 2076 885 2140 Sunt
905 2078 986 2152 alia,
1005 2081 1059 2142 sed
1079 2101 1143 2160 quase
1164 2080 1279 2142 incerto
1296 2081 1339 2140 ad

260 2185 340 2247 hunc
356 2184 471 2248 referas
498 2205 505 2243 ι
528 2197 562 2246 ut
578 2183 730 2247 Notarum
754 2185 871 2261 libros,
894 2186 946 2267 qui
971 2185 1065 2272 patris
1088 2186 1185 2269 magis
1204 2185 1339 2248 fuerunt.

262 2290 341 2354 ltem
359 2288 410 2353 De
429 2288 547 2353 Causis.
571 2289 617 2352 lta
638 2291 720 2352 enim
744 2291 874 2376 scriptor
895 2292 1099 2366 innominatus
1120 2289 1238 2352 Rerum
1263 2290 1340 2352 Bri-

263 2397 372 2460 tanniae
393 2421 400 2457 :
423 2425 438 2452 «ι
455 2395 571 2460 Seneca
589 2399 627 2460 de
645 2395 753 2462 Causis
773 2411 1015 2474 commemorat,
1039 2395 1188 2462 Catonem
1206 2400 1341 2461 oratoris

264 2505 398 2568 officium
417 2503 609 2568 definientem
623 2503 751 2580 dixisse,
766 2501 882 2567 Orator
902 2517 948 2567 est
967 2504 1013 2567 vir
1033 2505 1130 2567 bonus
1146 2506 1263 2570 dicendi
1276 2529 1340 2591 pe-

265 2615 349 2675 ritus.
367 2639 382 2668 s
406 2610 467 2675 Sed
493 2612 519 2673 is
537 2630 656 2692 quoque
669 2623 789 2694 patrem
809 2623 946 2694 spectat,
966 2626 997 2675 et
1018 2626 1086 2674 sunt
1105 2609 1341 2676 Controversia-

265 2740 335 2780 nun
360 2717 430 2782 libri
457 2717 515 2778 :iu
542 2737 673 2798 quorum
693 2717 815 2800 primo,
835 2715 1014 2780 Praesatione
1029 2720 1114 2803 ipsa,
1136 2719 1196 2782 boc
1210 2716 1341 2784 Catonis

264 2823 399 2907 reperies
411 2821 454 2884 ibi
470 2821 601 2886 citatum.
619 2819 653 2885 Si
670 2822 742 2904 quid
757 2845 808 2884 me
827 2824 919 2885 etiam
932 2823 1024 2908 fugit,
1040 2825 1071 2886 in
1084 2823 1275 2909 fragmentis
1287 2848 1342 2890 re·

264 2930 365 3012 peries
385 2952 392 2988 :
411 2929 466 2992 etsi
485 2929 605 2991 minora
622 2949 685 2992 non
701 2942 765 2992 tam
781 2929 946 3014 effugiunt,
965 2952 1056 3013 quam
1066 2932 1166 3017 patior
1180 2933 1260 2994 elabi
1273 2945 1293 2994 ¹.

306 3032 369 3097 Sed
390 3033 485 3112 heus,
504 3031 680 3096 Etusuouas
693 3037 733 3096 ad
745 3032 860 3098 Divum
874 3034 1003 3099 Paulum
1020 3019 1085 3099 non·
1104 3041 1340 3102 memoramus?

264 3139 340 3222 Qme
353 3161 432 3204 nrme
448 3153 535 3218 sunt,
552 3161 615 3202 nou
630 3156 698 3202 sunt
709 3140 784 3201 tanti
800 3142 886 3204 :imo
907 3155 1024 3204 eertum
1047 3157 1093 3206 est
1109 3146 1244 3228 ejusdem
1265 3165 1341 3210 aue·

264 3249 360 3326 toris,
379 3260 410 3310 et
423 3246 511 3310 Pauli
534 3261 564 3310 et
588 3245 731 3320 Senecae,
757 3247 825 3310 illas
841 3269 926 3324 esse,
951 3262 981 3311 et
1002 3252 1186 3334 compositas
1208 3273 1225 3313 a
1244 3255 1341 3316 semi·

265 3356 354 3418 docto
366 3354 398 3416 in
408 3353 574 3416 ludibrium
583 3365 731 3416 nostrmn.
745 3351 859 3416 Tentat
869 3351 1068 3438 Latineloqui
1083 3357 1216 3438 quisquis
1229 3373 1341 3422 auctor

263 3461 329 3525 tuis
344 3458 430 3545 Ergo
443 3461 522 3522 inter
537 3480 570 3520 se
584 3479 646 3520 non
668 3459 872 3542 scripserunt?
887 3457 1093 3548 Hieronymus
1106 3467 1167 3543 (de
1182 3465 1343 3548 scriptori-

265 3568 322 3630 bus
345 3565 500 3644 Eeules.),
521 3565 704 3649 Atrgustinus
718 3563 839 3650 (Epist
863 3581 938 3644 unt,
963 3570 1001 3630 ad
1024 3566 1144 3633 Maced.
1168 3584 1199 3632 et
1218 3569 1265 3632 Vl
1281 3569 1340 3637 De

264 3672 355 3740 Civit.
372 3690 400 3738 c.
416 3675 477 3750 ιο)
496 3697 503 3746 ;
527 3685 615 3754 atque
636 3671 727 3734 etiam
747 3674 898 3755 antiquior
923 3687 1058 3756 utroque.
1071 3673 1165 3738 Linus
1193 3675 1337 3742 Pontifex

262 3778 334 3861 (De
348 3779 492 3842 Passione
504 3778 565 3842 divi
575 3777 704 3856 Pauli),
716 3791 871 3856 asserunt,
887 3793 917 3842 et
933 3781 1052 3864 passiva
1063 3783 1166 3866 opinio
1179 3782 1252 3845 olim
1265 3784 1337 3848 suit.

262 3884 362 3967 Atque
377 3888 453 3949 adeo
466 3884 521 3947 Jo.
543 3881 774 3947 sarisberiensis
786 3881 874 3966 (Lib.
892 3883 1157 3976 Vlll.[Polyerat‚
1173 3911 1237 3974 cap.
1265 3891 1341 3971 13.)

295 4108 305 4139 ¹
317 4106 355 4158 Ex
366 4103 503 4158 novissime
515 4103 617 4176 repertis
629 4104 732 4158 Senecae
748 4105 908 4176 fragmentis,
926 4126 983 4178 quus
1002 4107 1033 4160 ad
1049 4109 1148 4163 Nostros
1161 4109 1220 4162 edit.
1235 4111 1336 4166 caleam

259 4195 383 4270 reperies,
397 4195 515 4250 discimus
527 4215 543 4248 a
559 4195 651 4248 Nostro
663 4195 781 4269 seriptum
797 4217 897 4267 quoque
908 4197 1000 4252 librum
1010 4201 1043 4253 de
1059 4203 1114 4254 sita
1123 4205 1226 4268 puris,
1240 4214 1265 4254 et
1276 4202 1336 4256 dis-

260 4281 415 4362 putationem
424 4290 463 4356 ,de
473 4289 609 4352 umt'cits'u,
623 4305 679 4357 que
692 4288 795 4341 sortasse
806 4287 944 4342 Moralium
956 4289 1077 4345 librorum
1089 4311 1144 4366 pars
1156 4291 1212 4348 tuit
