2894 4954
309 464 376 534 256
637 464 706 536 DE
730 463 1055 536 CLEMENTIA

307 594 545 677 ctmctatione,
577 595 625 664 ita
641 595 827 690 aliqnando
855 595 986 666 acribaa
1027 619 1164 666 necesse
1191 613 1245 666 eat
1272 593 1383 679 illud,
1440 649 1441 690 3

307 706 402 803 quod
412 709 473 778 tibi
489 709 526 776 in
541 706 657 778 odium
672 709 788 780 literae
800 707 943 779 adduxit
959 739 969 796 3
984 709 1066 794 aed,
1083 711 1171 778 aient
1184 710 1289 794 facia,
1305 735 1385 780 cum

307 851 431 922 magna
447 827 684 911 cunctatione,
703 852 782 897 cum
801 827 916 897 multia
934 826 1166 896 dilationibus.

256 976 260 984 ·
356 943 417 1010 ΠΙ.
433 945 476 1011 Et
491 964 536 1010 ne
554 940 641 1010 lorte
657 939 806 1036 decipiat
820 965 883 1011 noa
907 941 1096 1035 epecioeum
1117 940 1307 1010 clementia
1325 963 1385 1007 no-

308 1081 406 1142 men,
426 1055 611 1150 aliquando
637 1070 673 1126 et
698 1058 735 1125 in
759 1057 968 1128 contrarium
1001 1057 1174 1144 abducat,
1208 1055 1386 1128 videamus

308 1173 393 1268 quid
404 1173 449 1244 ait
462 1173 664 1256 clementia,
687 1173 868 1266 qtmlioque
885 1174 948 1258 ait,
969 1189 1005 1244 et
1028 1197 1114 1267 quoa
1131 1175 1219 1244 linea
1237 1173 1379 1242 babeat.

308 1291 498 1362 Clementia
508 1307 560 1358 eat
571 1291 797 1384 temperantia
806 1291 934 1375 animi,
950 1292 987 1360 in
996 1307 1161 1386 potestate
1169 1289 1360 1362 ulciscendi
1375 1319 1383 1358 :

308 1406 389 1490 vel,
415 1405 537 1475 lenitas
561 1406 748 1500 superioria
773 1405 937 1476 advereua
964 1407 1164 1477 inferiorem
1189 1408 1228 1475 in
1253 1408 1385 1476 eonati-

309 1523 446 1596 tuendia
467 1524 592 1620 poenia.
621 1523 747 1593 Plura²
764 1547 957 1618 proponere
977 1539 1030 1592 eat
1048 1525 1172 1606 tutius,
1184 1521 1386 1592 nennade-

311 1645 421 1715 linitio
437 1664 558 1739 parum
572 1663 644 1710 rem
657 1639 948 1736 comprehendat,
971 1656 1026 1725 et,
1043 1657 1082 1710 ut
1099 1642 1146 1709 ita
1163 1639 1295 1724 dicam,
1316 1639 1385 1712 for·

310 1763 402 1832 mula
426 1760 560 1830 excidat
579 1749 619 1826 ³:
647 1759 762 1851 itaque
792 1755 859 1827 dici
885 1772 997 1852 poteat
1017 1772 1053 1826 et
1077 1757 1256 1828 inclinatio
1281 1759 1384 1826 animi

309 1876 354 1947 ad
369 1875 544 1946 lenitatem
562 1875 599 1942 in
615 1896 717 1966 poena
735 1870 916 1967 exigenda.
937 1871 1001 1942 illa
1018 1872 1130 1941 finitio
1142 1869 1385 1942 contradictio-

309 2019 371 2065 nea
392 1993 565 2074 inveniet,
594 1991 749 2084 quamvis
776 1990 919 2058 maxime
945 1986 989 2056 ad
1017 2013 1136 2060 verum
1162 1987 1317 2060 accedat.
1349 1991 1383 2060 Si

308 2110 515 2192 dixerimus,
549 2107 763 2178 clementiam
783 2129 856 2176 ease
875 2103 1162 2190 moderationem,
1195 2107 1330 2202 aliquid
1345 2135 1383 2178 ex

308 2235 430 2304 merita
441 2255 482 2300 ac
497 2230 614 2299 debita
630 2252 731 2324 poena
743 2227 972 2297 remittentem
985 2257 995 2316 3
1023 2228 1291 2314 reclamabitur,
1312 2231 1386 2299 nul·

308 2356 377 2424 lam
393 2353 552 2423 virtutem
568 2346 756 2442 quidquam
770 2345 882 2414 minus
898 2345 1015 2416 debito
1033 2346 1158 2416 facere.
1177 2340 1308 2440 Atqui⁴
1319 2348 1384 2416 boc

309 2497 426 2545 omnee
454 2467 675 2561 intelligunt,
697 2464 910 2534 clementiam
938 2487 1032 2548 eaae,
1054 2489 1131 2558 quae
1158 2488 1196 2533 ee
1220 2465 1329 2534 flectit
1340 2467 1385 2535 ci·

311 2605 364 2658 tra
389 2585 426 2655 id
452 2580 545 2677 quod
570 2580 692 2650 merito
716 2577 875 2647 constitui
904 2594 1031 2672 postet.
1059 2579 1148 2647 Huic
1177 2581 1384 2648 contrariam

309 2703 459 2800 imperiti
483 2713 606 2794 putant
635 2695 882 2782 severitatem,
913 2691 976 2764 aed
1007 2694 1102 2764 nulla
1128 2694 1241 2766 virtue
1267 2697 1384 2766 virtuti

310 2823 480 2894 contraria
495 2835 559 2890 eet.

357 2943 416 3010 lv.
433 2935 530 3033 Quid
544 2960 627 3031 crgo
640 2934 824 3030 opponitur
836 2929 1024 3001 clementie
1041 2929 1057 2998 i
1073 2927 1288 3014 Crudelitas,
1308 2953 1383 3022 quae

308 3180 412 3234 Senecae
430 3176 565 3239 intererat,
589 3189 669 3244 quum
689 3167 820 3222 Neronem
902 3163 1330 3235 3.Fonnu10exctdar.1dest‚ne
1341 3165 1381 3219 la-

307 3258 424 3312 laudibua
437 3253 555 3308 extollere
564 3248 739 3304 constituisset.
869 3241 922 3296 aior
932 3255 975 3296 aut
987 3243 1119 3317 angustior
1129 3244 1179 3309 eit,
1200 3265 1277 3316 quam
1286 3265 1330 3319 pro
1341 3267 1380 3299 te-

344 3335 492 3392 1.Scn'bas.
506 3332 594 3394 ldett,
607 3326 747 3380 subscribas
756 3344 820 3376 sen·
868 3321 946 3374 ritate.
954 3321 1012 3374 Jam
1024 3341 1098 3396 supra
1114 3323 1267 3378 monuimus
1281 3324 1312 3378 de
1322 3326 1375 3389 ln,

307 3416 394 3471 tentiae
405 3411 546 3478 criminali,
557 3426 615 3481 quae
625 3406 736 3470 secit,ut
748 3402 819 3456 illam
867 3399 911 3452 lib.
924 3399 965 3464 ll,
977 3418 1031 3470 cap.
1043 3400 1095 3465 28,
1108 3419 1161 3453 etse
1173 3400 1333 3456 locution-
1342 3401 1379 3474 ju.

307 3512 397 3547 vocem
416 3489 553 3554 emitteret,
568 3498 592 3538 et
603 3496 682 3538 artent
694 3478 819 3535 scribendi
866 3477 908 3530 ria.
920 3475 1042 3530 l'ormule
1061 3477 1191 3544 excidere,
1211 3479 1323 3533 formul,
1333 3499 1379 3532 α.

308 3571 417 3625 invinm
428 3569 475 3622 fibi
485 3565 604 3621 reddidit.
737 3631 740 3638 ι
868 3553 926 3608 dere
943 3554 1036 3608 dicitur
1046 3555 1085 3621 ia,
1102 3555 1146 3628 qni
1160 3576 1175 3608 a
1194 3558 1324 3624 formula,
1336 3577 1379 3610 seu

341 3651 386 3702 lll.
398 3651 466 3702 Atto.
483 3647 545 3699 Para
558 3641 669 3699 secunda
680 3637 762 3713 operia
774 3635 818 3689 ubi
866 3630 1001 3683 verborum
1015 3632 1224 3706 conceptionibus
1237 3648 1262 3686 et
1272 3635 1376 3698 formis,

308 3726 449 3782 clementiae
460 3722 629 3777 definitiones.
643 3719 717 3772 cont.
731 3716 818 3771 Cicde
867 3709 894 3762 in
912 3727 986 3762 cama
1003 3709 1100 3786 privata
1118 3710 1298 3782 solemnibus,
1318 3733 1339 3767 e.
1355 3731 1377 3764 t.

307 3808 407 3859 invent.
424 3803 470 3857 lib.
484 3803 511 3855 ll
524 3839 531 3867 ,
545 3821 599 3874 cap·
613 3801 645 3868 54
657 3836 664 3866 ,
677 3796 721 3868 qui
732 3809 818 3849 tamen
866 3787 893 3842 iu
914 3789 1084 3857 testamentis,
1106 3791 1303 3866 sponsionibus,
1332 3805 1377 3843 etc.

307 3885 377 3940 locus
389 3883 473 3938 dubim
486 3879 602 3934 lectionis
614 3889 657 3930 eat.
866 3869 1019 3934 nocuisset,
1039 3883 1064 3922 et
1075 3870 1130 3944 plne
1140 3869 1259 3924 minusve
1273 3871 1377 3924 dixisset.

341 3983 363 4016 2.
377 3962 473 4015 Plura.
485 3960 563 4012 Recte
573 3956 688 4008 Gronov.
701 3950 815 4024 recepite
865 3949 966 4002 Ernesti
980 3948 1055 4004 Clau.
1075 3949 1129 4002 Cic.
1141 3949 1276 4003 Formula.
1287 3949 1376 4005 Simile

266 4035 278 4048 ”
307 4041 381 4097 codd.
393 4054 418 4094 et
428 4041 525 4093 Eraam.
534 4033 642 4090 Mutatio
656 4032 726 4085 enim
735 4047 818 4103 gene-
865 4025 970 4097 quidet
990 4025 1058 4099 apud
1081 4025 1180 4100 Angloa
1199 4026 1327 4100 hodieque
1347 4026 1375 4078 in

305 4125 340 4177 rit
354 4121 453 4197 optimis
473 4116 615 4172 auetoribm
628 4113 761 4168 familiaria
772 4123 816 4164 eat.
864 4117 963 4159 mneat.
1349 4181 1355 4190 ¹

306 4201 390 4255 Antea
404 4198 563 4252 Pincianuse
578 4193 722 4265 conjectura
733 4188 817 4243 dede·
898 4183 921 4248 l·
931 4183 1053 4252 Atquin·-
1072 4181 1121 4235 llic
1131 4183 1265 4256 reaponaio
1281 4182 1375 4253 incipit.

306 4283 493 4350 ratpluremc.
505 4271 664 4330 definitiones
899 4263 943 4318 lV.
964 4265 1079 4318 Aauuu.
1102 4262 1227 4337 Opposita
1246 4275 1284 4320 eet
1299 4261 1375 4334 igitar
