2926 4958
313 451 408 532 axvj
500 443 530 510 s.
557 441 717 512 mrsu
741 441 1201 512 MANUDUCTIONIS

313 587 371 646 uiri
394 583 442 646 cui
461 587 523 666 jam
541 585 606 644 ritae
629 603 688 644 stne
710 603 828 644 ramma
846 583 1000 665 proposita
1015 583 1084 644 est?
1100 582 1225 658 Neruo,
1241 585 1380 666 quamvis

312 703 435 772 parator
449 689 559 750 babeat
571 689 706 764 colores,
723 687 948 750 similitudmem
962 689 1084 764 reddet,
1099 690 1156 751 uisi
1170 691 1232 770 jam
1246 703 1377 764 constet,

314 797 385 876 quid
397 795 468 855 velit
480 796 614 878 pingere.
625 793 699 856 ldeo
712 814 892 877 peccamus,
909 797 980 874 quia
995 797 1033 856 de
1046 795 1183 878 partibus
1194 797 1259 857 rite
1274 817 1381 857 omues

315 903 540 974 deliberamus,
556 906 593 965 de
610 917 672 964 tota
683 923 786 964 uento.
802 901 888 966 Scire
902 903 993 966 debet
1006 905 1077 984 quid
1088 917 1169 987 petat
1182 905 1233 966 ille
1245 948 1254 976 ‚
1265 905 1316 985 qui
1328 925 1380 966 sa-

315 1011 419 1093 gittam
432 1011 496 1072 vult
503 1011 623 1072 mittere
635 1031 643 1068 ι
657 1023 688 1072 et
696 1023 766 1071 tuuc
780 1008 929 1092 dirigere,
943 1023 973 1070 et
983 1011 1135 1072 moderari
1144 1029 1238 1070 mauu
1249 1009 1377 1072 telum».

316 1115 391 1200 (Ep.
406 1120 507 1194 nm.)
522 1115 627 1194 Clare,
642 1118 761 1192 acriter,
778 1130 808 1177 et
823 1137 878 1178 mo
892 1137 980 1178 more
992 1118 1143 1200 :imagine
1159 1117 1249 1178 etiam
1264 1116 1379 1185 ultima.

317 1226 355 1284 ad
374 1223 458 1285 illam
477 1223 648 1284 Aristotelis
667 1226 835 1286 accedente.
854 1222 916 1285 Sed
936 1223 987 1286 ltic
1006 1223 1097 1306 igitur
1108 1221 1193 1284 ruta
1205 1223 1290 1298 telle,
1311 1223 1382 1303 quid

318 1330 384 1390 est?
397 1327 554 1390 Definiuot
566 1325 682 1390 Stoici:
699 1325 819 1410 «Cujus
829 1349 918 1390 caum
928 1331 1031 1390 onmia
1044 1328 1145 1390 officia
1154 1343 1206 1392 aut
1215 1328 1383 1392 rectefacte

318 1435 412 1510 liunt,
427 1434 491 1516 ipse
505 1447 606 1495 autem
619 1434 738 1496 nullius.
752 1463 766 1488 n
778 1433 850 1498 Sive
864 1436 956 1496 etiam
972 1463 980 1494 ε
999 1465 1013 1488 ι
1023 1435 1073 1496 Aa
1084 1455 1175 1516 quem
1187 1436 1288 1496 omnia
1300 1448 1382 1496 recte

318 1539 589 1619 convenienterque
602 1539 680 1602 facta
694 1539 886 1612 referentum
902 1541 967 1623 ipse
981 1542 1020 1601 ad
1030 1540 1157 1601 uullrun.
1168 1569 1182 1594 υ
1198 1538 1302 1619 (Stob.
1314 1537 1381 1601 Ecl.

319 1642 417 1706 Etltic.
428 1647 443 1722 )
454 1641 564 1708 Cicero
576 1645 635 1708 hoc
651 1645 691 1708 ab
707 1645 744 1708 its
758 1647 907 1730 sumpffl,
923 1661 953 1708 et
967 1648 1115 1710 convertit
1130 1673 1137 1707 :
1157 1645 1380 1720 «Extremum,

319 1753 455 1814 omnium
470 1751 720 1834 pbilosophorum
735 1753 898 1828 mutia,
914 1753 975 1814 tale
992 1774 1057 1814 esse
1068 1753 1157 1814 debet
1168 1797 1176 1826 ‚
1188 1767 1221 1813 ut
1230 1755 1269 1814 ad
1278 1753 1310 1814 id
1319 1774 1384 1813 om-

318 1859 370 1920 nia
385 1858 492 1921 referri
503 1871 658 1941 oporteat.
673 1859 772 1940 ipsum
785 1872 887 1920 autem
900 1879 1057 1940 nusquam.
1071 1887 1086 1912 u
1100 1857 1195 1943 (lDe
1211 1857 1300 1940 Pin.)
1315 1858 1385 1920 Ile-

321 1965 420 2026 liuitur
432 1979 462 2026 et
476 1964 674 2027 brevissime:
693 1963 859 2026 «Ultimum
875 1963 1226 2048 appeteudmanure
1239 1985 1325 2027 meus
1339 1980 1384 2026 eet

319 2070 565 2156 ejuadem'l'ullii‚
580 2093 673 2152 quum
686 2067 778 2134 Fines
791 2071 949 2132 Bonorum
962 2071 1049 2133 libris
1059 2073 1120 2134 suis
1135 2072 1285 2155 inscripsit
1296 2093 1304 2130 ε
1315 2073 1385 2152 quia

320 2180 398 2242 istud
414 2179 547 2252 bomnn,
564 2179 750 2260 reliquorum
761 2194 806 2241 est
816 2194 992 2242 extremum.
1002 2178 1142 2242 Observa
1151 2184 1294 2241 autem&
1307 2187 1386 2244 nfi-

321 2311 397 2347 κοντα
407 2286 470 2346 sive
481 2283 581 2367 rffficiu
591 2331 601 2358 ,
611 2285 660 2346 ltis
670 2285 853 2346 finitionibus
866 2286 976 2360 inseri,
986 2286 1073 2348 valde
1084 2305 1141 2369 pro
1154 2283 1258 2348 Stoico
1270 2307 1359 2348 seusu
1376 2309 1383 2344 :

323 2404 354 2452 et
365 2391 461 2452 miror
474 2392 573 2452 virum
584 2391 788 2452 doctissimum
799 2439 806 2466 ,
818 2391 869 2471 qui
882 2389 1035 2452 Stoboeum
1043 2391 1147 2468 vertit,
1158 2391 1317 2472 utrobique
1327 2391 1388 2453 hot:

322 2496 409 2558 verbi
419 2495 594 2578 neglexisse.
607 2494 690 2556 Nam
704 2516 741 2558 co
755 2496 939 2579 significant,
953 2496 1043 2558 linem
1058 2517 1145 2558 suurn
1158 2497 1296 2558 ultimum
1309 2517 1387 2568 esse,

323 2597 571 2664 «Convenienter
589 2601 691 2662 virere
712 2601 883 2662 rationabili
898 2615 1045 2662 uatum.»
1064 2601 1168 2683 ltaque
1180 2601 1388 2664 Archedemus

323 2707 492 2790 explicabat
513 2713 651 2791 lpolnytro
676 2707 808 2768 zenoni·
828 2708 886 2786 (de
897 2709 1084 2789 quartatim)
1100 2731 1107 2768 ε
1122 2703 1260 2770 «Omnia
1275 2704 1387 2769 Officia

321 2814 527 2898 perficientem
542 2815 653 2876 rivere.
666 2841 681 2868 n
700 2811 783 2875 Nam
798 2811 943 2876 Officium
957 2815 1120 2890 deliniunt,
1136 2817 1216 2895 quod
1229 2841 1244 2868 α
1256 2811 1389 2874 Ratione

323 2919 434 2980 factruu
448 2920 502 2981 eit:
516 2945 532 2973 r
546 2920 699 3002 imusque,
717 2920 912 2994 «actionem,
926 2920 1112 2982 naturalibus
1127 2919 1390 2982 munitmionibus

322 3024 560 3089 convenientem.
569 3023 740 3107 »Agnoscis
749 3024 839 3106 igitur
851 3024 882 3088 in
897 3045 934 3085 eo
948 3023 1161 3098 allationem,
1177 3037 1206 3087 et
1217 3023 1389 3086 Naturam:

323 3149 388 3208 qum
404 3141 529 3209 utraque
543 3131 601 3190 dux
612 3131 651 3190 ad
662 3129 897 3204 beatitudinem,
914 3143 944 3192 et
960 3129 1141 3194 felicitatem.
1158 3128 1206 3191 Ea
1217 3131 1299 3192 euim
1313 3149 1392 3192 con‘
1412 3117 1415 3122 ’

325 3247 469 3296 centurn
483 3233 588 3294 finitum
599 3235 666 3296 funis
680 3279 688 3309 ‚
702 3235 763 3296 sive
775 3249 808 3295 ut
817 3234 995 3298 Aristoteles
1007 3237 1100 3299 acite:
1118 3234 1297 3298 «Perfectus
1306 3235 1390 3308 finis,

325 3339 420 3420 iuquit
431 3384 439 3414 ‚
452 3353 516 3416 est,
531 3361 591 3420 quo
602 3340 690 3422 potiti
701 3340 778 3424 =nihil
790 3341 919 3422 petimus
930 3341 1007 3403 ultra
1017 3342 1219 3425 relegemus:
1235 3340 1396 3426 imperfec-

326 3460 390 3522 tus,
408 3447 459 3526 qui
470 3467 562 3526 quum
572 3445 712 3523 obvenit,
729 3448 820 3508 etiam
834 3467 966 3530 egemus
978 3447 1083 3510 Veluti
1095 3493 1104 3523 ,
1116 3447 1258 3530 justitiam
1273 3447 1392 3530 adepti,

326 3553 413 3636 plura
429 3552 567 3614 rolrunut
580 3575 588 3611 ε
603 3566 635 3614 at
643 3552 815 3614 felicitatem
825 3555 887 3635 jem
901 3553 985 3614 oiltil.
995 3581 1010 3607 ι»
1022 3551 1140 3637 (Mago.
1149 3552 1287 3631 Etlticl,
1299 3575 1328 3616 c.
1339 3557 1393 3631 2),

327 3657 430 3739 ltaque
440 3659 502 3722 bc
518 3673 562 3720 est
575 3703 584 3735 ‚
597 3678 657 3739 quo
666 3671 736 3720 vota
751 3672 955 3734 nostramet,
972 3673 1133 3742 parentum
1148 3661 1276 3730 ducmt3
1288 3679 1396 3722 omues

328 3765 486 3842 homiues,
502 3765 601 3828 omnis
618 3785 726 3836 sexus,

483 3962 490 3982 v
525 3939 912 4008 ......1....Navibusatque

525 4039 661 4114 Quadrigis
673 4039 780 4112 petimus
790 4037 859 4091 Bene
870 4037 963 4090 vivere.
981 4038 1125 4105 (Hom.)

330 4199 392 4260 Sed
404 4197 565 4258 discrimen
578 4196 627 4256 hic
642 4209 731 4256 tenue
745 4193 838 4258 Stoici
854 4196 992 4277 ingerunt
1008 4216 1015 4252 ε
1035 4221 1049 4245 u
1061 4206 1092 4253 et
1105 4192 1278 4254 felicitatem
1297 4193 1401 4254 dierunt

331 4319 364 4365 ut
372 4303 505 4386 Scoptun
518 4301 648 4386 proponi
660 4327 667 4374 ;
682 4301 773 4364 finem
783 4321 856 4364 vero
870 4321 946 4374 esse,
959 4299 1133 4364 felicitatem
1144 4295 1400 4379 assequi.»(Stob.
