2926 4958
239 475 310 542 ao
336 474 510 544 suom.
537 475 744 545 aurcos.
774 453 872 544 nro.
897 478 950 546 ιι.
1104 485 1135 566 ej

64 619 97 680 ah
109 617 250 680 Homero
266 618 346 680 dicta
360 637 482 700 semper
494 630 602 678 nostra·
612 615 773 700 fragilitate
785 631 837 680 aut
845 619 993 702 parvitate
1003 619 1138 704 amplec-

63 727 194 804 tebatur,
213 739 249 786 ut
263 745 358 806 quum
368 723 509 786 homines
524 725 636 786 muscis
650 737 702 786 aut
713 723 818 786 avibus
833 725 1016 788 assimilavit.
1034 725 1139 810 lupri-

62 834 115 894 atis
124 831 213 893 illum
226 831 294 913 ejus
309 849 430 892 versum
443 828 560 891 assidue
573 829 603 890 in
617 850 672 892 ore
687 827 819 892 habehat
832 853 840 889 ι

252 952 302 1004 ota
312 948 357 1019 sxlp
366 945 458 1015 pitius
469 947 534 1011 raath
544 981 552 1008 ‚
562 949 615 1004 τοίη
630 947 654 1000 δι
668 947 705 999 aul
716 948 816 1016 ἀνδρόν·

255 1040 321 1094 Tale
332 1040 436 1112 quidem
449 1059 530 1112 genus
541 1049 577 1092 est
590 1037 725 1092 hominnm
735 1073 743 1101 ‚
753 1039 828 1109 quale
840 1051 865 1092 ot
875 1037 1004 1094 loliorum.

61 1137 117 1200 Sed
129 1153 160 1200 et
172 1137 350 1202 Hesiodum
365 1137 570 1210 advocabant,
587 1151 675 1219 atque
689 1137 744 1200 ista
761 1161 767 1196 ;

255 1253 391 1324 Kphlame
400 1253 534 1323 γὶφῖχονσι
548 1255 601 1308 θινὶ
617 1253 671 1306 νόον
685 1255 840 1324 ἂνθρόιιιισι·

257 1345 373 1398 Mentem
387 1345 500 1398 celarunt
510 1345 657 1398 mortalibus
671 1345 845 1400 immortales:

60 1456 170 1536 quasia
183 1453 261 1517 Deo
275 1453 372 1516 nnhes
387 1467 417 1516 et
426 1453 559 1516 tenebrae
573 1454 663 1517 nohis
676 1456 874 1518 circumfusae.
884 1453 959 1518 Jam
975 1469 1006 1518 et
1017 1454 1141 1518 Demo-

59 1562 170 1622 critus«
179 1561 213 1621 in
227 1559 382 1643 profundo
396 1559 555 1622 veritatem
565 1562 737 1624 demersam
750 1591 764 1616 ι·
774 1563 868 1642 dixit(
878 1558 943 1626 Cic.
958 1560 1052 1625 Acttd
1067 1562 1114 1645 Ι.)
1129 1587 1136 1622 :

59 1667 278 1752 Anaxagoras,
304 1662 530 1748 Empedocles,
546 1663 744 1730 Parmenides
759 1667 829 1730 talia
842 1713 852 1742 ,
869 1666 978 1751 etipse
998 1665 1140 1730 Socrates

58 1774 299 1857 Aporetieorum
309 1785 406 1856 pater.
415 1771 516 1855 Atque
525 1787 568 1849 ot,
576 1773 600 1836 si
611 1774 641 1834 in
653 1775 778 1836 domum
790 1774 986 1838 tenebrosam
995 1775 1139 1852 venisses,

59 1881 215 1962 inquiunt,
229 1881 265 1940 in
278 1900 338 1961 qua
349 1901 472 1956 aurum,
485 1894 662 1964 argentum,
675 1895 830 1958 stannum,
846 1881 1005 1964 plumbum
1016 1882 1140 1945 confuse

59 1988 190 2070 positum
205 2034 214 2062 ,
232 1987 354 2051 stahlato
369 2009 476 2049 eorum
490 1987 610 2068 aliquo,
622 1987 793 2051 existimare
805 1988 904 2072 possis
916 2001 945 2050 te
958 2009 1066 2050 aurum
1083 2011 1141 2074 ap-

60 2095 279 2178 prehendisse,
302 2115 363 2156 non
386 2107 487 2156 tamen
510 2094 609 2171 scire,
635 2095 755 2158 etiamsi
774 2117 846 2158 vere
863 2096 905 2160 ita
922 2110 1021 2158 esset:
1045 2097 1088 2159 sic
1108 2098 1140 2159 in

60 2223 166 2286 magna
180 2202 243 2265 hac
259 2201 366 2263 mtmdi
381 2202 495 2273 domo,
518 2200 611 2282 quaeri
626 2201 785 2264 veritatem
801 2202 884 2264 salsis
899 2202 1045 2275 mixtam,
1065 2215 1095 2264 et
1108 2203 1140 2264 in

59 2309 191 2371 tenebris
204 2329 272 2370 non
293 2307 433 2373 discerni.
453 2306 558 2389 ltaque
579 2308 658 2370 inter
678 2309 753 2371 fines
769 2309 897 2372 istorum
914 2323 961 2372 est
981 2313 1058 2389 (aut
1072 2329 1139 2372 esse

61 2416 188 2495 debeat)
201 2415 374 2492 modestia,
391 2428 420 2477 et
434 2415 570 2476 animum
583 2415 782 2478 exsultantem
797 2436 1002 2499 componere,
1018 2429 1048 2478 et
1063 2437 1082 2478 a
1097 2429 1141 2478 tc-

61 2525 199 2585 meritate
208 2536 301 2604 atque
312 2542 417 2584 errore
429 2523 594 2587 continere.
605 2520 713 2604 Neque
724 2521 785 2584 vita
797 2535 849 2584 aut
857 2521 975 2585 actione
987 2522 1142 2584 commoni

61 2651 91 2692 se
112 2641 282 2713 excerpunt
303 2653 310 2688 :
336 2628 439 2692 «Nam
457 2627 648 2692 Academicis
666 2629 780 2712 placuit
800 2629 862 2711 (ait
877 2631 915 2690 D.
934 2629 1140 2713 Augustinus)

60 2737 178 2800 homini
192 2737 353 2800 scientim
363 2757 425 2799 non
436 2758 527 2818 posse
538 2737 732 2819 contingere,
744 2758 850 2800 earnm
863 2740 1017 2800 duntaxat
1025 2757 1140 2809 rerum,

61 2869 125 2927 qme
140 2848 181 2908 ad
194 2843 426 2928 Philosophiam
441 2846 600 2928 pertinent.
613 2873 627 2900 ν
640 2843 682 2908 At
698 2846 728 2906 in
745 2845 853 2908 ceteris
867 2843 1000 2908 humano
1011 2846 1143 2926 quodam

61 2973 149 3014 more
168 2964 265 3036 agunt
283 2963 313 3013 et
325 2955 524 3035 apparentium
546 2965 709 3033 sequuntur
728 2974 736 3012 ι
756 2951 811 3014 etsi
824 2951 884 3036 tale
900 2973 985 3028 esse,
1003 2965 1036 3014 nt
1049 2971 1142 3036 appa-

61 3074 128 3134 ret,
143 3080 209 3120 non
220 3057 313 3142 plene
323 3059 525 3122 assentiuntur
539 3071 591 3120 aut
606 3057 776 3120 adhrtnant.
791 3054 903 3120 Fames
917 3071 948 3120 et
957 3057 1022 3120 sitis
1034 3057 1143 3142 impel-

61 3167 117 3228 lit?
132 3169 253 3242 edont,
268 3165 383 3227 hibunt.
400 3163 464 3228 Lex
476 3166 561 3248 jubet
581 3165 631 3250 pie
648 3186 756 3250 agere,
780 3163 867 3228 Deos
881 3165 1000 3229 colere?
1018 3165 1141 3228 iaciunt.

60 3271 262 3336 Consuetudo
274 3287 355 3335 artos
365 3286 395 3335 et
406 3272 545 3336 scientias
556 3274 688 3334 tractat?
703 3272 868 3348 accedunt,
881 3271 983 3334 omnia
996 3272 1141 3346 lustrant,

61 3381 191 3456 ineunt,
209 3393 327 3441 tantum
349 3379 486 3463 suspensi
501 3369 539 3440 'et
557 3378 742 3442 cohibentes.
762 3375 930 3441 Enimvero
948 3392 979 3440 et
998 3379 1062 3442 haec
1078 3378 1143 3442 laus

61 3487 164 3564 detur,
179 3485 304 3560 labore,
315 3485 455 3569 ingenio,
468 3485 618 3548 memoria
630 3505 721 3568 supra
734 3506 841 3547 omnes
850 3505 934 3568 paene
944 3483 1144 3567 philosophos

61 3593 165 3656 luisse.
183 3589 293 3672 Quid?
313 3611 414 3653 nonne
437 3591 541 3652 omnia
563 3591 694 3652 aliorum
715 3591 787 3654 scita
809 3603 913 3653 tenere
930 3589 1099 3652 dehuertmt
1114 3605 1145 3654 et

63 3701 239 3782 inquirere,
258 3698 284 3759 si
296 3710 459 3780 potuerunt
470 3695 636 3759 refellere?
655 3717 705 3757 res
717 3695 798 3759 dicit.
812 3694 925 3758 Nonne
939 3695 1072 3758 rationes
1087 3717 1143 3758 va-

64 3808 144 3882 rias,
161 3825 271 3880 raras,
290 3803 414 3866 subtiles
431 3803 566 3866 invenire
587 3804 626 3865 ad
646 3815 709 3864 tam
727 3816 887 3886 receptas,
912 3802 1030 3880 claras,
1044 3818 1141 3868 certas

62 3919 109 3992 (ut
124 3913 299 3990 videbatur)
316 3912 479 3976 sententias
493 3911 689 3974 evertendas?
706 3910 819 3974 Nonne
834 3925 865 3973 et
878 3911 910 3972 in
923 3926 1086 3995 promptu,
1109 3933 1145 3975 ac

63 4021 147 4082 velm
162 4031 349 4090 numerato,
364 4017 479 4080 hahere
494 4017 637 4099 quidquid
657 4018 845 4101 scripsissent
856 4031 902 4079 tot
914 4020 1023 4080 diversi
1038 4034 1146 4081 aucto-

64 4151 130 4200 res,
147 4141 202 4190 ant
212 4125 382 4188 dixissent?
399 4123 541 4188 Proiecto
551 4125 719 4188 admirandi
733 4126 845 4187 suntin
859 4125 969 4209 triplici
979 4125 1036 4188 hac
1045 4139 1143 4208 parte,

64 4235 88 4296 si
102 4233 236 4296 auendis
253 4257 260 4292 :
276 4252 378 4314 neque
391 4252 453 4294 non
469 4231 537 4294 huis
551 4231 643 4294 ctiam
653 4252 760 4294 eorum
772 4231 849 4294 altus
861 4244 892 4293 et
904 4231 1081 4308 laudabilis,
1095 4232 1147 4312 qui

65 4355 109 4404 est
122 4335 277 4426 Α’τιιμξία,
290 4339 355 4402 sive
365 4335 615 4421 lmperturhatio,
633 4351 663 4401 et
673 4350 753 4401 utne
764 4338 826 4400 ulla
836 4359 871 4402 re
883 4337 1019 4402 sensibus
1031 4337 1151 4421 objecta
