2896 4954
479 609 836 678 ARGUMENTUM
864 609 1001 676 LIBRI
1026 611 1182 677 PRIMI.

333 793 352 846 I.
369 793 487 848 Introitus
503 793 592 846 laudes
607 795 716 847 Nemnis
738 814 753 846 a
777 793 918 846 Clementia
939 793 1053 845 eontinet
1074 813 1118 866 per
1142 793 1351 866 prosopopeiarn,

300 900 346 932 uec
359 899 399 931 eas
410 877 513 949 quidem
525 879 612 942 salsas,
626 892 655 930 ut
671 879 787 950 deinceps
800 877 950 930 ridebimus.
961 878 994 928 II.
1011 878 1066 948 Ipsa
1082 875 1185 947 quidem
1196 875 1350 939 Clementia,

301 977 329 1016 ut
341 963 460 1016 nonnulli
468 964 590 1036 objiciunt
598 1003 608 1029 ,
616 963 752 1038 pessimum
759 983 885 1034 quemque
895 961 1016 1014 sustinere
1027 974 1107 1035 potest
1116 983 1123 1026 3
1133 960 1178 1014 scd
1186 981 1250 1034 saepe
1258 983 1352 1032 qnoque

301 1061 355 1101 tum
367 1049 535 1114 innocentia,
546 1062 601 1102 turn
608 1049 710 1112 virtuti,
722 1069 766 1121 pro
777 1061 918 1119 temporum
928 1047 1073 1099 conditione
1083 1085 1090 1110 ,
1101 1041 1238 1111 snccnr‘rit,
1248 1059 1271 1098 et
1279 1047 1352 1098 malos

302 1132 429 1185 interdum
441 1132 473 1185 ad
483 1133 655 1186 innocentiam
673 1145 780 1185 revocat.
796 1133 978 1184 Verumtamen
995 1130 1086 1183 modus
1097 1131 1125 1182 in
1138 1129 1271 1182 elementia
1284 1150 1352 1182 exer-

302 1217 381 1269 cenda
395 1217 516 1268 tenendus
529 1229 573 1269 est.
584 1217 638 1280 III,
651 1217 696 1268 IV.
707 1215 807 1268 Transit
819 1213 851 1266 ad
868 1213 979 1266 materie
991 1213 1149 1266 divisionem.
1161 1211 1245 1264 I’rima
1255 1233 1310 1285 pars
1322 1225 1353 1264 est

302 1299 494 1352 introductionis
505 1298 576 1368 loco,
587 1319 637 1370 qua
646 1298 741 1372 primus
752 1297 794 1350 hic
805 1309 871 1350 totus
881 1296 945 1350 liber
957 1296 1095 1349 absumitur
1106 1315 1112 1348 r
1124 1297 1233 1349 secunda
1247 1309 1352 1348 naturam

303 1379 441 1432 clementiae
459 1375 811 1450 habitumque'demonstrat,
826 1377 937 1430 secundo
955 1377 1021 1432 libro
1041 1378 1179 1430 destinata:
1194 1377 1264 1430 tertia
1282 1398 1352 1438 vero,

302 1482 360 1535 quae
372 1462 481 1528 interiit,
495 1463 522 1515 in
539 1483 568 1514 ea
580 1475 676 1516 versata
688 1475 740 1528 est,
758 1461 886 1532 quomodo
897 1461 930 1513 ad
940 1461 1007 1513 hauc
1018 1462 1134 1514 virtutem
1148 1461 1296 1534 perducatur
1305 1461 1353 1512 ani-

303 1565 374 1609 mus,
387 1564 492 1616 eamque
504 1565 553 1596 usu
562 1563 633 1596 suam
643 1544 725 1597 faciat.
735 1546 773 1597 Ac
784 1545 894 1618 primurn
904 1545 1043 1598 clementiae
1055 1543 1148 1596 utilitas
1161 1543 1272 1596 docetur.
1282 1545 1354 1595 Decet

302 1641 385 1680 autem
402 1628 559 1696 potissimum
571 1649 674 1702 regern,
687 1629 779 1702 quippe
790 1629 835 1700 qui
846 1642 905 1682 etse
919 1642 943 1680 et
954 1629 1075 1702 populum
1088 1627 1201 1680 felicitati
1216 1627 1260 1680 hac
1272 1627 1353 1680 virtute

303 1710 398 1764 donare
404 1726 489 1784 potest
497 1711 541 1765 Est
549 1712 591 1765 ille
600 1725 672 1785 caput
679 1711 861 1788 Ilcip.subjecti
868 1733 927 1765 vero
935 1712 1047 1765 membra
1056 1713 1175 1786 corporis,
1182 1711 1272 1783 quibus
1279 1721 1355 1784 parcat

303 1807 327 1846 et
339 1795 478 1868 indulgeat.
488 1797 520 1850 V.
534 1797 605 1865 Quin
617 1809 654 1850 est
663 1797 765 1870 regibus
776 1796 914 1850 necessaria
928 1798 956 1849 in
967 1797 1038 1872 copia
1048 1796 1204 1871 peccantium
1211 1833 1219 1860 ,
1234 1810 1258 1848 et
1269 1813 1353 1866 magno
1429 1821 1430 1852 r

302 1881 388 1932 animo
397 1881 438 1934 vel
451 1882 556 1934 maxime
569 1881 656 1956 digna.
668 1884 714 1936 VI.
728 1881 755 1936 Si
771 1882 856 1935 nullus
873 1881 1012 1936 clementia
1027 1881 1095 1934 locus
1106 1895 1168 1934 esset
1178 1919 1184 1945 ,
1199 1903 1220 1934 e.
1230 1901 1251 1934 c·
1264 1881 1292 1934 in
1301 1880 1354 1932 urbe
1429 1919 1430 1950 ,

303 1983 409 2038 magna,
429 1965 534 2030 Ilomae,
550 1977 645 2037 quanta
656 1963 766 2019 solitudo
778 1979 802 2020 et
818 1967 917 2022 vastitas
935 1969 1018 2020 futura
1034 1967 1082 2032 sit,
1100 1986 1197 2038 semper
1213 1985 1296 2020 serere
1311 1985 1355 2037 pu·
1429 1959 1430 2020 l

303 2049 397 2102 nicode
407 2051 413 2101 !
426 2052 531 2104 Peccata
542 2064 626 2103 autern
636 2052 664 2104 in
674 2064 790 2104 naturam
799 2050 937 2104 humanam
944 2049 1053 2117 eadunt,
1065 2065 1090 2104 et
1097 2071 1176 2123 usque
1184 2051 1215 2103 ad
1226 2064 1354 2104 extremum
1429 2081 1430 2102 r

302 2134 352 2186 tevi
363 2133 545 2205 delinquemus.
555 2135 614 2198 VII,
624 2135 698 2188 VIII.
711 2133 811 2188 Deinde
823 2134 856 2187 ad
866 2135 1007 2207 exemplum
1014 2135 1128 2190 Deorum
1138 2136 1245 2188 formare
1255 2155 1280 2186 se
1291 2133 1355 2185 dehet
1429 2159 1430 2174 ι

302 2218 417 2291 princeps
430 2235 437 2270 ι
448 2237 506 2269 narn
518 2230 541 2270 et
551 2217 598 2292 ipsi
610 2217 683 2270 nobis
699 2231 811 2292 parcunt.
827 2219 893 2270 'Iurn
906 2219 994 2292 etipsa
1009 2219 1074 2289 regis
1090 2219 1198 2292 dignitas
1213 2232 1237 2270 et
1250 2218 1354 2289 majestas
1429 2227 1430 2242 ¹

302 2315 426 2376 poscunt,
440 2313 468 2354 ut
476 2301 508 2353 sit
520 2300 645 2366 clemens,
659 2316 815 2375 comparatus
827 2323 885 2356 cnm
897 2301 1050 2375 privatorum
1060 2301 1132 2354 turha
1144 2319 1150 2352 :
1161 2301 1249 2371 negari
1260 2299 1354 2370 quiden

303 2383 406 2454 nequit,
419 2381 485 2455 regis
502 2381 675 2438 conditionem
691 2401 743 2435 esse
761 2383 920 2448 servitutem,
938 2383 983 2436 sed
1000 2381 1143 2436 servitutem
1162 2379 1353 2452 magnitudinis,
1429 2397 1430 2400 ¹

302 2487 355 2518 non
373 2486 443 2538 posse
459 2463 514 2518 lieri
532 2465 666 2518 minorem.
685 2467 780 2518 Omnia
798 2465 866 2519 enirn
883 2487 971 2540 regum
987 2477 1086 2541 patent,
1106 2478 1130 2520 et
1144 2465 1252 2517 minima
1269 2462 1356 2516 sevitia
1429 2457 1430 2504 ἕ

302 2547 461 2620 protrahitur.
473 2547 589 2600 III-III.
600 2546 660 2600 Sine
670 2547 717 2600 hac
730 2547 862 2600 clementia
878 2551 1020 2616 Augustus,
1033 2547 1093 2600 inde
1104 2567 1119 2598 a
1130 2547 1232 2599 victoria
1245 2546 1355 2606 Actiaca,

304 2631 401 2683 nullam
412 2631 517 2683 salntem
528 2631 735 2702 securitatemque
747 2632 852 2705 adeptus
862 2645 933 2686 esset.
945 2633 1046 2704 Ignovit
1056 2635 1082 2684 h.
1095 2631 1200 2696 Cinnae,
1212 2651 1290 2702 quum
1301 2631 1356 2681 lassa
1429 2621 1430 2630 ἶ

304 2729 357 2768 erat
368 2715 421 2785 ejus
434 2715 574 2768 crudelitas.
583 2715 641 2767 XII.
655 2714 799 2768 Revertitnr
811 2715 858 2768 hac
870 2715 1000 2770 occasione
1014 2714 1072 2768 data
1084 2715 1117 2767 ad
1129 2714 1237 2768 Neronis
1253 2713 1357 2766 laudosa

304 2799 436 2852 elementia
448 2812 473 2852 et
485 2799 636 2852 innocentia.
650 2799 710 2851 xm
717 2838 725 2864 ,
738 2801 807 2854 XIV.
818 2800 989 2874 Opponnntur
999 2799 1119 2874 tyranni,
1132 2799 1177 2870 qui
1189 2819 1233 2872 per
1244 2798 1357 2851 saevitiam
1429 2815 1430 2838 i

304 2882 382 2947 odia,
395 2883 522 2956 pericula,
536 2883 609 2936 exitia
625 2883 675 2936 sibi
693 2883 810 2956 gignunt.
826 2885 883 2949 XV,
897 2883 966 2936 xvl.
981 2883 1068 2937 Bonus
1084 2883 1197 2958 princeps
1212 2903 1225 2933 e
1241 2879 1359 2934 conuario
1429 2869 1430 2916 ἶ

304 2964 394 3016 similis
407 2979 443 3018 est
453 2965 516 3036 patri
527 2964 613 3030 hono,
632 2979 657 3018 et
673 2985 687 3017 e
705 2965 807 3018 lenitate
824 2966 912 3018 crescit
931 2965 983 3037 ejus
999 2965 1139 3018 auctoritas.
1155 2965 1237 3016 Docet
1249 2963 1296 3014 hoe
1311 2965 1360 3012 du-

305 3059 400 3118 gustns.
413 3047 594 3100 XVII-XIII.
611 3049 669 3100 Iam
684 3069 763 3120 quurn
779 3048 859 3101 rnulta
871 3048 1013 3122 Imperandi
1024 3069 1117 3122 genera
1129 3047 1194 3113 sint,
1209 3047 1270 3099 rnite
1280 3059 1304 3098 et
1313 3044 1360 3097 clr-

305 3147 376 3180 mens
387 3130 520 3204 imperium
531 3132 653 3203 optimum
667 3135 718 3196 est',
731 3145 757 3184 ut
767 3131 793 3184 in
806 3131 957 3185 animalibus
967 3132 1059 3196 mutis,
1072 3132 1105 3185 ita
1116 3131 1272 3205 potissimum
1282 3129 1308 3181 in
1319 3127 1361 3180 ho·

304 3214 373 3267 mine
383 3253 390 3280 ,
403 3216 447 3286 qui
457 3215 564 3268 maxima
574 3229 627 3268 arte
637 3217 735 3270 tractari
748 3217 829 3270 dehet.
834 3215 971 3282 ¹Medicum
979 3217 1063 3288 itaque
1071 3216 1166 3268 bonnm
1174 3215 1286 3267 imitetur
1292 3213 1361 3285 prin-
1429 3217 1430 3274 l

304 3320 369 3374 ceps.
389 3301 451 3353 IIeec
468 3301 607 3353 moderatio
628 3301 722 3373 ubique
741 3322 798 3354 curn
817 3303 899 3354 fructu
918 3300 1068 3365 adhibetur,
1086 3301 1241 3375 etpraevalct
1261 3297 1361 3369 :gloria
1429 3279 1430 3300 ¹

304 3403 406 3454 quoque
416 3383 498 3452 major
509 3381 569 3434 inde
579 3395 751 3455 comparatur,
765 3404 814 3455 qua
827 3404 869 3436 rex
885 3397 986 3437 caeteros
1001 3395 1124 3436 antestare
1135 3383 1217 3435 debet.
1235 3383 1290 3455 Ipsa
1304 3380 1360 3431 adeo
1429 3445 1430 3452 ἵ

304 3479 393 3518 natura
405 3464 563 3518 clementiam
575 3464 678 3518 adhibet
688 3479 712 3518 et
722 3467 826 3539 flagitat.
842 3468 961 3541 Exemplo
979 3467 1030 3520 sint
1045 3465 1160 3538 inprimis
1171 3485 1237 3538 apes.
1250 3465 1305 3517 Ilac
1316 3475 1362 3514 arte
1429 3491 1430 3520 1

305 3546 500 3622 inexpugnabile
511 3547 715 3612 munimentum,
731 3567 801 3600 amor
823 3547 933 3612 civium,
952 3547 1007 3620 regi
1025 3555 1194 3620 comparatur.
1211 3545 1276 3609 XX,
1296 3541 1362 3595 XXI

305 3633 400 3686 Punite
412 3629 580 3686 tamen'dehet
591 3633 721 3706 princeps,
735 3647 777 3686 aut
788 3653 831 3698 se,
842 3647 884 3687 aut
896 3632 976 3686 alium
987 3632 1154 3704 vindicando.
1165 3631 1199 3684 Se
1210 3629 1334 3690 vindicet,
1345 3625 1362 3676 ti
1429 3639 1430 3658 ¹

304 3741 367 3796 opus
379 3721 469 3785 luerit,
492 3719 612 3773 donando
629 3720 842 3791 temperandore,
861 3722 889 3773 in
903 3721 943 3772 his
954 3719 1090 3794 prasertim
1107 3717 1151 3789 qui
1167 3718 1217 3770 sint
1232 3716 1363 3769 inferiores·
1429 3747 1430 3764 .

305 3803 414 3877 Egregie
427 3802 481 3854 haec
490 3815 592 3854 tractata
601 3815 667 3854 sunt.
678 3801 753 3853 xxlr
762 3829 794 3841 -
805 3801 899 3855 xx1V.
910 3802 942 3853 In
953 3800 1008 3852 aliis
1018 3797 1178 3852 vindicandis
1195 3811 1238 3849 ant
1253 3793 1365 3848 emendet
1429 3839 1430 3848 .

305 3885 464 3960 improbum,
478 3899 521 3938 aut
532 3899 633 3940 caeteros
644 3885 762 3938 meliores
780 3884 884 3949 reddat,
902 3897 945 3937 aut
955 3883 1110 3937 securitatem
1120 3894 1233 3955 prestet;
1250 3880 1294 3932 sed
1307 3897 1365 3929 raro

306 3971 421 4024 I'aueitas
440 3971 509 4023 enim
527 3991 658 4044 pennarum
676 3985 775 4044 peccata
795 3970 887 4022 minuit
900 3969 1011 4022 :crebrae
1030 3969 1155 4021 vilescunt
1174 3981 1198 4019 et
1213 3975 1364 4040 spernuntur·

307 4057 388 4108 XXV.
402 4057 542 4110 Crudelitas
552 4058 657 4110 minime
667 4057 778 4108 humana
789 4069 824 4108 cst
834 4069 858 4108 et
868 4055 938 4108 omni
951 4055 1114 4108 detestatione
1123 4053 1201 4126 digna
1209 4069 1214 4102 :
1223 4049 1290 4103 mala
1300 4061 1366 4117 atquc
1429 4125 1430 4136 .

307 4141 379 4194 exitia
392 4142 451 4194 inde
465 4156 611 4196 nascuntur.
