2896 4958
308 456 403 545 cesto
492 457 524 523 s.
551 456 710 526 mrsu
734 427 1190 526 monoooomot'tts

304 599 356 660 itte
377 600 442 682 ipse
463 600 511 661 vel
528 599 690 682 cogitatus?
706 595 789 660 Nam
806 610 836 658 et
856 593 979 660 Seneca
991 597 1049 660 boc
1066 597 1216 659 monitum
1227 599 1366 661 admitte:

307 733 321 758 ι
333 703 451 786 Aliquis
470 706 516 766 vir
534 705 632 766 bonus
653 703 807 788 eligendos
825 719 890 780 est,
917 724 953 766 ac
969 725 1091 787 semper
1111 717 1181 766 ante
1196 705 1302 767 oedos
1314 707 1369 767 ha-

306 809 431 886 bendus,
441 823 474 871 ut
483 811 525 872 sie
535 825 678 892 tanquam
688 810 742 872 illo
751 825 903 894 spectame
920 811 1070 886 vivamus,
1079 823 1110 872 et
1120 811 1222 871 omnia
1229 824 1368 891 tanquam

307 912 361 976 ilio
384 915 502 978 vidente
524 915 679 979 iaciamus.
690 943 705 970 ιι
718 913 799 1000 (Ep.
809 933 853 977 ιιι.
864 916 875 995 )
886 914 970 978 Sicut
988 915 1185 1000 paedagogum
1201 917 1304 1000 pueris
1318 919 1371 979 da·

305 1039 392 1091 mus,
410 1021 462 1102 qui
476 1023 566 1083 ducat
581 1036 611 1083 et
628 1035 768 1084 coerceat
784 1045 791 1079 ε
808 1024 852 1084 sie
865 1035 952 1084 tener
965 1023 1061 1085 adbuc
1083 1051 1099 1076 ιι
1110 1022 1370 1104 animus'aliquem

306 1125 432 1204 babeat,
450 1149 541 1208 quem
556 1141 713 1204 vereatur,
727 1130 810 1211 cujus
823 1129 1000 1192 auctoritate
1017 1128 1109 1190 etiam
1122 1141 1271 1190 secretum
1286 1149 1371 1189 suum

307 1234 437 1294 sanctius
450 1233 550 1297 faeiat.
562 1261 577 1288 ι
596 1233 716 1313 (lbid.)
731 1233 840 1316 Neque
857 1235 940 1297 aliud
957 1235 1075 1317 signum
1096 1234 1206 1296 certius
1228 1253 1372 1317 progres-

306 1341 400 1402 sionis
414 1341 446 1402 in
456 1340 577 1403 Virtute
592 1355 622 1404 et
637 1342 811 1424 proiectus,
830 1363 921 1424 quam
934 1341 1040 1404 Bonos
1058 1341 1101 1403 sie
1117 1361 1219 1402 amare
1234 1353 1264 1401 et
1277 1341 1374 1401 adrni-

305 1448 376 1509 rari.
400 1475 415 1502 ιι
428 1446 491 1528 Qui
512 1439 709 1531 sic'aliquem
734 1451 832 1512 vereri
857 1463 980 1532 potest,
1017 1449 1076 1512 cito
1101 1448 1160 1510 erit
1183 1450 1342 1510 verendus.
1358 1475 1372 1500 ιι

304 1552 423 1632 (lbid.)
435 1553 483 1616 Ae
492 1555 613 1616 tertium
624 1601 632 1632 ,
644 1556 787 1616 auxilium
798 1601 807 1632 ,
819 1554 955 1618 Examen
967 1569 1010 1618 est
1020 1581 1028 1626 ;
1041 1575 1132 1638 super
1144 1555 1246 1615 omnia
1257 1553 1373 1628 efficax,

305 1679 376 1720 meo
390 1660 513 1736 animo,
531 1674 561 1723 et
572 1661 704 1724 salubre.
718 1660 890 1745 Dupliciter
907 1661 1043 1723 adbiberi
1055 1673 1154 1744 potest
1164 1705 1173 1735 ,
1185 1657 1236 1720 Ab
1245 1659 1335 1735 aliis,
1347 1671 1376 1719 et

307 1764 337 1826 A
349 1787 424 1827 sese.
440 1765 490 1828 Ab
506 1767 573 1829 aliis
587 1813 595 1844 ,
611 1782 644 1829 ut
657 1769 683 1830 si
697 1769 744 1831 cui
762 1771 901 1832 doctorm
915 1789 951 1831 ac
962 1767 1098 1851 magistri
1111 1780 1199 1839 suut;
1215 1765 1304 1826 autsi
1319 1786 1377 1846 quo

309 1871 339 1931 io
352 1885 429 1933 eoeto
437 1872 506 1934 talis
516 1873 744 1957 disciplina.2Uti
753 1873 827 1936 olim
838 1875 918 1958 apud
925 1873 1017 1937 ludos
1025 1874 1186 1957 sapientes,
1198 1869 1377 1956 quosGym-

305 1975 495 2061 oesophistas
504 1979 658 2052 dicebant;
672 1983 709 2043 de
719 1982 827 2063 ‹mibus
835 1981 982 2066 Apuleius
993 2005 1003 2041 ε
1014 2009 1029 2036 ιι
1038 1980 1132 2064 igitur
1141 1979 1194 2040 ubi
1206 1999 1315 2040 mensa
1324 1999 1379 2060 po-

307 2085 383 2162 sita,
404 2085 580 2168 priusquam
595 2087 694 2149 edulia
707 2103 915 2172 apponrmtur,
932 2107 1039 2150 omnes
1053 2086 1258 2149 adolescentes
1272 2105 1312 2146 er
1329 2085 1378 2146 di-

307 2190 402 2252 versis
412 2189 487 2252 locis
501 2205 531 2253 et
543 2191 651 2256 officiis
665 2195 703 2256 ad
718 2195 828 2278 dapem
842 2196 1032 2259 conveniunt.
1044 2191 1182 2276 Magistri
1193 2201 1380 2274 perrogat,

309 2297 389 2375 quod
407 2295 519 2358 sactum
538 2317 556 2358 a
577 2298 655 2360 lueis
668 2311 756 2373 ortu,
774 2302 813 2362 ad
832 2300 906 2362 iilud
926 2281 1007 2372 diei,
1023 2299 1138 2360 bonum
1154 2296 1310 2360 iecerint?
1323 2293 1384 2356 llic

309 2401 386 2462 alius
399 2421 431 2462 se
446 2405 666 2466 commemorat
682 2405 760 2467 inter
780 2407 855 2467 duos
873 2405 1022 2467 arbitrum
1037 2403 1196 2479 dilectum,
1218 2415 1326 2463 sauata
1342 2401 1385 2461 si-

307 2507 432 2570 multato
444 2553 452 2586 ,
478 2511 592 2573 amicos
605 2533 639 2572 ex
653 2511 775 2574 infensis
785 2511 946 2573 reddidisse
959 2535 966 2567 ι
980 2511 1048 2572 inde
1059 2509 1154 2578 alius,
1172 2529 1239 2569 sese
1249 2507 1388 2590 parenti-

197 2635 202 2654 ·
308 2615 365 2677 bos
377 2616 532 2700 quippiam
546 2617 763 2700 imperantibus
777 2617 916 2679 obedisse
928 2641 935 2675 ε
955 2616 1046 2692 alius,
1060 2615 1172 2696 aliquid
1182 2615 1386 2677 meditatione

249 2767 252 2778 .
310 2745 363 2784 soa
386 2723 554 2807 reperisse,
572 2725 621 2785 vei
641 2724 764 2785 alterius
781 2723 1036 2785 demonstratione
1056 2721 1203 2784 didicisse.
1220 2719 1287 2802 Qui
1310 2721 1389 2782 nibil

310 2830 402 2892 habet
411 2831 521 2894 offerre
533 2853 587 2895 cur
595 2832 758 2916 prandeat,
770 2831 939 2913 impransus
953 2831 991 2892 ad
1000 2845 1075 2913 opus
1086 2829 1168 2891 seras
1179 2829 1361 2890 extruditur.
1372 2855 1387 2880 ι

309 2937 342 3018 (1
357 2935 494 3016 Florid.)
509 2938 541 3001 Ο
556 2939 717 3022 pulchrum
730 2938 915 2999 institutmn!
934 2951 964 2999 et
972 2937 1119 3018 numquid
1129 2935 1270 3018 relapud
1281 2933 1392 2998 Chris-

310 3045 428 3122 tianos,
442 3045 551 3108 melius
566 3046 681 3130 possit?
698 3043 760 3108 Sed
772 3045 824 3106 ubi
838 3043 897 3107 boc
908 3063 969 3106 non
984 3057 1046 3120 est,
1059 3045 1096 3104 ad
1106 3041 1341 3128 Pythagoreum
1348 3041 1392 3101 it-

311 3151 362 3213 lud
373 3157 588 3216 transeundum
602 3177 609 3212 :
627 3167 656 3215 et
670 3181 684 3207 ιι
696 3153 767 3234 quid
781 3173 899 3233 quoque
910 3151 958 3214 die
969 3151 1090 3226 dixeris,
1102 3149 1262 3226 audireris,
1276 3146 1392 3231 egeris,

309 3279 435 3341 vespere
450 3260 760 3321 commemorandum.
771 3285 786 3311 ιι
801 3254 918 3337 (Cicer.
929 3259 966 3318 de
980 3253 1114 3333 Seoeet.)
1126 3251 1196 3316 Hoc
1212 3267 1260 3316 est
1274 3299 1285 3330 ,
1301 3251 1395 3336 Apud

310 3379 360 3441 te,
378 3368 458 3446 quod
472 3365 531 3427 disi
545 3362 683 3425 Examen
700 3365 874 3440 instituere,
895 3377 924 3425 et
940 3362 1039 3446 ipsum
1050 3361 1106 3424 tibi
1121 3359 1203 3423 r'eiut
1225 3379 1395 3424 censorem

313 3485 365 3533 aut
379 3471 510 3553 judicem
525 3470 616 3532 serre.

427 3631 433 3646 ι
476 3607 515 3655 ns
527 3599 631 3667 erupt'bm
642 3619 648 3660 ;
660 3601 680 3650 ti
694 3599 799 3666 δ’ἴριξας
813 3599 836 3650 rt'
844 3619 881 3664 por
895 3598 949 3650 dt'ot
959 3597 1132 3658 matfridum

478 3690 546 3766 Quid
558 3703 743 3764 pratergressus
753 3687 765 3741 i
775 3687 836 3758 quid
847 3701 943 3759 gamm
954 3688 981 3740 in
989 3701 1103 3761 tempore
1110 3685 1123 3738 Ρ
1131 3685 1193 3757 qnid
1206 3685 1286 3738 nou?

985 3779 995 3844 (
1009 3779 1112 3830 taram
1123 3775 1246 3830 Pareae.
1260 3778 1272 3842 )

314 3909 458 3972 Faciebat
469 3907 527 3970 hoc
542 3907 575 3968 P.
590 3905 723 3982 Sextius,
742 3905 878 3966 laudatus
891 3904 980 3965 uobis
994 3917 1082 3965 antea
1096 3903 1159 3972 vir,
1178 3930 1191 3955 ι
1202 3915 1236 3962 ut
1250 3923 1401 3964 consum-

313 4030 396 4078 mato
408 4016 479 4092 die,
495 4035 587 4096 quum
605 4034 637 4076 se
658 4015 696 4074 sd
715 4025 894 4075 nocturnam
911 4012 1042 4092 quietem
1060 4010 1247 4092 recepisset,
1263 4010 1403 4073 interro-

312 4137 397 4204 garet
411 4123 545 4185 animum
560 4141 664 4188 suum;
678 4118 769 4199 Quod
784 4117 873 4178 hodie
886 4115 1001 4177 maium
1010 4129 1096 4177 tuom
1110 4113 1245 4177 sanasti?
1255 4118 1313 4177 eui
1329 4119 1402 4176 vitio

313 4229 471 4292 obstitisti?
494 4249 552 4309 qua
570 4239 654 4310 parte
671 4226 780 4286 melior
797 4224 848 4286 es?
862 4253 876 4278 ιι
892 4220 989 4303 (Seu.
1003 4221 1053 4284 De
1067 4222 1116 4283 lru
1134 4221 1192 4297 lll,
1209 4243 1239 4283 e.
1262 4223 1350 4308 37.)
1365 4222 1404 4284 Et

314 4349 416 4398 noster
433 4333 482 4396 iiie
499 4332 614 4396 Seneca
632 4377 641 4408 ,
666 4331 696 4392 io
713 4330 803 4408 aulo,
822 4331 850 4391 in
871 4329 1031 4414 conjugio,
1060 4329 1090 4390 iu
1106 4328 1202 4391 studio
1216 4349 1358 4415 semper
1375 4343 1405 4390 ut
