2896 4958
301 416 343 454 2²
741 394 806 462 DE
836 395 927 460 lus

303 542 405 589 »non
423 532 463 586 ut
480 518 589 606 duce,
612 517 673 588 sed
695 535 734 588 ut
750 521 904 592 milite.»
931 521 1037 616 Quod
1057 539 1108 594 est
1130 525 1272 610 fulsum
1291 547 1365 603 nam

299 635 329 702 si
350 633 488 704 exaudit
508 636 694 721 rationem,
721 653 756 724 et
773 640 928 732 sequitur
946 665 1014 732 que
1031 639 1188 724 ducitur,
1211 642 1366 734 jamnon

300 765 352 845 est
364 751 433 834 ira,
451 752 548 845 cujus
561 753 737 848 proprium
749 770 801 824 est
811 758 1034 828 contumacia.
1045 758 1082 844 Si
1092 781 1173 827 vero
1184 771 1364 851 repugnat,

299 883 335 938 et
346 890 415 936 non
426 868 486 938 ubi
495 869 590 961 jussa
604 885 655 940 est
667 871 833 964 quiescit,
854 870 915 941 sed
929 871 1073 956 libidine
1086 873 1280 965 ferociaque
1293 896 1368 965 pro·

299 983 455 1068 vehitur,
488 1000 555 1054 tam
579 987 709 1056 inutilis
729 989 834 1058 animi
859 989 1014 1058 minister
1042 1005 1114 1071 est,
1148 1014 1251 1082 quam
1275 988 1368 1056 miles

150 1179 152 1184 Ι
169 1119 172 1125 ’
258 1113 274 1166 3
300 1101 359 1192 qui
374 1101 510 1194 signum
524 1103 680 1194 receptui
695 1104 851 1199 negligit.
874 1107 994 1196 ltaque
1009 1106 1038 1174 si
1051 1104 1190 1202 modurn
1204 1103 1368 1174 adhibere

299 1214 365 1310 sibi
377 1216 525 1308 patitur,
541 1214 607 1285 alio
620 1218 757 1286 nomine
767 1217 970 1312 appellanda
983 1235 1034 1288 est
1050 1246 1057 1286 ι
1075 1217 1199 1288 desinit
1213 1219 1267 1286 irc
1282 1239 1365 1298 osse,

298 1355 401 1423 quam
415 1332 612 1400 effrenatam
627 1330 894 1427 indomitamque
907 1334 1076 1428 intelligo«
1092 1337 1128 1405 si
1140 1359 1210 1407 nou
1221 1333 1365 1428 petiuit,

299 1446 492 1540 perniciosa
508 1461 579 1529 est,
600 1470 665 1516 nec
683 1447 773 1516 inter
790 1448 916 1520 auxilia
932 1435 1164 1518 numeranda..
1176 1449 1227 1518 lta
1245 1462 1307 1516 sut
1321 1447 1370 1514 ira

300 1584 369 1628 non
384 1575 456 1642 est,
477 1576 536 1628 aut
550 1561 681 1629 inutilis
698 1576 769 1630 est:
789 1585 867 1630 nam
881 1563 910 1630 si
923 1563 1001 1654 quis
1012 1587 1147 1658 poenam
1161 1562 1371 1660 exigitsnon

300 1676 408 1770 ipsius
425 1698 534 1768 poenae
551 1673 691 1760 auidus,
713 1675 774 1746 sed
787 1679 869 1770 quia
884 1693 1034 1772 oportet,
1053 1701 1123 1748 non
1139 1692 1190 1746 est
1202 1697 1369 1744 annume-

260 1811 276 1874 4
300 1793 428 1862 randus
443 1795 551 1862 iratis.
572 1797 637 1864 llic
654 1796 721 1863 erit
737 1797 830 1866 utilis
845 1797 962 1880 miles,
985 1797 1046 1889 qui
1064 1798 1127 1866 scit
1144 1817 1271 1890 parere
1289 1817 1369 1864 con-

299 1908 388 1976 silio.
418 1909 573 1978 Allectus
596 1909 735 2004 quidem
759 1926 826 1980 tam
851 1912 931 1981 mali
955 1911 1121 1994 ministri,
1147 1933 1252 2002 quam
1270 1908 1371 1976 duces

301 2041 391 2094 stmt.
413 2024 494 2095 Ideo
510 2051 685 2120 nunquam
703 2042 850 2096 assumet
867 2028 953 2098 ratio
969 2028 1006 2096 in
1021 2026 1227 2119 adjutorium
1246 2026 1372 2119 impro-

299 2137 396 2207 vidos
411 2156 446 2207 et
458 2139 625 2238 uiolentos
640 2142 805 2236 impetus,
823 2139 915 2236 apud
931 2165 1016 2233 quos
1031 2140 1119 2208 nihil
1136 2142 1209 2234 ipsa
1223 2138 1373 2208 auctori-

190 2251 195 2258 ’
303 2255 380 2322 tatis
404 2255 529 2324 lrabeat
555 2283 564 2323 :
590 2281 675 2350 quos
702 2281 876 2349 nunquam
901 2257 1124 2350 comprimere
1150 2257 1280 2348 possit,
1310 2252 1372 2342 nisi

302 2395 402 2464 pares
417 2373 485 2442 illis
499 2374 693 2466 similesque
706 2376 902 2468 opposuerit
917 2423 928 2457 ‚
946 2390 985 2442 ut
999 2376 1060 2442 irce
1074 2388 1219 2458 metum,
1240 2372 1373 2442 inertiae

301 2491 407 2568 iram,
431 2493 544 2585 timori
559 2490 791 2585 cupiditatem.

351 2611 400 2680 X.
417 2608 517 2678 Absit
525 2609 756 2678 hocavirtute
770 2610 914 2690 malum,
931 2625 970 2677 ut
980 2633 1129 2701 unquam
1139 2609 1225 2676 ratio
1237 2605 1374 2676 advitia

302 2723 487 2818 confugiat.
508 2727 584 2792 Non
608 2738 719 2818 potest
736 2725 794 2792 hic
815 2724 947 2810 animus
968 2723 1069 2792 lidele
1093 2725 1199 2792 otium
1220 2744 1372 2815 capere:

302 2839 476 2930 quatiatur
489 2865 627 2936 necesse
639 2856 707 2925 est,
724 2839 995 2932 fluctueturque,
1016 2841 1076 2932 qui
1087 2839 1185 2908 malis
1197 2839 1273 2906 suis
1286 2850 1376 2904 tutus

303 2969 374 3036 est,
398 2957 460 3047 qui
482 2957 579 3026 fortis
601 2981 696 3039 csse,
721 2956 787 3024 nisi
805 2957 986 3038 irascitur,
1010 2980 1078 3027 non
1099 2968 1231 3050 potest3
1258 2950 1377 3020 indus·

303 3069 407 3152 trius,
427 3071 493 3140 nisi
511 3073 629 3166 cupit3
656 3073 811 3166 quietus,
838 3071 908 3162 nisi
923 3071 1018 3139 timet
1037 3096 1045 3138 ι
1067 3071 1103 3139 in
1126 3069 1314 3163 tyrannide
1327 3067 1376 3134 illi

301 3182 485 3252 vivendum
507 3203 578 3270 est,
606 3189 643 3254 in
661 3187 805 3281 alicujus
827 3186 967 3254 affectus
987 3187 1137 3255 venienti
1158 3185 1373 3252 servitutem.

303 3301 378 3367 Non
401 3301 508 3394 pudet
534 3305 677 3374 virtutes
704 3305 741 3372 in
762 3299 953 3372 clientelam
979 3301 1137 3370 vitiorum
1164 3296 1377 3366 demittere?

302 3415 436 3485 Deinde
453 3418 579 3512 desinit
593 3419 780 3514 quidquam
795 3419 882 3488 ratio
893 3443 1010 3513 posse,
1031 3420 1059 3486 si
1075 3417 1162 3486 nihil
1175 3433 1293 3510 potest
1304 3418 1377 3484 sine

302 3535 444 3621 affectu,
461 3555 496 3608 et
511 3541 632 3635 incipit
650 3565 714 3634 par
731 3537 782 3608 illi
799 3537 984 3629 similisque
1000 3533 1202 3628 essc.‘Quid
1218 3535 1317 3604 enim
1330 3535 1378 3601 in·

302 3666 424 3735 terest,
445 3655 473 3722 si
491 3677 587 3747 aeque
604 3656 744 3723 affectus
762 3652 950 3726 inconsulte
968 3677 1023 3721 res
1046 3668 1098 3722 est
1119 3652 1194 3718 sine
1215 3653 1375 3732 ratione,

303 3793 404 3858 quam
434 3773 519 3841 ratio
543 3773 617 3842 sine
640 3773 763 3842 ellectu
788 3769 974 3840 inefficax?
996 3793 1061 3862 par
1087 3783 1277 3860 utrumque
1305 3785 1375 3851 est,

335 3962 450 4016 Mne.
459 3964 592 4018 Invehitur
603 3966 630 4020 in
642 3964 811 4026 amentium,
862 3961 952 4024 beent,
973 3972 998 4012 st
1011 3959 1044 4012 ad
1063 3959 1174 4030 aliquem
1193 3977 1271 4014 unm
1291 3957 1379 4015 insitos

303 4039 365 4092 vitia
395 4040 484 4094 virtuti
509 4063 561 4096 esse
588 4043 679 4098 debere
703 4040 812 4094 anxilio:
863 4038 1379 4112 velintatteouttatunaicmplmss

303 4137 449 4191 quanquam
464 4119 600 4174 adversarii
618 4123 722 4176 allectus
745 4133 814 4176 tesn-
864 4117 986 4172 silvestrcs
997 4116 1067 4172 cultu
1075 4116 1194 4172 uelum
1206 4113 1278 4170 fiunt
1294 4115 1378 4182 ,sicut

302 4211 399 4270 peretot
412 4198 609 4270 haudquaquam
624 4219 669 4274 pro
685 4199 754 4253 vitiis
762 4199 815 4256 ltn-
862 4195 983 4252 animalis
994 4195 1127 4250 domatur
1140 4207 1165 4248 et
1176 4192 1316 4273 docentur.
