2930 4956
433 483 736 554 PRAEFATIO.
1081 507 1123 552 xv

84 625 154 676 tenu
166 609 250 678 nosci
268 623 406 700 poterat
422 658 431 688 ,
450 607 678 687 servavimus,
696 605 743 674 itu
759 619 869 672 tumen
886 618 925 672 ut
945 602 1050 672 lihros
1067 606 1123 672 in·-

86 741 194 816 terquos
210 725 326 816 aliquo
345 725 495 795 materis
507 720 693 794 similitudo
707 721 886 802 intererat,
901 741 972 790 non
985 719 1121 790 aliosab

83 840 410 934 abissejungeremus.

116 957 416 1050 ltaquelvolumini
429 970 505 1049 post
516 957 651 1026 Senecae
659 955 855 1046 vitam,post
864 955 956 1024 varia
970 970 1122 1024 veterum

82 1087 224 1141 auctorum
242 1068 286 1140 de
305 1073 378 1164 ipso
390 1068 549 1163 judicia,
579 1084 614 1139 et
630 1069 661 1136 J.
687 1068 793 1160 Lipsii
812 1068 1121 1152 Manndnctionem,

81 1211 139 1278 qne
153 1211 226 1256 sere
251 1186 288 1257 in
311 1209 447 1258 omnem
467 1185 612 1257 Stoicam
639 1184 887 1278 philosophiam
905 1187 1001 1277 qnasi
1023 1210 1126 1254 manu

81 1307 230 1372 lectorem
248 1301 456 1384 introducit,
486 1316 646 1370 tractatus
666 1300 708 1370 de
726 1301 830 1370 variis
844 1301 1049 1384 virtutibus,
1069 1317 1128 1370 aut

80 1417 368 1500 vitiis,de1ra,de
387 1417 590 1497 Clementia,
613 1417 654 1484 de
674 1417 926 1512 Tranquillum
940 1421 1064 1502 minti,
1084 1420 1128 1484 de

81 1531 251 1599 Corutmitio
266 1531 456 1622 Sapientis,
470 1533 512 1597 de
525 1531 619 1612 Otio,
637 1531 679 1597 de
692 1531 858 1602 Breuitate
871 1535 951 1600 vitm
959 1581 970 1616 ,
987 1532 1029 1598 de
1047 1531 1127 1602 Vita

77 1647 160 1718 bau
180 1647 244 1716 hoc
269 1647 392 1720 ordine
414 1648 658 1743 assignavimus
679 1675 688 1732 3
720 1671 740 1718 a
766 1646 865 1719 libris
890 1647 1025 1716 deira,
1044 1649 1129 1717 inci-

76 1761 188 1854 pientes
217 1785 303 1858 quos
335 1762 462 1854 primos
491 1762 641 1838 omniunt
651 1811 662 1842 ‚
697 1760 850 1853 Caligula
879 1759 992 1832 adhuc
1022 1763 1124 1846 vivo,

75 1877 198 1970 scriptos
220 1901 295 1947 esse
312 1879 394 1946 satis
407 1893 547 1948 constat.

115 1995 144 2062 11
160 1994 224 2062 vol.
248 1994 491 2064 destinavimus
505 1996 614 2066 varios
627 1994 670 2062 de
685 1995 921 2090 Consolatione
935 1993 1061 2076 libros,
1079 1996 1122 2065 iis

76 2113 302 2201 premittentes
316 2111 515 2204 opusculum
528 2113 570 2178 de
583 2112 796 2180 Providentia
802 2161 814 2192 ,
832 2113 904 2180 sive
919 2137 1021 2208 quare
1037 2113 1128 2180 bonis

76 2231 143 2294 nith
158 2231 248 2296 mala
263 2229 444 2308 accidant,
466 2227 559 2320 quod
573 2245 624 2300 est
642 2231 739 2322 qnasi
756 2226 1025 2318 introductio,ad
1037 2232 1131 2299 Con·
1207 2221 1217 2244 '

74 2344 233 2412 solatorios
249 2344 371 2412 libros.
390 2346 482 2416 Duas
496 2345 544 2412 ad
561 2345 719 2416 Helviam
734 2358 769 2412 et
787 2345 836 2420 ad
848 2345 1016 2416 Marciam
1037 2345 1131 2414 Con-

73 2462 232 2530 solationes
248 2461 394 2531 alteram
411 2461 511 2531 alteri
523 2463 766 2556 apposuimus,
789 2462 917 2553 quippe
936 2461 1061 2552 quihus
1078 2486 1133 2530 en·-

72 2583 139 2651 dem
155 2586 224 2654 lere
238 2584 380 2652 materia
395 2599 559 2652 tractatur
574 2611 581 2650 :
595 2608 658 2652 nec
671 2584 801 2652 Ludurn
817 2583 859 2650 de
881 2603 986 2651 morte
1003 2584 1133 2652 Claudii

74 2699 200 2768 Coesan's
218 2725 240 2768 a
261 2701 497 2769 Consolatione
510 2701 558 2766 od
571 2699 766 2792 Polybium,
783 2699 880 2791 cujus
899 2715 951 2767 est
971 2715 1129 2792 tanquam

71 2815 257 2898 Palinodia,
285 2814 534 2909 sejungendum
563 2838 636 2884 esse
660 2816 840 2884 voluimus.
871 2816 1029 2909 Denique
1056 2833 1132 2910 post

72 2929 122 2998 ills
147 2933 288 3000 moralia
317 2956 421 3025 opera
448 2931 547 3006 libros
563 2931 605 2996 de
630 2931 802 3024 Beneficiis
830 2930 1042 2999 collocandos
1069 2956 1131 3000 cn-

72 3051 211 3117 mrimus
227 3078 238 3136 3
255 3050 371 3118 cuncti
393 3049 483 3116 enim
501 3048 684 3140 scriptores
702 3047 739 3112 in
757 3047 823 3114 hoc
846 3049 1060 3116 consentiunt
1077 3073 1134 3116 eos

70 3168 213 3234 omnium
231 3167 370 3236 ultimos
384 3167 527 3260 scriptos
541 3189 626 3248 esse,
646 3166 774 3233 Seneca
779 3145 849 3257 jam
868 3189 959 3232 sene.

112 3281 161 3348 ΠΙ
180 3298 214 3350 et
230 3284 277 3376 Il(
293 3281 362 3350 vol.
387 3280 577 3374 implebunt
600 3282 763 3370 Epistoloe
781 3283 946 3364 morales,
974 3306 1057 3374 quas
1078 3282 1132 3349 di-

71 3397 169 3464 rersis
187 3421 269 3465 sane
287 3396 512 3491 temporibus,
533 3395 593 3464 sed
608 3396 795 3488 praesertim
812 3397 911 3464 senili
924 3412 1042 3482 aetate,
1057 3398 1135 3490 phi-

69 3508 226 3606 losophus
239 3529 356 3582 noster
368 3512 542 3605 scripsisse
557 3511 694 3580 videtur
706 3536 715 3598 3
729 3511 784 3579 his
801 3511 1019 3604 subjiciemus
1035 3513 1133 3580 Com-

70 3631 221 3694 mercium
243 3630 427 3694 litterarum
446 3625 583 3694 Senecoe
601 3643 635 3690 et
653 3626 717 3690 divi
739 3629 881 3715 apostoli
896 3629 1022 3712 Pauli,
1043 3629 1136 3720 quod

68 3741 197 3811 etiamsi
219 3745 470 3838 supposititium
489 3743 663 3825 videntur,
686 3743 751 3810 hoc
769 3742 853 3810 utile
872 3762 906 3811 et
925 3746 1040 3812 multis
1054 3771 1137 3838 gra-

69 3867 132 3923 tnm
145 3862 219 3929 erit
235 3860 327 3953 quod
342 3861 445 3928 miras
459 3858 697 3956 similitudines
711 3874 780 3926 tum
797 3863 1053 3950 sententiarum,
1068 3881 1137 3933 tum

69 3973 163 4042 etiam
184 3977 372 4046 verborum
391 3976 603 4044 Christianos
618 3976 708 4042 inter
722 3991 756 4042 et
772 3976 901 4045 Stoicos
914 3979 1076 4071 praebeat,

111 4089 140 4150 V
167 4091 247 4157 vol.
268 4089 455 4159 continebit
476 4089 679 4180 Quaestiones
700 4092 893 4170 naturales,
919 4091 963 4160 ab
986 4094 1141 4161 omnibus

66 4196 136 4267 aliis
165 4203 276 4272 libris
294 4227 432 4297 prorsus
453 4201 624 4272 diversum
644 4217 679 4270 et
697 4207 748 4270 sni
765 4209 896 4296 generis
913 4230 1024 4299 opus,
1050 4207 1141 4300 quod
