2926 4958
203 503 209 514 ,
321 423 376 490 011
510 390 1219 492 snwsuuauooucwoors

318 577 391 642 cinae
407 587 460 638 aut
478 575 595 638 laciniae
612 586 681 636 sunt
696 573 781 636 ituris
796 575 834 636 ad
848 572 970 635 Bonam
983 586 1127 636 mentem.
1143 573 1284 638 Socrates
1301 577 1391 638 olim.¹

322 682 457 746 «Vestes
478 682 575 766 longae
597 695 627 746 et
647 683 760 746 talares
778 701 929 764 corpora,
950 701 1026 764 opes
1045 694 1146 744 antem
1165 683 1265 744 nimiae
1282 685 1394 746 animos

320 791 502 875 impediunt.
514 819 529 846 ι»
540 790 629 853 Bona
640 789 826 866 similitudo,
843 803 873 851 et
884 788 1017 874 Apuleio
1027 789 1141 872 placuit
1151 793 1297 858 concinne
1312 814 1396 856 naur-

319 921 394 984 pare
416 923 423 958 :
447 895 662 974 «Fortunam,
685 896 768 960 velut
786 896 940 973 tunicam,
966 895 1063 980 magis
1085 898 1285 973 concinnam,
1309 919 1395 979 quam

322 1008 447 1092 longam
462 1006 636 1091 probare.»
652 1003 821 1088 (Apolog.)
837 1001 941 1085 ltaque
956 1004 1076 1087 sapiens
1088 1003 1199 1081 habet,
1215 1025 1277 1066 non
1291 1006 1397 1066 adver-

319 1127 385 1175 sat:
402 1127 432 1176 et
444 1134 517 1176 vere
530 1122 656 1197 ’χρήματα
669 1132 733 1173 non
746 1119 866 1192 κτήματα
880 1131 916 1172 ea
931 1109 1012 1174 iacit.
1026 1107 1088 1172 Sed
1100 1132 1158 1172 nec
1172 1109 1212 1172 ab
1227 1110 1288 1173 illis
1305 1132 1337 1173 se
1348 1133 1397 1174 aes-

321 1218 430 1282 timat:
450 1220 607 1295 duntaxat,
626 1215 757 1292 siMens
775 1216 857 1278 bona
872 1218 977 1291 adest,
993 1216 1121 1291 dixerit,

487 1371 606 1439 Μακάριος
615 1369 678 1432 ὅστις
692 1371 772 1423 einer
783 1371 818 1422 sal
832 1376 886 1421 νοῦν
894 1369 954 1438 ἔχει·

491 1459 584 1514 Beatus
597 1473 634 1513 eat
644 1500 652 1527 ,
664 1461 708 1532 qni
720 1461 838 1514 Mentem
849 1473 934 1514 etune
948 1461 1018 1535 Opes
1030 1459 1113 1514 habet.

322 1585 390 1647 lmo
411 1586 538 1661 beatus,
562 1585 614 1667 qni
634 1585 733 1648 solam
754 1585 847 1646 etiam
865 1583 1003 1648 Mentem
1018 1585 1112 1649 habet
1140 1609 1147 1645 :
1170 1586 1225 1649 etsi
1240 1607 1309 1648 cum
1324 1607 1361 1649 ea
1375 1602 1403 1648 et

324 1693 394 1754 illas
416 1692 530 1754 mallet.
551 1692 661 1774 Neque
680 1693 764 1756 enim
779 1689 905 1777 Eligere
922 1695 962 1757 ab
981 1715 1019 1757 eo
1042 1713 1230 1756 amovemus.
1249 1691 1402 1777 Appetere

315 1785 441 1860 'tantum
465 1801 653 1862 damnamus.
676 1798 761 1862 Nam
782 1799 834 1864 ille
854 1801 977 1882 quidem
998 1821 1091 1886 opes,
1116 1801 1219 1876 vires,
1248 1801 1402 1878 honores,

327 1935 342 1960 u
353 1920 451 1969 toturn
467 1905 610 1970 Fortunae
626 1929 754 1991 regnum
770 1907 915 1992 despiciet
932 1931 939 1967 :
956 1911 1009 1972 sed
1024 1931 1060 1971 ex
1073 1908 1127 1969 illo
1142 1921 1266 1984 tamen,
1284 1909 1308 1968 si
1324 1908 1405 1970 dabi-

323 2027 373 2076 tur
390 2015 518 2094 electio,
534 2015 678 2078 molliora
693 2029 801 2077 sumet.
812 2043 827 2070 n
844 2013 934 2096 (Sen.
946 2013 997 2078 De
1008 2013 1186 2089 Volscae,
1199 2036 1225 2077 c.
1240 2013 1305 2098 25.)
1321 2015 1406 2078 Idem

324 2121 444 2185 sortiter
456 2135 485 2185 et
497 2145 533 2186 ex
546 2121 649 2184 aninlo
662 2123 824 2186 clamabit:

554 2266 641 2319 hudo
654 2280 819 2322 manentem:
833 2267 873 2320 sin
886 2267 978 2320 celeres
991 2267 1071 2338 quatit

558 2359 676 2422 Pennas,
688 2358 791 2430 resigno
802 2375 859 2428 quae
871 2357 954 2421 dedit,
966 2370 989 2410 et
999 2339 1054 2411 mee

594 2449 701 2520 virture,
707 2471 748 2502 me
762 2449 886 2516 involvo,
901 2450 1055 2522 probamque

627 2540 779 2616 Pauperiem
787 2541 842 2594 sine
852 2541 911 2594 dote
922 2559 1017 2613 quaro.

323 2681 439 2746 Audis?
454 2686 557 2746 dotem
568 2685 679 2747 habeat
685 2683 812 2759 Virtus,
825 2705 888 2746 non
899 2685 1011 2748 habeat
1023 2731 1032 2763 ,
1045 2687 1143 2769 ipsam
1159 2686 1254 2756 ambit
1265 2699 1296 2748 et
1308 2698 1408 2748 amat:

324 2809 382 2851 nec
399 2793 543 2853 accedere
558 2793 587 2854 ei
611 2805 662 2853 aut
679 2793 826 2854 decedere
847 2813 906 2875 per
930 2805 1052 2854 externa
1074 2793 1236 2874 quidquam
1250 2806 1349 2876 putat.
1371 2791 1412 2854 Aa

324 2895 387 2959 hac
401 2895 472 2957 talia
486 2891 595 2960 animis
611 2898 836 2981 imprimenda,
862 2919 901 2960 ne
914 2900 988 2961 vitio
1003 2900 1120 2962 Zenoni
1135 2914 1269 2962 vertatur
1281 2901 1412 2964 nomina

328 2996 465 3078 apposita
483 2997 633 3061 invenisse
646 3037 658 3074 ς
672 3012 703 3061 et
726 3021 792 3081 quae
814 3000 991 3076 ostendant,
1016 3013 1067 3062 aut
1087 2997 1218 3062 liberent
1236 3001 1412 3085 apopulari

329 3125 447 3166 errore.
461 3102 600 3168 Dissundi
620 3106 675 3170 ista
690 3106 824 3191 possint,
847 3107 912 3169 dies
928 3107 1100 3172 contrahit:
1117 3122 1148 3170 et
1164 3130 1254 3178 ecce,
1272 3111 1348 3173 dum
1364 3111 1413 3171 lo-

328 3212 470 3292 quimur,

499 3372 572 3389 .....
586 3341 663 3400 ἠέλιος
675 3341 775 3404 κατέδυ,
790 3341 826 3393 ael
836 3309 877 3392 leel
892 3343 973 3410 :ripae
984 3339 1049 3398 silla·

491 3427 551 3480 Jam
560 3427 599 3480 sol
610 3429 719 3509 occidit,
735 3443 759 3482 et
770 3451 862 3483 venere
874 3430 1020 3505 crepuscula
1036 3433 1124 3484 noctis.

328 3543 406 3605 Vale
418 3556 448 3606 et
460 3547 535 3610 vade
550 3547 657 3630 igitur;
674 3569 762 3624 cras,
783 3551 892 3625 sodes,
909 3549 983 3612 redi.
