2910 4954
310 477 371 558 ¹04
742 481 807 548 DE
835 483 926 548 iss

302 602 356 668 bis
375 625 494 694 graves
509 605 640 696 magis,
666 605 809 676 furiosos
828 624 864 677 et
880 609 1145 678 irrevocabiles?
1166 613 1213 678 Ea
1231 609 1363 678 demum

302 717 460 786 velocitas
476 717 608 811 placet,
625 745 702 814 quae
715 723 775 791 ubi
782 725 879 816 jussa
893 741 968 808 est,
987 728 1167 820 vestigium
1180 729 1288 808 sistit,
1304 751 1365 794 nec

301 831 390 900 ultra
411 831 577 903 destinata
597 839 791 929 procurrit,
816 856 852 908 et
874 865 950 933 quae
972 842 1082 924 flecti,
1107 858 1142 911 et
1160 868 1181 911 a
1197 868 1300 912 cursu
1323 841 1364 909 ad

262 981 275 1010 :t
301 946 445 1040 gradum
465 947 585 1017 reduci
609 967 732 1043 potest.
752 955 875 1048 AEgros
897 956 1021 1026 scimus
1044 981 1166 1025 nereos
1188 981 1283 1038 csse,
1307 957 1363 1025 ubi
1435 922 1436 984 l

298 1063 413 1131 invitis
429 1063 527 1133 nobis
540 1083 729 1136 moventur.
751 1070 881 1152 Senex,
901 1087 960 1140 aut
977 1073 1104 1140 infirmi
1120 1073 1272 1165 corporis
1290 1087 1361 1152 est,
1437 1140 1438 1182 ,

298 1182 357 1272 qui
377 1206 482 1273 quum
495 1183 669 1252 ambulare
685 1186 780 1269 vult,
802 1190 910 1256 currit
922 1193 946 1256 ¹.
969 1187 1084 1258 Animi
1103 1204 1211 1258 motus
1228 1213 1364 1282 eospu·
1438 1252 1439 1286 ,

299 1312 407 1364 temus
432 1300 624 1368 sanissimos
650 1299 964 1394 validissimosque,
998 1306 1056 1396 qui
1082 1320 1197 1372 nostro
1223 1303 1365 1370 arbitrio
1439 1359 1440 1368 ,

298 1410 417 1496 ibunt,
444 1437 512 1482 non
536 1439 597 1483 suo
618 1415 783 1485 ferentur.
804 1419 899 1486 Nihil
921 1435 1032 1488 tamen
1055 1443 1152 1512 mque
1174 1419 1361 1513 prolueris,
1440 1469 1441 1478 κ

297 1553 398 1620 quam
417 1531 564 1625 primum
582 1533 709 1602 intueri
726 1533 973 1604 deformitatem
992 1537 1064 1617 rei,
1087 1534 1211 1604 deinde
1227 1536 1364 1628 pericu·

259 1661 273 1710 3
299 1643 381 1712 lum.
409 1648 485 1714 Non
504 1662 556 1716 est
574 1648 677 1716 ullius
695 1649 835 1718 affectus
862 1650 964 1718 iacies
988 1651 1181 1720 turbatior:
1202 1650 1363 1744 pulcher·

298 1759 383 1826 rima
397 1783 457 1828 ora
474 1761 630 1846 foedavit,
654 1780 765 1834 torvos
785 1764 898 1833 vultus
918 1787 959 1832 cx
978 1764 1265 1856 tranquillissimis
1283 1761 1363 1831 red-

297 1872 396 1942 didit.
419 1878 581 1969 Linquit¹
603 1877 705 1948 decor
719 1881 827 1948 omnis
839 1873 961 1948 iratos³
978 1906 986 1944 ε
1001 1896 1035 1947 et
1054 1881 1123 1949 sire
1142 1881 1283 1946 amictus
1298 1878 1366 1945 illis

296 1994 499 2084 compositus
528 2009 579 2061 cst
601 1992 645 2060 ad
667 1993 800 2087 legem,
829 1996 966 2064 trahent
990 2012 1134 2078 vestem,
1164 2019 1366 2087 omnemque

297 2129 412 2172 curam
433 2108 488 2176 sui
508 2107 706 2194 effundent3
723 2110 795 2178 sive
808 2111 1004 2203 capillorum
1018 2126 1140 2178 natura
1157 2111 1213 2178 vel
1224 2126 1299 2178 arte
1312 2111 1368 2202 ja·

297 2225 446 2293 centium
464 2249 533 2293 non
547 2227 701 2295 informis
716 2242 768 2295 est
786 2227 944 2311 habitus,
962 2251 1040 2296 cum
1058 2229 1168 2298 animo
1188 2229 1368 2296 inhorres-

297 2355 380 2406 cunt
397 2365 404 2404 :
423 2355 614 2407 tumescunt
626 2363 741 2423 venae,
759 2343 951 2410 concutitur
961 2342 1082 2411 crebro
1095 2343 1217 2435 spiritu
1230 2357 1365 2434 pectus,

299 2454 417 2522 rabido
435 2456 526 2524 vocis
545 2457 679 2548 eruptio
698 2454 784 2525 colla
800 2456 983 2543 distendit3
1004 2474 1085 2526 tunc
1097 2473 1190 2526 artus
1209 2456 1365 2550 trepidi,

257 2582 272 2644 4
297 2574 459 2665 inquietae
474 2596 615 2655 manus,
631 2574 734 2642 totius
747 2573 898 2668 corporis
911 2572 1097 2643 flocumtio.
1113 2572 1259 2665 Qualem
1272 2574 1370 2640 intus

298 2703 396 2780 putas
418 2711 491 2756 esse
512 2689 661 2756 animum
682 2739 692 2770 ,
724 2689 822 2780 cujus
845 2707 940 2757 extra
960 2691 1070 2782 imago
1097 2706 1164 2756 tam
1181 2686 1269 2755 foeda
1290 2690 1373 2756 est?

282 2819 424 2895 *quanto
444 2802 493 2870 illi
509 2803 598 2870 intra
618 2819 736 2896 pectus
751 2805 938 2874 terribilior
950 2805 1085 2888 vultus,
1101 2806 1211 2874 acrior
1224 2806 1373 2898 spiritus

256 2941 269 2988 5
298 2937 367 3003 cst,
382 2921 546 2989 intensior
556 2921 721 3013 impetus,
739 2935 902 3013 rupturus
918 2945 953 2989 se
967 2922 1032 2990 nisi
1046 2922 1221 3013 eruperit?
1234 2921 1375 3011 Quales

298 3056 376 3107 sunt
394 3039 560 3118 hostium,
581 3037 636 3106 vel
656 3037 804 3108 serarum
816 3037 908 3108 caede
922 3035 1129 3110 madentium
1144 3088 1155 3120 ,
1170 3035 1287 3110 autad
1300 3062 1376 3106 cae·

297 3155 375 3224 dem
394 3156 548 3222 cuntium
573 3153 775 3245 adspectus3
797 3153 911 3245 qualia
935 3169 1042 3246 poetae
1060 3153 1190 3222 inferna
1215 3169 1375 3220 monstra

298 3271 447 3354 finxere,
465 3271 636 3338 succincta
649 3268 886 3362 serpentibus,
904 3285 938 3336 ot
952 3270 1052 3361 igneo
1065 3267 1165 3350 flatu3
1184 3266 1305 3359 quales
1327 3267 1377 3334 ad

297 3387 387 3454 bella
403 3384 603 3467 excitanda,
626 3383 896 3477 discordiamque
910 3385 946 3451 in
965 3384 1106 3478 populos
1122 3381 1374 3464 dividendam,

333 3647 353 3681 ι.
374 3633 469 3684 Currit.
488 3629 557 3682 Male
573 3629 711 3694 Trilletus,
730 3630 803 3684 otu.
854 3629 947 3681 dedit:
966 3627 1189 3698 liquitfflmltere
1209 3637 1316 3678 oestem
1340 3639 1382 3678 est

296 3710 349 3762 crit.
365 3711 395 3773 l,
418 3709 467 3772 ab,
480 3709 579 3760 emend.
594 3713 695 3761 sonuit.
708 3707 803 3760 Enim·
854 3705 914 3759 luxu
935 3718 959 3757 ct
979 3705 1085 3758 mollitie
1107 3703 1277 3758 diffluentium
1303 3705 1382 3779 apud

296 3807 355 3838 vero
367 3786 451 3858 agitur
460 3784 491 3838 de
503 3786 632 3839 velocitate
639 3785 804 3856 nimiamque
853 3783 928 3836 llom.
939 3784 975 3836 ita
986 3795 1010 3834 et
1019 3786 1143 3851 &stpdw
1152 3787 1225 3836 tta„
1235 3801 1276 3854 ap.
1290 3783 1383 3837 Gn-

294 3866 392 3918 vitiosa.
417 3864 544 3937 Repressit
569 3863 622 3934 ejus
643 3862 803 3935 cupiditatem
854 3881 967 3914 costros
983 3859 1171 3914 nomtllmont
1186 3859 1383 3912 tamen-Gron.

293 3948 319 3998 J.
329 3945 365 3996 Μ.
371 3945 523 4016 Heusinger.
534 3942 660 3995 Emendd.
671 3963 694 4015 p.
703 3943 748 3994 231
760 3954 805 4006 ‚ut
854 3941 885 3992 sd
897 3940 966 3992 bunc
977 3939 1068 3992 locum.

294 4040 364 4074 nunc
375 4021 457 4073 video.
887 4017 910 4069 3.
921 4017 1301 4087 Linqnitdewronuu'simtos.
1313 4016 1384 4068 Vid.

329 4120 351 4152 r.
364 4099 474 4169 Linquit
475 4137 524 4150 ......
539 4099 618 4151 Totus
630 4099 699 4152 locus
710 4119 724 4152 a
736 4099 804 4152 Gro·
818 4145 821 4156 ‚
853 4098 981 4172 supralib.
996 4097 1025 4160 l,
1038 4117 1091 4170 cap.
1104 4115 1113 4147 ι
1126 4133 1133 4159 ,
1148 4107 1202 4165 post
1219 4093 1291 4146 med.
1312 4111 1384 4168 part.

295 4178 372 4230 novio
391 4177 462 4230 docte
476 4177 624 4230 constitutus
642 4190 678 4228 cst
695 4197 709 4229 a
729 4177 803 4230 codd.
854 4176 896 4228 ubi
914 4173 1044 4244 descriptio
1062 4185 1137 4224 exstat
1155 4169 1212 4223 irati
1231 4169 1384 4238 bominis,

295 4257 405 4329 Linquit
421 4269 504 4318 temen
523 4268 594 4308 tueor
612 4274 618 4308 ε
636 4255 675 4308 vir
696 4275 804 4328 maguus
853 4253 912 4306 lruic
935 4251 1108 4326 cotnparsotla.
