2896 4958
219 475 223 484 '
297 510 357 594 0015
480 486 1180 578 snpsnmuuancmonrs

297 646 456 732 exemplo?
474 667 548 710 nam
565 647 591 712 is
610 670 703 731 quum
719 653 879 714 ostendere
899 649 1007 729 vellet,
1024 651 1214 733 quamlacile
1231 649 1362 734 Sapienti

296 757 441 819 ditescere
461 778 469 815 ι
487 757 612 840 praevisa
628 756 782 820 feracitate
799 758 956 836 olearrnn,
979 757 1091 821 fructus
1107 779 1212 822 omnes
1229 759 1359 833 eo'e’rnit,

297 875 327 927 et
343 863 424 924 solus
441 882 585 947 compos,
608 865 761 942 vendidit,
786 865 907 945 vimque
923 868 1068 949 grandem
1087 865 1220 949 pecuniae
1239 865 1363 948 pararit.

295 966 400 1032 Potest
416 970 506 1055 igitur
525 967 640 1034 habere
654 967 782 1055 Sapiens
800 993 809 1032 s
828 973 880 1033 sed
895 985 1007 1053 quanto
1023 971 1129 1048 altius,
1145 971 1253 1034 nolle?
1271 972 1363 1033 calcat

295 1070 358 1135 lame
373 1069 544 1154 superflua,
562 1084 593 1134 et
611 1073 754 1135 duntaxat
777 1099 792 1128 α
803 1071 975 1134 divitiarum
995 1071 1178 1133 naturalium
1197 1085 1243 1134 est
1258 1073 1364 1154 qnasi-

295 1190 346 1240 tor
366 1177 542 1240 acerrimus.
554 1203 570 1234 n
587 1175 681 1257 (Sen.
696 1175 796 1261 Epist.
813 1180 924 1256 exam)
943 1175 1007 1242 Fac
1028 1177 1132 1256 idem,
1155 1177 1286 1240 Auditor
1305 1199 1314 1237 s
1336 1190 1364 1239 et

296 1283 377 1346 disce
393 1284 493 1346 statim
509 1305 546 1348 ac
560 1285 743 1367 compendio
767 1284 851 1346 dives
868 1303 943 1346 esse.
959 1280 1189 1366 «Repraesentat
1208 1302 1284 1366 opes
1307 1279 1364 1344 Sa-

295 1389 428 1474 pientia,
443 1411 518 1474 qnas
532 1391 709 1472 cuicumque
723 1411 923 1474 supervacuas
937 1389 1027 1464 fecit,
1044 1390 1135 1452 dedit.
1145 1415 1161 1444 n
1182 1387 1258 1472 (Ep.
1268 1395 1365 1464 xvia.)

296 1497 347 1560 An
361 1519 424 1560 non
437 1497 499 1560 haee
513 1495 614 1560 Sacris
628 1497 720 1560 etiam
735 1497 847 1558 nostris
860 1497 1011 1560 consona?
1029 1494 1172 1560 Clemens
1185 1494 1367 1558 Alexandri·

296 1627 353 1668 nus
367 1604 461 1682 dicit,
477 1618 508 1668 et
521 1607 610 1668 docet
623 1626 632 1664 a
649 1631 665 1660 κ
677 1601 770 1686 Quod
783 1594 885 1666 autem
899 1604 1000 1664 omnia
1016 1603 1074 1665 sint
1084 1601 1251 1686 Sapientis,
1265 1615 1366 1686 aperte

297 1709 457 1796 Scriptura
471 1710 582 1774 indicat
592 1711 713 1788 dicens,
729 1707 884 1792 Quoniam
893 1707 979 1772 Deus
992 1709 1054 1772 mei
1066 1709 1208 1771 misertus
1221 1722 1285 1786 est,
1296 1707 1368 1770 mihi

299 1832 368 1884 sunt
387 1817 501 1881 omnia.
518 1817 624 1880 Unum
647 1818 729 1880 euim
755 1831 898 1902 oportere
919 1815 1019 1900 expeti
1043 1817 1187 1893 ostendit,
1212 1837 1271 1899 per
1293 1817 1371 1896 quod

299 1924 377 1988 iacta
401 1938 469 1987 sunt
488 1926 612 2002 omnia,
630 1938 661 1986 et
684 1923 722 1986 iis
744 1923 796 2006 qui
810 1923 891 2006 digni
907 1935 975 1984 sunt
991 1921 1142 2006 promissa
1161 1921 1344 1983 tribuuntur.
1356 1949 1370 1976 s

299 2028 350 2114 (ll
364 2029 504 2110 Strom.)
520 2028 606 2106 Ecce
627 2029 658 2092 iu
679 2050 751 2092 rera
774 2028 929 2112 Sapientia
952 2027 1077 2106 divitiae,
1104 2040 1135 2090 et
1155 2028 1186 2088 in
1207 2027 1313 2089 animo
1334 2029 1370 2088 ad
1392 2051 1395 2068 ·

190 2197 191 2200 ,
299 2137 420 2216 Deum,
432 2159 585 2200 summum
601 2151 689 2220 atque
703 2155 797 2199 unum
810 2135 940 2213 Meum,
958 2157 1056 2197 verso.
1067 2132 1129 2197 Sed
1141 2134 1186 2196 ris
1196 2135 1280 2218 ipsas
1295 2133 1372 2197 Stoi-

300 2265 406 2308 corum
420 2265 525 2320 voees,
551 2257 641 2326 atque
656 2243 749 2307 etiam
769 2241 877 2306 sensa?
893 2240 1074 2322 Ambrosius
1094 2264 1102 2302 r
1119 2267 1135 2296 e
1147 2237 1296 2302 Salomon
1312 2241 1367 2312 ait,

299 2351 364 2432 ejus
383 2351 435 2432 qui
454 2349 551 2414 fidelis
564 2361 629 2427 est,
648 2363 726 2412 totus
739 2351 867 2411 mundus
883 2347 1064 2410 divitiarum.
1077 2345 1200 2428 Quanto
1214 2348 1304 2430 prior
1315 2345 1369 2409 Sa-

297 2453 423 2534 lomon,
445 2477 537 2538 quam
554 2456 661 2519 Zenon
679 2453 853 2519 Stoicorum
873 2455 1037 2538 magister,
1059 2467 1147 2536 atque
1162 2467 1271 2524 auctor
1284 2467 1369 2518 sectae

297 2562 413 2646 ipsius?
427 2559 505 2644 Quis
519 2577 621 2625 autem
635 2562 752 2641 fidelis,
763 2561 822 2625 nisi
832 2560 960 2645 Sapiens
971 2561 984 2624 l
995 2587 1010 2614 ι
1026 2557 1069 2622 Et
1080 2560 1181 2623 statim
1195 2583 1204 2620 ε
1221 2587 1235 2614 α
1246 2557 1313 2624 Sed
1323 2561 1370 2622 di-

298 2691 350 2733 cas
366 2692 375 2730 a
391 2668 556 2753 Quomodo
574 2668 726 2754 Sapientis
740 2683 820 2733 totus
836 2670 987 2735 mundus?
1004 2667 1160 2751 Quoniam
1172 2668 1238 2752 ipsa
1253 2666 1371 2732 Natura

299 2777 352 2839 dat
364 2776 409 2839 illi
423 2791 539 2840 sortem
555 2777 715 2853 omnium,
732 2775 851 2840 etiamsi
871 2777 937 2861 ipse
956 2775 1033 2839 nihil
1051 2776 1214 2859 possideat.
1233 2773 1372 2839 Domina

299 2896 389 2946 estet
405 2905 583 2966 possessor,
602 2882 757 2967 Sapientia
779 2907 788 2944 ε
810 2905 876 2967 quae
897 2905 951 2946 sua
970 2891 1056 2968 putat
1069 2881 1194 2945 Naturae
1214 2904 1370 2958 munera,

299 3008 356 3050 nee
366 2988 436 3050 ullis
447 2989 577 3073 indiget,
589 2989 708 3053 etiamsi
718 2990 816 3052 desint
826 2990 855 3051 ei
866 2992 905 3052 ad
914 2989 1027 3052 victum
1037 2988 1218 3052 necessaria.
1227 2987 1371 3071 Namque

299 3091 435 3156 Musicus
447 3113 561 3178 organa
577 3108 628 3157 aot
640 3093 780 3158 Medicus
793 3096 1013 3159 medicamenta
1029 3094 1147 3158 etiamsi
1160 3115 1222 3158 non
1234 3095 1369 3170 habeat,

297 3199 390 3263 habet
401 3213 504 3264 tamen
519 3223 557 3264 eo
577 3204 644 3286 ipso
661 3223 721 3285 quo
736 3202 831 3286 possit
843 3201 891 3264 his
905 3203 967 3279 uti,
990 3202 1109 3265 etiamsi
1122 3203 1161 3264 ad
1178 3216 1302 3286 tempus
1315 3223 1367 3262 eo·

297 3329 367 3370 rum
380 3330 452 3371 usus
466 3329 530 3372 non
544 3321 721 3393 suppetat»
737 3307 818 3394 (Lib.
829 3307 861 3370 ll
873 3308 924 3372 De
934 3308 1136 3386 Abrahamo.)
1146 3307 1233 3370 Bone
1248 3311 1367 3382 doctor,

296 3415 390 3494 salae,
400 3437 463 3478 non
473 3416 538 3499 ipsa
548 3412 686 3478 Porticus
694 3415 1186 3499 aonetmagisgermanasZenonis
1193 3412 1368 3478 voces.Oh-

298 3519 454 3584 serrastin’
471 3537 574 3585 autem
589 3524 669 3584 etde
683 3522 874 3601 indigentie?
895 3520 986 3584 etiarn
1002 3521 1065 3583 sine
1077 3523 1253 3604 possessione
1267 3536 1368 3582 sonem

296 3625 432 3693 habere?
449 3626 525 3693 Haec
538 3650 611 3692 vera
625 3642 703 3692 sunt.
724 3656 740 3684 s
752 3626 849 3691 Stulta
863 3627 1039 3690 mortalium
1055 3625 1180 3690 avaritia
1194 3626 1370 3710 possessio-

297 3749 370 3792 nem
381 3731 657 3813 proprietatemque
667 3729 827 3806 discernit,
837 3729 1067 3812 necquidquam
1077 3728 1271 3792 snumcredit
1281 3749 1368 3803 esse,

298 3835 378 3915 qnod
398 3836 552 3918 publicum
573 3849 627 3899 est
637 3864 653 3892 s
676 3832 1023 3921 (Sen.Epist.1.xx11.)
1042 3832 1171 3918 Sapiens
1188 3833 1279 3898 aliter
1295 3855 1305 3895 a
1319 3833 1370 3916 qui

298 3939 427 4021 puhlicis
440 3953 473 4001 ut
484 3942 608 4024 privatis
621 3942 750 4020 fruitur,
763 3931 889 4027 privatis
902 3957 934 4005 ut
944 3941 1082 4026 publicis.
1098 3938 1281 4025 «Sapientia
1300 3962 1371 4003 orn-

298 4044 384 4107 nimn
397 4058 495 4107 mater
505 4061 570 4125 est,
584 4061 613 4110 et
628 4048 693 4132 ipsa
704 4049 812 4112 orbern
825 4063 977 4112 terrarum
990 4049 1161 4133 possidet.»
1175 4046 1270 4132 (Sap.
1280 4047 1370 4125 Vll.)

298 4149 475 4214 Abrahamo
485 4153 532 4215 illi
542 4156 632 4218 «celata
644 4170 688 4218 est
697 4156 796 4218 onmis
806 4169 887 4219 terra
898 4155 932 4240 a(
944 4153 1023 4218 Gen.
1030 4154 1134 4233 Xlll.)
1144 4178 1151 4214 :
1160 4157 1214 4216 sed
1225 4155 1369 4237 quando?

295 4273 454 4341 postquam
466 4282 484 4322 a
497 4257 597 4323 Lotho
608 4261 752 4340 discessit,
765 4263 861 4340 idest,
876 4288 890 4317 ι
902 4261 980 4324 vitiis
994 4275 1024 4324 et
1035 4259 1200 4324 deflexione
1213 4282 1369 4324 morum.»

293 4363 421 4444 (ambr.
434 4365 464 4429 ll
479 4370 516 4432 de
532 4365 664 4450 Abram)
679 4368 711 4433 Ο
724 4391 840 4452 magno
850 4369 939 4452 igitur
951 4415 960 4447 ,
973 4391 992 4430 o
1008 4390 1084 4432 verae
1098 4391 1172 4452 opes
1184 4369 1192 4429 l
1208 4369 1369 4431 veniamus
