2896 4954
347 413 507 482 LIBER
530 413 821 500 1‚.cs1>.1x11.
1051 416 1115 508 ²²23

61 545 175 628 babet,
205 535 328 638 quibus
354 549 390 614 in
416 549 659 616 munimentum
688 549 780 640 pacis
803 548 936 630 utitur3
967 547 1053 614 alter
1083 562 1121 614 ut

63 687 175 755 magno
203 663 321 730 timore
347 685 469 757 magna
494 664 574 732 odia
603 679 804 757 compescat.
833 667 904 732 Nec
932 662 1007 731 illas
1031 663 1158 755 ipsast

61 795 193 860 manue,
212 771 390 871 quibus'se
409 781 593 861 commisit,
613 804 752 848 securus
769 778 914 872 adspicit
930 784 938 814 ¹
956 806 965 862 3
982 794 1119 846 contra-

61 894 115 960 riis
129 895 163 961 in
183 897 352 963 contrario
364 898 478 989 agitur
493 903 524 978 ²,
544 921 621 964 nam
639 911 674 963 et
694 897 821 964 invisus
839 911 908 977 est,
930 896 1011 987 quia
1024 896 1121 962 time-

60 1025 130 1091 tur,
159 1026 195 1078 et
219 1013 330 1078 timeri
355 1013 449 1094 vult,
470 1013 551 1103 quia
569 1011 696 1080 invisus
718 1003 791 1078 est³
812 1037 819 1076 :
842 1026 877 1078 et
892 1010 948 1078 illo
965 1035 1121 1078 exsecra-

59 1123 114 1190 bili
132 1149 254 1207 vereu‚
277 1127 336 1217 qui
353 1126 475 1194 multos
489 1125 583 1193 dedit
603 1125 811 1218 praecipites,
825 1126 933 1193 utitur
952 1153 959 1194 ι
982 1125 1120 1194 Oderint

59 1241 130 1307 dum
144 1235 311 1310 ηιεειιιιηι4
325 1240 335 1308 l
348 1244 488 1336 ignarus
505 1259 631 1335 quanta
650 1243 761 1312 rabies
774 1244 921 1326 oriatur,
941 1244 1002 1312 ubi
1018 1268 1121 1336 supra

60 1356 191 1424 modum
212 1357 289 1424 odia
306 1374 498 1426 creverunt.
522 1359 746 1450 Temperatus
764 1359 855 1425 enim
873 1359 974 1426 timor
987 1357 1123 1427 cohibet
1146 1364 1163 1429 l

56 1475 207 1559 animos3
223 1473 513 1544 assiduusvcroet
529 1499 625 1556 acer,
645 1492 679 1542 et
696 1490 845 1544 extrema
863 1475 1064 1558 admovens,
1087 1477 1122 1543 in

56 1588 229 1656 audaciam
241 1589 394 1680 jacentes
412 1589 551 1671 excitat,
575 1604 609 1656 et
626 1590 738 1657 omnia
756 1590 904 1682 experiri
920 1589 1050 1658 suadet.
1068 1591 1123 1659 Sic

55 1705 140 1774 seras
166 1705 268 1773 lineis
291 1721 326 1772 et
352 1706 457 1797 pinna
475 1705 584 1772 clusas
606 1705 779 1773 contineas
804 1731 811 1770 ε
841 1703 1009 1774 easdema
1029 1722 1123 1798 tergo

56 1846 157 1913 eques
176 1822 254 1890 telis
271 1823 416 1890 incessat
439 1848 446 1888 :
471 1821 650 1890 tentabunt
668 1821 782 1914 lugam
800 1845 863 1916 per
879 1823 952 1915 ipsa
970 1847 1046 1913 qum
1066 1813 1122 1891 lu-

55 1953 174 2029 gerant
203 1936 517 2030 proculcabuntque
545 1935 759 2004 formidinem
775 1929 801 2003 ⁵.
823 1935 996 2004 Acerrime
1015 1939 1123 2005 virtus
1221 1961 1224 1970 ·

54 2069 121 2136 est,
144 2077 250 2146 quam
270 2052 387 2120 ultima
405 2054 587 2120 necessitas
603 2052 769 2120 extundit.
791 2054 975 2146 Relinquat
991 2070 1123 2147 oportet
1147 2070 1162 2120 5
1269 2119 1273 2137 ,

54 2173 163 2240 securi
186 2169 318 2263 aliquid
338 2186 468 2252 metus,
492 2171 666 2262 multoque
685 2171 762 2264 plus
781 2173 853 2264 spei
867 2197 969 2264 quam
988 2175 1123 2266 pericu-

52 2287 159 2357 lorum
178 2302 325 2356 ostentet
341 2314 347 2352 :
365 2287 516 2380 alioquin
531 2287 589 2354 ubi
603 2288 791 2378 quiescenti
804 2290 900 2380 paria
909 2307 1118 2362 metuuntur.

509 2443 517 2468 b

52 2481 120 2536 sione
130 2482 235 2536 locutus
249 2494 308 2536 erat.
320 2505 334 2530 «ι
343 2482 385 2534 Sic
398 2482 565 2555 reperiemus,
615 2481 666 2544 adi,
677 2494 701 2533 et
713 2497 850 2536 exsecratus
859 2497 895 2536 eat
903 2485 1120 2558 splendidissime,

53 2559 330 2636 etc.»ApudPlutarcb.
338 2559 430 2612 Solle.
437 2560 566 2624 30,solum
616 2557 714 2622 deira,
727 2559 771 2612 lib.
787 2562 797 2610 l
805 2600 812 2624 ,
827 2579 880 2634 cap.
894 2562 931 2614 ab.

51 2638 103 2692 baec
113 2659 174 2711 qute
187 2639 336 2703 citavimus,
347 2637 459 2690 Sullaait
471 2656 477 2690 :
490 2660 566 2692 sooc-
649 2640 671 2690 5.
683 2637 728 2692 Sic
726 2639 805 2711 strar
807 2677 849 2692 .....
852 2641 1035 2712 formidinem.
1045 2643 1121 2718 Apud

51 2720 136 2770 teroem
148 2722 196 2788 γὰρ
204 2719 279 2771 αὑτοῦ
288 2720 335 2770 sal.
343 2719 376 2768 is.
384 2722 427 2768 τῶν
435 2738 490 2768 πον.
502 2717 566 2784 Qnse
614 2716 754 2786 Antiquos,
764 2717 890 2770 Fonnido
896 2731 999 2771 vocatur
1010 2719 1068 2772 retis
1079 2740 1122 2772 ve-

51 2793 127 2847 sulla
140 2795 239 2858 verba,
260 2813 289 2846 ea
309 2793 420 2866 apprime
434 2805 457 2845 et
473 2793 531 2846 loco
543 2805 567 2844 et
615 2793 706 2846 aratorii
728 2794 857 2863 quoddam
880 2815 983 2868 genus,
1007 2810 1123 2849 constans

48 2893 153 2944 persona
160 2871 444 2944 loquentisdignasunt.
453 2871 564 2924 Proinde
613 2871 688 2924 lineis
706 2872 843 2936 funiculis,
864 2873 968 2924 rubente
984 2872 1061 2944 pinna
1071 2873 1123 2926 ob—

50 2951 124 3024 lipsii
138 2949 246 3003 emend.
258 2949 470 3021 supersedeamus.
615 2951 712 3009 ductis,
725 2951 815 3021 quibus
835 2950 898 3002 silva
921 2951 990 3024 cingi
1009 2953 1122 3018 (claudi,

81 3049 101 3082 t.
123 3031 183 3084 Nec
205 3031 271 3082 tttas
295 3030 369 3096 ipsas
371 3064 420 3079 ......
443 3029 565 3096 adspicit.
614 3028 710 3100 Heynii
718 3029 791 3080 Obss.
800 3029 831 3088 ad
839 3028 934 3081 Tibull.
945 3029 988 3082 lib.
999 3030 1020 3096 1,
1033 3029 1058 3094 4,
1070 3033 1123 3104 lq)

48 3105 147 3160 Poeta:
162 3129 178 3154 κ
191 3107 300 3158 Necesse
311 3105 448 3158 estmultus
463 3104 563 3169 timeat,
614 3105 716 3158 solebat.
736 3105 809 3158 Hanc
830 3105 865 3158 ita
887 3106 1004 3160 describit
1022 3107 1123 3161 Gratius

47 3204 121 3254 quem
138 3185 230 3238 cuncti
243 3183 338 3236 timent.
351 3206 364 3229 a
375 3185 442 3235 Tum
453 3195 566 3236 notume
614 3181 727 3234 Faliscus
746 3202 753 3234 τ
771 3183 861 3235 «Sunt
879 3185 970 3254 quibus
990 3185 1122 3243 immundo

47 3259 192 3315 Claudiani
204 3261 251 3312 lv.
271 3259 348 3312 Cone.
368 3261 499 3325 Honorii,
522 3260 566 3312 id:
614 3260 735 3334 decerptae
747 3262 845 3314 vulture
861 3262 952 3336 plumtc
966 3264 1124 3318 instrumen-

46 3361 59 3384 ι
70 3341 133 3392 Sors
145 3341 200 3392 ista
213 3338 327 3412 tyrannis
342 3337 481 3401 Convenit,
491 3351 536 3391 etc.
551 3361 564 3385 a
614 3349 668 3390 turn
676 3339 756 3411 operis
764 3340 824 3404 luit,
834 3354 857 3394 ct
865 3361 917 3394 non
927 3361 1001 3415 parva
1009 3343 1122 3408 incultam

76 3436 99 3472 a.
116 3419 273 3472 Casuras-iis
283 3420 312 3468 in
323 3419 457 3468 contraria
470 3420 565 3485 agitur.
614 3415 723 3467 Tantum
736 3417 801 3469 inter
809 3418 877 3471 nivei
888 3419 1124 3492 jungantnrvellera

45 3497 181 3551 Satellites
202 3493 269 3568 ipsi,
289 3492 333 3564 qni
352 3513 410 3546 cnm
427 3493 567 3546 defendunt
614 3493 687 3564 cycni
709 3495 764 3546 :Et
785 3495 842 3546 satis
864 3515 991 3548 armorum
1013 3509 1056 3552 est.
1076 3497 1123 3551 iit

45 3588 68 3625 et
77 3593 206 3628 securum
216 3581 345 3645 praestant,
357 3583 453 3624 metum
464 3591 565 3642 quoque
613 3569 679 3622 clara
696 3569 753 3624 luce
772 3586 902 3624 coruscant
916 3572 1050 3626 'l'erribilcs
1061 3593 1122 3647 spe-

44 3653 66 3704 ci
82 3653 234 3706 incutiunt.
252 3647 344 3699 Pacem
356 3648 433 3700 simul
449 3660 567 3719 praestant
614 3647 663 3699 cies
677 3648 726 3698 :ab
739 3649 836 3702 vulture
854 3651 924 3702 dirus
940 3670 1015 3702 avaro
1028 3651 1123 3704 Turbat

43 3743 66 3780 et
82 3733 171 3782 minas
192 3725 264 3780 belli.
614 3725 678 3778 odor
688 3725 779 3789 silvas,
793 3727 932 3798 meliusque
946 3727 1041 3780 alterna
1057 3730 1122 3782 valet

74 3809 97 3862 3.
109 3809 196 3861 Nam
209 3814 235 3858 et
251 3807 349 3858 invisus
361 3811 401 3856 etl
402 3839 452 3853 ......
467 3805 565 3854 incitus
615 3823 661 3856 res.
672 3824 685 3848 a
698 3804 881 3869 Nemesianus,
895 3806 926 3856 de
939 3805 1026 3856 eadem
1040 3823 1046 3856 :
1059 3827 1072 3852 «
1083 3807 1123 3858 Li-

41 3899 87 3939 est.
107 3887 149 3938 lta
169 3897 205 3936 ut
221 3881 273 3955 jam
290 3879 371 3934 bonus
384 3879 454 3944 lieri,
469 3878 566 3932 etiamsi
615 3901 663 3932 nea
681 3881 820 3950 quinetiam
842 3901 948 3955 magnos
969 3881 1122 3936 circumdare

41 3965 100 4017 bnic
108 3961 239 4026 libuerit,
249 3980 302 4012 non
312 3958 498 4033 expediat.Vid.
507 3959 565 4012 inlr.
614 3957 689 4011 saltus
700 3959 763 4025 Quae
776 3971 872 4032 posset,
882 3960 1046 4032 volucresque
1054 3975 1123 4014 metu

40 4065 93 4114 cap.
110 4044 161 4106 13,
177 4039 241 4092 init.
615 4036 763 4090 concludere
778 4038 888 4110 praedas,
902 4039 1004 4112 Figeret
1021 4040 1122 4093 innexas

73 4123 97 4186 4.
124 4120 264 4178 Oderint,
283 4119 345 4168 dnm
359 4114 490 4167 metuant!
507 4115 564 4164 Jam
615 4134 667 4167 non
688 4134 738 4166 una
760 4135 789 4166 cx
809 4115 866 4167 alite
887 4116 985 4189 pinnas.
1007 4117 1122 4190 Namque

38 4198 125 4251 attulit
138 4192 384 4256 bancscntcntiam,
394 4191 564 4263 qnem'locum
615 4211 684 4244 ursos
693 4229 701 4258 ,
720 4211 873 4264 magnosque
893 4213 967 4258 sues,
988 4215 1121 4268 cervosque
