2894 4954
336 402 401 484 304
486 399 555 467 DE
578 399 1069 506 TRANQUILLITATE
1091 403 1250 472 ANIMI

337 559 354 594 a
377 553 492 600 rerum
502 547 536 599 et
551 531 761 626 Reipublicae
778 515 993 616 tractatione,
1011 550 1045 602 et
1056 534 1178 604 officiis
1190 533 1390 603 civilibusse

337 673 353 709 u
376 645 560 715 detinere¹.
587 651 672 716 Nam
696 665 735 716 ut
752 647 890 740 quidum
914 649 1005 734 sole,
1028 668 1063 718 et
1080 653 1340 732 exercitatione,
1362 666 1394 717 et

250 801 253 808 .
337 788 353 826 u
374 786 457 830 cura
465 763 637 855 corporis,
653 761 743 831 diem
756 760 907 834 educunt
918 771 951 846 ²,
965 764 1169 859 athletisque
1179 767 1393 835 utilissimum

338 905 355 944 a
375 895 445 962 est,
460 879 704 963 lacertosum,
717 879 891 974 roburque
899 883 997 950 cuise
1006 882 1066 950 uni
1079 881 1278 951 dicaverunt
1286 874 1314 964 ³,
1327 905 1395 949 ma·

337 1023 353 1060 r
371 997 448 1089 jore
466 999 627 1090 temporis
645 1013 741 1090 parte
759 999 891 1065 nutrire
913 1023 921 1064 :
943 999 991 1068 ito
1008 997 1106 1066 nobis
1120 999 1270 1066 animum
1283 997 1329 1066 ad
1343 1022 1394 1066 re-

338 1137 354 1176 u
376 1136 452 1180 rum
468 1113 617 1180 civilium
630 1128 801 1180 certamen
818 1113 1033 1204 parantibus,
1055 1116 1092 1182 in
1105 1137 1207 1207 opere
1218 1138 1311 1198 ease,
1329 1139 1393 1181 non

336 1257 354 1290 n
374 1227 475 1320 longe
489 1227 755 1321 pulcherrimum
769 1243 820 1295 eat
834 1229 849 1294 i
865 1229 949 1296 Nam
962 1252 1066 1320 quum
1080 1229 1197 1298 utilem
1211 1253 1248 1297 ae
1258 1231 1392 1298 effioere

336 1369 352 1406 a
374 1341 505 1412 civibus
513 1341 776 1434 mortalibusque
785 1344 994 1435 propositum
1003 1344 1137 1426 habeat,
1148 1346 1250 1413 simul
1259 1362 1392 1414 eteaer-

337 1485 353 1521 a
374 1473 472 1526 cetur
487 1475 521 1526 et
537 1458 692 1552 proficit,
709 1459 769 1549 qui
786 1462 821 1526 in
837 1457 956 1526 mediis
973 1483 1009 1527 ae
1023 1459 1143 1528 officiis
1162 1463 1295 1552 posuit,
1309 1485 1391 1528 oum

337 1600 353 1636 n
377 1575 490 1642 munia
511 1576 708 1666 privataque
730 1597 792 1667 pro
810 1572 967 1642 facultate
985 1571 1225 1642 administrans
1241 1625 1318 1643 .....
1331 1573 1391 1643 Sed

337 1715 354 1752 a
377 1689 458 1779 quis
475 1690 512 1756 in
531 1689 613 1772 bac,
637 1681 816 1779 »inquit⁴‚
838 1715 854 1751 «
873 1705 938 1756 tom
957 1689 1074 1756 insana
1092 1690 1270 1758 hominum
1288 1690 1390 1758 ambi·

337 1831 354 1868 »
378 1805 489 1887 tione,
512 1821 560 1873 tot
574 1802 870 1873 calumniatoribus
889 1803 924 1871 in
935 1802 1084 1873 deterius
1096 1823 1189 1874 recta
1208 1807 1391 1898 torquenti-

337 1948 353 1984 a
376 1919 440 1988 bus
451 1912 477 2002 ⁵,
493 1944 612 2014 parum
623 1935 692 1988 tuta
707 1917 901 2012 simplicitas
915 1934 983 2002 est,
1003 1933 1039 1986 et
1051 1919 1126 2012 plus
1140 1920 1296 1988 futurum
1309 1945 1390 1989 scm-

331 2144 431 2198 ridetur
450 2143 542 2196 librum
554 2144 613 2198 satis
623 2143 760 2206 celebrem,
771 2163 839 2196 nunc
888 2141 1013 2196 Ceterum
1030 2155 1096 2216 patet
1111 2141 1154 2196 bie
1164 2143 1300 2196 delectere
1312 2143 1389 2196 Atbe-

331 2221 502 2295 deperditum:
512 2223 564 2290 erpi
572 2221 721 2282 στουδῖιςιαὶ
731 2221 839 2282 παιδείας
887 2221 977 2274 nodori
990 2221 1123 2274 consilium
1135 2221 1167 2272 ad
1178 2241 1220 2272 res
1231 2219 1359 2284 diversa,
1368 2231 1389 2271 et

333 2299 377 2366 (de
383 2298 466 2351 studio
474 2311 499 2350 et
505 2298 682 2364 vitaerationc).
693 2295 754 2350 lude
762 2299 836 2350 etiarn
886 2309 914 2350 ut
925 2299 994 2371 prius
1003 2298 1112 2369 aliquem
1123 2297 1227 2350 volebat
1245 2299 1275 2351 in
1286 2319 1358 2372 opere
1369 2311 1388 2347 rt

331 2397 389 2448 que
404 2379 496 2430 Noster
505 2375 556 2427 b.l.
566 2390 590 2428 et
603 2375 713 2448 EpistX
727 2374 837 2446 aliasque
886 2375 979 2428 virium
990 2375 1235 2440 exerciutioneeaae,
1244 2376 1388 2428 sicarermo

332 2457 412 2520 ailert,
421 2453 654 2528 depromptavideri
665 2455 781 2525 possunt:
790 2449 837 2507 sal-
884 2453 1039 2527 publicarum
1052 2451 1198 2506 tractatione
1210 2451 1388 2505 abstinendum

331 2545 381 2584 tem
398 2531 530 2584 bominem
547 2530 635 2582 Romae
654 2539 837 2582 commoratum
887 2529 1091 2604 erinuaparietea
1097 2527 1249 2582 uercendu
1256 2531 1389 2582 vimnau:

330 2608 459 2680 sequentia
468 2607 549 2681 magia
558 2617 667 2680 arguunt
676 2641 683 2670 ,
692 2623 769 2676 quam
778 2621 839 2676 gn·
884 2608 927 2661 ait.
938 2607 1013 2661 Unde
1024 2608 1084 2660 duas
1094 2606 1122 2658 in
1132 2605 1250 2658 oratione
1263 2617 1343 2678 partes
1351 2602 1388 2654 ad

331 2704 403 2750 cum;
414 2689 482 2739 coni.
493 2698 518 2738 et
529 2685 596 2738 infra
609 2703 661 2756 cap.
674 2682 699 2744 5,
712 2701 733 2734 ι.
754 2681 839 2736 Gete-
884 2684 979 2760 spicere
996 2697 1048 2750 est,
1059 2702 1166 2755 quarum
1179 2683 1252 2756 prior
1263 2679 1390 2756 posteriori

330 2781 388 2814 rum
399 2761 467 2833 quod
474 2760 500 2814 h.
513 2759 529 2812 l.
538 2759 716 2822 Athenodorus
726 2777 838 2832 pronun-
886 2761 1009 2816 contraria
1020 2781 1072 2814 esse
1089 2760 1204 2826 videus,
1223 2759 1261 2813 ita
1271 2774 1302 2812 nt
1314 2760 1390 2831 priore

329 2837 391 2906 titt,
403 2839 546 2891 Stoicorum
556 2837 604 2890 fuit
617 2835 752 2888 decretum.
770 2837 836 2886 conf.
886 2842 999 2893 Annam
1009 2851 1092 2890 utatur
1103 2850 1132 2890 ut
1145 2839 1314 2911 posteriorem
1326 2858 1390 2891 een-

329 2914 408 2988 Diog.
420 2917 501 2967 laert.
513 2915 575 2979 Vll,
592 2931 644 2964 tar.
654 2911 687 2963 ib.
699 2911 803 2983 Meneg.
884 2918 947 2969 lutet
957 2929 981 2967 et
990 2915 1091 2987 rejiciat.

365 3010 386 3043 r.
397 2990 432 3045 Se
444 2993 562 3044 detinere
574 2989 611 3042 ld.
622 2987 793 3062 eetoecupari.
916 2996 940 3046 5,
954 2993 1020 3046 Tam
1037 2995 1132 3044 imam
1154 2989 1390 3046 homimum&-

317 3081 321 3090 “
363 3065 835 3140 α.ΕάυιινιΙ.Αιιιὶφιι1εοιίοιάι1.ιιι·
882 3073 982 3124 tione....
993 3067 1176 3138 torquentibus.
1193 3067 1326 3122 Videatur
1339 3069 1389 3122 base

329 3143 455 3216 liquatum
467 3158 491 3198 et
511 3145 649 3198 multorum
663 3142 736 3196 codd.
748 3143 834 3214 ltaque
882 3165 938 3206 mre
953 3151 1081 3204 Actiacam
1092 3169 1205 3223 pugnam
1220 3151 1315 3224 scripu
1324 3170 1332 3204 ς
1341 3153 1389 3204 sive

329 3223 426 3276 reduxit
436 3222 549 3277 Gronotr.
564 3229 646 3276 Anien
653 3239 660 3274 2
667 3225 770 3276 dumus.
778 3219 834 3274 Εε-
881 3248 960 3300 quum
967 3227 1016 3282 Cn.
1024 3228 1139 3300 Pompeii
1148 3229 1208 3280 ficta
1217 3229 1389 3303 negligentia,

328 3313 411 3353 terum
422 3301 513 3355 ducere
533 3314 557 3354 et
574 3299 678 3354 educere
698 3299 765 3352 diem
777 3319 834 3372 pro·
881 3305 926 3376 qui
946 3305 1100 3358 metatorem
1121 3325 1174 3359 me
1193 3325 1222 3358 ω
1243 3327 1390 3378 paam

328 3379 423 3431 miscuo
431 3378 612 3445 sensudicitur,
618 3377 747 3429 absumere
754 3413 761 3442 ‚
772 3394 834 3427 con·
881 3379 1064 3434 Romanisfieri
1072 3382 1204 3455 cupiebat,
1216 3383 1343 3440 Clodiani
1349 3389 1390 3438 lu-

327 3476 426 3510 sumere
441 3455 517 3510 diem.
880 3477 948 3512 rores
957 3459 1083 3512 turbarent
1093 3461 1299 3534 rempublicam,
1316 3479 1390 3538 etop-

361 3535 384 3588 3.
396 3535 445 3588 Cui
454 3553 482 3588 se
499 3537 546 3586 uni
556 3535 711 3586 dkooemut.
731 3533 762 3583 ln
780 3551 831 3603 qua
880 3535 994 3589 timatum
1002 3548 1027 3590 et
1036 3535 1114 3611 plebis
1122 3537 1277 3608 quotidiana
1287 3540 1391 3594 dissidia

325 3614 441 3686 augenda
452 3627 476 3666 et
482 3611 603 3666 servanda
618 3611 736 3663 totisum.
748 3607 831 3662 Dica-
879 3611 906 3664 in
920 3613 984 3674 riaas
993 3627 1122 3688 etpugnaa
1133 3615 1330 3684 relabereaaoar3
1341 3621 1391 3672 sire

326 3711 353 3744 re
369 3711 397 3745 se
410 3691 457 3744 arti
475 3689 575 3744 cuidam
587 3702 631 3742 aut
645 3687 746 3762 negotio
760 3687 831 3740 inso-
880 3709 959 3762 quum
966 3690 1032 3746 Jutii
1041 3693 1145 3746 Cetaria
1157 3714 1228 3747 uma
1244 3695 1389 3750 libertatem

325 3767 376 3821 lire
389 3767 527 3821 latinitatis
538 3779 587 3830 est;
603 3765 647 3819 aed
659 3765 774 3839 elinguis
785 3785 829 3818 re·
882 3785 1041 3841 oppressere,
1061 3782 1084 3820 et
1102 3768 1143 3822 vir
1157 3769 1202 3822 alti
1215 3771 1323 3846 ingenii
1334 3774 1390 3826 obs·

325 3845 438 3897 centibus
460 3843 645 3920 praesertimque
660 3865 674 3896 e
692 3842 826 3898 vernacula
880 3856 932 3896 tare
943 3845 1389 3921 nonpotuitquominuspertantum

325 3935 408 3988 nostra
421 3921 569 3975 facillimum
581 3921 709 3974 intellectu
721 3933 764 3974 eat.
878 3919 1055 3975 bellummulta
1064 3922 1289 3995 permiscerentur,
1300 3927 1389 3980 etbom¹

357 4002 380 4066 4.
390 4003 484 4069 Inquit.
499 3999 530 4052 ld
544 4011 595 4067 est,
610 3999 690 4072 pergit
701 3996 828 4051 Athenod.
879 3997 945 4050 cives
954 4000 983 4051 in
989 3998 1103 4052 exsilium
1111 4001 1389 4078 lugerent,etpessimi

324 4076 385 4129 alias
411 4077 439 4129 in
460 4076 523 4130 libro
545 4089 691 4128 memorato.
716 4074 829 4128 Proinde
878 4074 1061 4129 inSenatorum
1069 4078 1389 4135 numerumadaeriberra·

324 4166 414 4226 puncta
431 4153 503 4228 plura
518 4167 575 4207 ante
586 4153 641 4209 Sed
650 4153 742 4227 epponi
760 4153 828 4223 justi.
878 4167 932 4221 tur;
951 4153 1003 4206 sivo
1020 4152 1122 4208 tandem
1140 4167 1197 4228 post
1210 4157 1323 4213 Caesaris
1333 4160 1387 4212 exi-
