2886 4958
322 479 409 566 '364
503 479 574 547 DE
597 479 950 551 CONSTANTIA
974 483 1260 553 SAPIENTIS

340 623 435 694 erat,
456 611 630 679 neminem
646 635 720 679 esse
737 613 797 704 qui
818 611 930 680 lacere
946 607 1071 683 vellet!
1092 639 1110 678 r
1131 615 1217 682 Rem
1235 611 1388 680 difficilem

339 743 436 820 optas
450 728 600 796 humano
618 731 761 824 generi,
780 729 1023 799 innocentiam.
1038 733 1081 800 Et
1093 754 1162 799 non
1175 729 1251 800 lieri
1265 781 1276 812 ,
1290 753 1389 799 somn

339 845 482 914 interest
499 847 561 939 qui
581 846 704 915 tacturi
725 862 827 930 sunt,
850 871 919 916 non
942 847 1096 941 ejusqui
1117 849 1209 942 pati,
1229 872 1272 916 ne
1293 847 1320 915 si
1343 847 1390 914 fiat

338 959 500 1052 quidem,
523 985 592 1030 non
607 955 719 1055 poteit
731 966 756 1029 ¹.
777 963 883 1030 Immo
902 964 1040 1047 nescio,
1064 987 1109 1032 an
1127 965 1234 1057 magis
1249 964 1333 1032 vires
1345 985 1390 1030 sa-

337 1079 468 1171 pientia
493 1077 650 1148 ostendat
674 1079 931 1172 tranquillitatis
959 1081 1050 1150 inter
1075 1079 1299 1149 lacessentia:
1318 1081 1390 1148 sicut

337 1196 519 1264 maximum
537 1211 778 1292 argumentum
796 1211 849 1264 est
871 1195 1107 1290 imperatoris,
1133 1197 1237 1265 armis
1259 1195 1389 1286 virisque

298 1310 312 1373 4
337 1311 520 1403 pollentis,
539 1325 611 1378 tuta
629 1313 795 1380 securitas
808 1326 845 1378 et
855 1312 892 1379 in
905 1311 1055 1381 hostium
1068 1329 1171 1381 terra.
1186 1309 1387 1382 Dividamus.

337 1427 365 1492 si
390 1424 452 1493 tihi
477 1425 635 1511 videtur,
657 1429 811 1509 Serene,
833 1427 993 1519 injuriam
1016 1452 1037 1496 a
1060 1425 1292 1496 contumelia:
1312 1429 1390 1520 prior

336 1542 395 1610 illa
411 1557 535 1612 natura
555 1544 691 1637 gravior
713 1559 787 1629 est3
814 1543 888 1612 haec
905 1543 1033 1628 levior,
1054 1559 1089 1610 et
1108 1559 1239 1611 tantum
1256 1541 1391 1610 delicatis

337 1661 450 1753 gravis
471 1688 479 1745 3
498 1685 568 1753 qua
588 1683 659 1731 nou
677 1660 871 1743 laeduntur,
893 1659 954 1728 sed
970 1657 1202 1730 offenduntur.
1226 1661 1333 1730 Tanta
1350 1678 1392 1728 cst

336 1793 449 1846 tamen
471 1780 662 1848 animorum
685 1777 862 1847 dissolutio
883 1793 919 1846 et
938 1779 1086 1861 vanitas,
1109 1793 1147 1845 ut
1165 1775 1303 1871 quidam
1319 1779 1391 1846 nihil

334 1893 493 1963 acerbius
505 1911 640 1989 putent.
657 1895 714 1964 Sic
727 1895 882 1964 invenies
896 1919 1054 1978 servum,
1074 1895 1133 1988 qui
1149 1892 1295 1988 flagellis
1306 1919 1392 1986 quarn

334 2009 487 2102 colaphis
506 2010 592 2079 caedi
609 2011 726 2096 malit,
747 2025 783 2080 et
799 2012 860 2105 qui
874 2025 1017 2079 mortem
1029 2033 1070 2078 ac
1082 2009 1229 2078 verbera
1247 2009 1394 2078 tolerabi-

295 2143 309 2190 5
335 2126 420 2194 liora
439 2127 580 2212 credat,
603 2151 705 2221 quarn
724 2127 968 2196 contumeliosa
987 2125 1102 2194 verba.
1134 2123 1188 2192 Ad
1206 2141 1317 2193 tantas
1334 2127 1395 2191 ine

334 2241 423 2332 ptias
442 2257 645 2334 perventum
665 2257 736 2324 est,
755 2257 876 2309 utnon
893 2239 1011 2308 dolore
1032 2254 1182 2322 tantum,
1205 2237 1268 2306 sed
1284 2237 1396 2307 doloris

335 2355 495 2448 opinione
520 2380 681 2424 vexemur
705 2383 713 2423 :
734 2380 826 2424 more
844 2379 1048 2449 puerorum,
1071 2353 1196 2447 quibus
1222 2369 1330 2422 metus
1351 2355 1398 2418 in-
1436 2399 1437 2441 ζ

333 2474 420 2541 cutit
443 2473 586 2554 umbra,
612 2489 646 2541 et
670 2497 893 2567 personarum
917 2469 1134 2553 deformitas,
1163 2487 1198 2538 et
1225 2470 1398 2564 depravata

336 2587 437 2656 facies
451 2618 460 2674 ς
478 2589 634 2658 lacrimas
647 2615 729 2658 veru
747 2605 888 2658 evocant
903 2589 1042 2657 nomina
1059 2609 1180 2680 parurn
1199 2603 1299 2680 grata
1314 2586 1398 2652 auri·

333 2705 420 2788 hus,
439 2723 475 2774 et
493 2707 679 2800 digitorum
697 2725 806 2776 motus
819 2711 846 2788 ²,
867 2723 902 2774 ct
913 2707 1000 2788 alia,
1018 2727 1094 2797 quae
1111 2705 1243 2797 impetu
1260 2701 1400 2796 quodam

333 2823 460 2889 erroris
473 2822 655 2914 improvidi
669 2823 860 2916 refugiunt.
1435 2905 1436 2930 χ

382 2943 424 3007 V.
441 2941 571 3032 Injuria
590 2942 800 3035 propositum
818 2941 888 3009 hoc
906 2939 1033 3023 habet,
1051 2939 1200 3031 aliquem
1220 2937 1314 3005 malo
1335 2935 1403 3004 affi-
1435 2933 1436 3000 i

331 3079 410 3124 cere
432 3084 439 3124 ε
458 3058 546 3126 malo
561 3075 674 3126 autern
690 3053 942 3150 sapientia'non
964 3055 1129 3148 relinquit
1146 3053 1275 3122 locum.
1297 3055 1402 3122 Unum

331 3265 490 3319 obscurantis
500 3267 626 3330 derisisse,
642 3279 666 3321 et
674 3269 783 3322 Xerxem
791 3287 845 3320 rer·
894 3287 952 3320 men
958 3281 1087 3320 excusatur
1096 3279 1194 3330 noster,
1210 3265 1284 3336 quod
1297 3265 1323 3318 lt.
1333 3265 1350 3315 l.
1359 3279 1403 3314 rest

331 3343 428 3397 herasse
444 3346 651 3418 Hellespontum,
665 3360 689 3398 et
702 3359 800 3398 catenas
814 3359 842 3397 ut
893 3366 938 3420 per
952 3367 977 3398 se
991 3345 1145 3410 considerat,
1168 3357 1192 3396 et
1207 3345 1311 3396 leviora
1322 3355 1404 3394 contu

332 3423 432 3476 vincula
448 3425 598 3496 injiciendae
617 3425 644 3476 in
661 3445 729 3476 mare
743 3443 840 3478 curasse
891 3423 1071 3496 meliaegenera
1084 3422 1250 3495 respicit,nt
1265 3421 1403 3492 exemplum
1434 3441 1435 3456 t

332 3500 438 3568 iratum,
452 3517 548 3556 constat
561 3523 589 3555 es
600 3503 664 3557 locis
682 3502 805 3556 adductis.
889 3502 968 3562 servi,
984 3503 1028 3573 qui
1047 3499 1161 3573 flagella,
1184 3501 1311 3570 vulgares
1329 3519 1404 3550 serso·
1434 3465 1435 3556 l

367 3601 387 3632 1.
399 3581 438 3634 Et
447 3603 498 3632 non
503 3583 570 3654 fieri
578 3591 722 3650 ......potest.
736 3583 841 3654 lmpru-
891 3600 946 3632 rura
954 3573 1402 3652 poenas,praeserresolebatcolaphin

331 3657 393 3710 bites
410 3660 547 3733 impiorum
561 3659 630 3712 utilis
640 3659 719 3711 turbae
729 3670 781 3722 est,
794 3679 841 3712 nee
889 3657 980 3729 quibus
997 3657 1079 3710 irrisio
1093 3669 1117 3707 et
1130 3654 1291 3708 ludribriurn
1307 3654 1392 3704 inerat.

330 3737 528 3808 sapientinocet.
543 3738 588 3810 qui
597 3737 700 3809 iujurias
709 3737 751 3790 vel
761 3736 841 3788 inilic-
923 3755 946 3786 a.
959 3735 1107 3804 Digitorum
1118 3743 1211 3786 molus.
1226 3733 1270 3786 hd
1284 3732 1404 3784 denotas·

332 3830 382 3884 tas,
400 3817 459 3886 quia
476 3817 586 3890 speruit,
602 3815 655 3890 pati
673 3815 843 3886 nequit-Si
892 3813 951 3865 dum
959 3813 1090 3865 hominem
1102 3805 1404 3880 nigrum,insamem.ci

321 3899 387 3966 fiat.
400 3897 440 3948 Sc.
457 3895 556 3966 injuria.
571 3897 686 3966 Sequens
704 3894 840 3946 discrimen
892 3891 971 3944 Persii
984 3893 1035 3944 Sat
1044 3891 1069 3941 ll
1080 3931 1086 3954 ‚
1097 3889 1137 3942 33.
1146 3889 1210 3960 ihiq.
1223 3894 1319 3963 lntpp.

331 3971 841 4043 interinjnriametcontumeliamStoieo
923 3963 1403 4038 V.Atte.Quumiujuriamalumsit·
1433 3983 1434 4012 t

330 4054 437 4126 dignum
451 4067 497 4119 est,
516 4053 657 4126 spinosiore
678 4071 743 4126 saepe
762 4071 856 4122 quam.
890 4047 1005 4100 virtutem
1016 4067 1075 4099 vero
1089 4067 1134 4098 nee
1150 4047 1254 4110 tedere,
1270 4066 1326 4098 nee
1337 4037 1402 4094 dimi·
1433 4013 1434 4100 l

331 4152 393 4203 opus
410 4145 468 4183 erat.
488 4130 651 4184 Contumelia
672 4131 741 4183 enim
757 4129 840 4202 sepis·
889 4126 1064 4198 nuerepossit,
1077 4124 1404 4198 invirumsapienremuus

328 4207 391 4261 sime
401 4208 601 4280 iniuriaquoque
613 4221 663 4275 est,
679 4207 839 4280 quandoqui-
890 4205 962 4256 cadit.
983 4203 1068 4255 Facile
1091 4203 1130 4254 hic
1151 4205 1271 4254 άπάθιιαν
1297 4197 1403 4252 stoicae

331 4286 388 4338 dem
403 4285 839 4358 malaesmsequisolentdndeta·
890 4283 1067 4356 deprehendes.
1090 4281 1128 4333 Cf.
1141 4282 1172 4333 de
1188 4283 1292 4352 Tranq.
1318 4276 1403 4332 Attin«
