2930 4956
227 510 293 580 AD
317 509 493 581 §To-le.
519 507 732 580 PHILOS.
758 510 858 580 LIB.
885 511 912 578 1.
1030 511 1111 581 lxxv

80 667 126 714 teor
146 677 152 712 :
170 666 294 729 tautum,
315 673 404 737 nego.
424 651 538 734 Quidni
559 652 731 728 innovarit,
757 653 788 714 in
814 653 905 716 rebus
933 651 1112 734 quibusdam

79 761 156 821 notis?
171 787 184 816 ι
199 758 294 824 Datur
304 761 393 824 venia
406 759 471 839 (ait
487 757 656 843 Apuleius)
673 759 797 820 novitati
812 757 993 835 verborum,
1009 780 1113 824 rerum

81 865 270 930 obscuritatibus
284 866 441 930 servienti.
463 893 477 919 o
494 863 564 948 (De
583 863 699 948 Dogm.
714 861 850 939 Platon.)
862 862 946 946 Quid
962 865 988 926 si
1010 887 1113 928 rerum

79 973 239 1038 noriutibus?
252 995 316 1036 uon
335 975 423 1037 venia
444 987 581 1046 tuntum,
597 973 650 1060 secl
666 972 732 1034 lans
750 985 825 1034 esto.
846 973 989 1044 Prorboctu
1006 985 1042 1035 et
1063 995 1114 1034 rc-

73 1079 175 1156 jectam
184 1101 244 1162 quse
255 1081 287 1142 in
305 1079 478 1164 exemplum
492 1078 592 1142 adfers
602 1124 612 1157 ,
624 1077 794 1142 necessaria
805 1077 889 1140 luere
904 1101 912 1138 ι
927 1097 984 1140 nec
998 1077 1062 1141 siue
1077 1078 1114 1140 iis

77 1183 185 1265 explicari
194 1185 261 1248 satis
270 1185 470 1249 antennstitui
476 1185 599 1248 scientia
610 1182 770 1246 Bonorum
780 1181 995 1265 Malorumqne
1003 1183 1111 1267 potuit,

76 1289 327 1377 iltstphilosophiae
336 1305 435 1376 caput.
443 1289 535 1354 Plura
544 1291 618 1354 talia
627 1303 713 1362 suut;
726 1291 758 1352 in
768 1289 838 1353 loco
848 1290 985 1354 dicenda.
993 1287 1111 1370 (lib-ll,

76 1391 375 1480 Diss·peuult)Atqui
399 1397 491 1482 spinae
512 1409 544 1459 ct
564 1397 662 1460 aculei
685 1396 717 1457 in
738 1395 862 1458 illorum
879 1396 1008 1480 scriptis.
1027 1394 1114 1460 Deus

75 1497 236 1567 bonclhodie
249 1504 314 1568 hsce
324 1503 384 1568 (lici
398 1517 429 1567 et
442 1503 533 1586 objici
546 1502 635 1565 abiis
645 1503 696 1584 qui
705 1500 921 1579 Aristotelem,
935 1515 965 1564 et
975 1503 1114 1567 novellos

75 1605 235 1673 Aristotelem
256 1610 381 1695 legunt?
399 1609 498 1673 Aede
513 1608 665 1672 veteribus
679 1607 806 1686 Stoicis,
828 1628 891 1671 non
909 1621 960 1687 tu,
976 1629 1038 1673 non
1056 1631 1113 1695 ego

74 1715 248 1782 omiserimus
260 1721 321 1782 :de
331 1715 450 1781 Seneca
460 1731 492 1780 et
500 1714 641 1800 Epicteto
653 1762 662 1794 ,
674 1730 779 1800 aperto
790 1737 844 1780 ore
856 1716 1001 1794 dixerim,
1014 1732 1114 1780 roseta

75 1819 129 1882 nhi
143 1822 252 1887 illormn
267 1825 381 1908 scripta
399 1823 513 1900 rideri,
529 1845 592 1908 prae
611 1819 710 1909 Lyoet
728 1821 866 1885 dumetis.
883 1819 945 1885 set
962 1824 1021 1884 sint
1040 1823 1114 1885 suh-

73 1925 122 1987 tilcs
132 1943 156 1990 et
172 1932 245 1994 acuti
258 1977 267 2008 ,
287 1933 320 1992 in
333 1929 522 2015 philosophis
535 1929 595 1991 hoc
608 1927 702 2012 culpto
716 1927 855 2011 (leleges,
871 1931 952 2010 quod
965 1929 1045 1991 laudi
1058 1933 1114 1993 tle-

74 2028 150 2094 htbus
163 2035 200 2098 ht
212 2035 323 2101 Cicero
339 2037 434 2099 etiam
454 2037 618 2098 audiemus
633 2049 700 2111 est,
715 2036 767 2117 qui
783 2063 798 2090 o
812 2055 946 2119 pungere
957 2057 1010 2098 eos
1023 2037 1114 2099 inter-

73 2140 249 2219 rogatiunculis
257 2143 347 2206 dicit:
360 2142 479 2204 mimos
489 2160 550 2204 non
561 2161 767 2205 commovere.
780 2169 795 2196 o
810 2140 895 2204 ltane
908 2143 1082 2226 «pungeret
1096 2169 1112 2196 o

73 2261 173 2326 agnosco
192 2271 288 2314 :vere
306 2249 439 2326 iaciunt,
456 2262 486 2312 et
505 2247 586 2311 velut
605 2247 755 2324 stimulis,
781 2269 817 2310 ac
832 2248 1021 2332 pugiunculis
1042 2249 1115 2330 qui-

72 2345 169 2416 budam
177 2356 407 2426 sententiarum,
419 2368 577 2439 penetrant
586 2354 705 2417 animos
714 2375 751 2418 ac
764 2356 940 2438 pervadunt.
949 2352 1011 2416 sea
1023 2383 1038 2408 o
1051 2375 1114 2416 non

71 2472 173 2520 notent
186 2485 203 2516 o
215 2459 298 2543 Quid
312 2461 403 2545 igitur
420 2474 465 2524 est
478 2481 624 2537 movere,
643 2459 669 2522 si
684 2459 743 2522 hoc
755 2479 816 2522 non
831 2460 898 2522 est?
913 2460 986 2539 Vis,
1001 2460 1045 2522 mi
1056 2459 1114 2524 Ci-

71 2579 138 2642 tcro,
149 2578 177 2626 ut
189 2569 226 2628 art
239 2567 403 2630 conciones
416 2567 559 2644 veniant,
580 2565 705 2628 allectus
718 2565 932 2628 miserabiliter
945 2580 1087 2628 moveant
1100 2611 1110 2640 ,

69 2665 191 2734 clausores
203 2674 333 2736 excitent
346 2685 377 2736 et
387 2673 525 2757 plausus?
540 2672 630 2736 Mare
644 2672 703 2735 hoc
715 2695 776 2734 non
791 2685 921 2750 tentant,
937 2695 993 2735 nec
1008 2673 1113 2736 linctus

71 2771 135 2836 inco
149 2781 283 2842 suscitant
307 2805 317 2840 c
337 2780 470 2844 contenti
485 2779 609 2864 singulis
628 2792 658 2841 ct
677 2780 802 2862 privatis
821 2779 1001 2858 lectoribus,
1017 2781 1113 2863 iisque
1219 2789 1222 2796 '

69 2882 153 2958 qnietis
173 2901 202 2948 et
221 2889 353 2950 intentis.
371 2885 462 2950 Hcmc
481 2887 573 2948 talem
596 2885 671 2948 mihi
688 2889 727 2948 da
751 2911 757 2946 :
776 2907 929 2968 nunqnam
945 2909 964 2948 a
983 2886 1113 2950 lectione

69 2985 190 3068 luorum,
203 3015 278 3074 quos
289 2993 368 3069 dixi,
381 3005 498 3077 surget,
510 2991 568 3054 nisi
584 2992 783 3069 commotior,
799 3006 831 3054 et
844 2993 962 3055 honesti
981 2995 1113 3074 quodam

68 3093 154 3158 ardore
172 3119 338 3162 succensus.
359 3099 435 3161 llrec
459 3113 505 3160 est
524 3098 695 3180 eloquentia
717 3097 905 3184 philosophis
926 3100 1061 3162 decora:
1082 3099 1113 3160 iu

69 3219 128 3278 quos
139 3209 255 3290 proprie
268 3207 426 3282 convenit,
439 3207 521 3287 quod
536 3204 681 3268 lllenelao
695 3226 831 3268 summus
845 3219 946 3267 ratum
956 3206 1091 3268 attribuit
1105 3230 1112 3266 ε

233 3327 317 3388 Μρα
326 3323 366 3388 pls
377 3357 386 3384 ,
398 3323 460 3372 &llic
469 3321 530 3387 μάλα
540 3319 628 3382 lopiac·

236 3411 322 3464 Pauca
334 3409 453 3481 quidem,
466 3428 555 3462 verunt
567 3419 663 3482 argute.

69 3498 122 3566 Non
134 3509 210 3572 cuim
224 3521 271 3574 est
283 3507 476 3594 philosophia
491 3555 501 3584 ,
518 3521 552 3572 ut
565 3523 669 3572 noster
679 3504 796 3570 Seneca
812 3507 968 3572 verissime
979 3507 1113 3592 scripsit,

69 3615 217 3696 «populare
230 3617 412 3691 artificium,
427 3613 687 3688 necostentationi
700 3627 840 3697 paratrtm
856 3637 864 3672 :
881 3614 914 3676 in
928 3615 1036 3691 rebus,
1053 3635 1115 3678 non

69 3712 91 3772 lt
103 3721 190 3784 verbis
200 3736 254 3784 est.
269 3751 284 3776 o
307 3719 349 3784 Et
363 3719 492 3798 Fabius,
509 3719 591 3784 bono
607 3719 733 3801 judicio,
753 3720 790 3782 de
802 3719 875 3802 ipsis
885 3719 1013 3782 nostris:
1026 3749 1042 3774 o
1055 3718 1116 3782 Mi-

68 3836 108 3882 tto
126 3823 308 3892 indulserunt
326 3827 503 3912 eloquentiae
523 3825 618 3890 Stoici
636 3839 753 3888 veteres
776 3848 784 3884 ε
808 3828 862 3890 sed
877 3847 970 3907 quum
988 3827 1115 3890 honesta

71 3941 220 4011 uasermt,
243 3947 310 3996 tum
334 3931 366 4022 in
390 3933 560 4018 colligendo
580 3931 796 4016 probandoque
822 3931 987 4015 plurimum
1010 3934 1117 3998 value-

68 4045 143 4092 uut:
165 4038 255 4103 rebus
275 4053 378 4102 tamen
399 4039 514 4124 magis,
540 4057 632 4120 <ptam
650 4038 701 4117 (iol
721 4039 803 4117 quotl
826 4058 897 4099 saue
922 4059 984 4100 non
1008 4040 1116 4120 quassi·
1214 4047 1222 4070 ‘

70 4147 169 4223 terum)
187 4148 329 4212 oratioue
349 4147 510 4230 magnifici.
522 4172 537 4200 o
550 4144 639 4225 (Lib.
655 4145 713 4222 X.)
730 4144 762 4207 0
776 4145 877 4223 bona,
894 4169 914 4208 o
931 4166 992 4208 non
1003 4160 1116 4210 retrac-

69 4249 136 4310 uota
153 4253 284 4332 judicia!
304 4251 440 4316 Honesta
460 4265 635 4322 suaserunt,
660 4250 818 4333 probando
832 4251 1005 4328 valuerunt,
1023 4251 1116 4314 rebus

70 4357 192 4435 magnifici
206 4359 349 4422 suenrnt:
364 4373 394 4424 et
404 4360 466 4423 baec
479 4357 651 4442 eloquentie
665 4369 730 4436 est,
748 4377 807 4442 qua
822 4355 1006 4442 glorianturc
1023 4375 1114 4440 qnam
