2900 4944
435 475 607 548 curor
632 475 742 544 xrx.
1049 471 1115 560 sss

52 621 146 712 perii
170 616 270 699 ludit,
297 618 415 688 aderat
432 618 587 687 ultimum
602 615 765 684 malorum
788 616 931 684 obsessis
948 637 1084 709 quoque
1102 665 1113 701 ,

52 736 293 803 alimentorum
307 751 437 828 egestas
454 738 479 800 ¹.
498 734 608 800 Exitio
618 755 715 825 paene
730 757 770 802 ae
785 734 872 801 lame
886 733 1047 818 constitit,
1068 749 1115 816 et,
1142 763 1157 814 5

53 873 132 942 quae
145 848 266 917 famem
284 853 457 944 sequitur,
486 872 600 916 rerum
615 849 764 916 omnium
780 849 901 931 ruina,
920 849 1062 929 furiosi,
1082 864 1118 918 et

52 964 200 1046 externi,
217 977 251 1030 et
261 963 442 1031 infeliciter
453 960 591 1055 superbi
605 962 695 1054 regis
713 962 855 1029 imitatio
865 965 891 1028 ².
906 961 1019 1053 Quem
1035 975 1117 1032 tune

52 1081 207 1148 animum
220 1079 413 1148 habuerunt
431 1079 500 1162 illi,
530 1075 654 1170 quibus
681 1093 756 1144 erat
780 1076 936 1145 mandata
954 1077 1116 1146 frumenti

53 1193 185 1286 publici
200 1197 307 1262 cura?
322 1193 471 1277 ¹ferrum,
492 1217 581 1272 saxa,
600 1193 716 1284 ignes,
738 1185 908 1286 gladium³
927 1195 1113 1287 excepturi,

53 1329 186 1373 summa
200 1305 462 1375 dissimulatione
485 1320 613 1372 tantum
630 1305 720 1373 inter
736 1307 866 1373 viscera
883 1305 1019 1374 latentis
1037 1305 1116 1376 mali

52 1410 243 1514 tegebant⁴
262 1446 270 1485 :
286 1441 361 1487 cum
390 1419 518 1486 ratione
551 1417 692 1485 scilicet.
728 1416 894 1510 Quaedam
910 1421 1000 1487 enim
1017 1421 1116 1515 igno-

53 1535 211 1602 rantibus
221 1534 320 1626 aegris
336 1532 486 1602 curanda
498 1547 597 1617 sunt,
617 1557 716 1602 causa
726 1534 839 1601 multis
854 1534 1021 1604 moriendi
1035 1537 1111 1621 suit,

53 1649 210 1718 morbum
225 1674 320 1718 suum
339 1672 447 1718 nosse.

103 1769 207 1836 xlx.
222 1768 348 1860 Recipe
368 1783 400 1832 te
413 1763 457 1832 ad
472 1762 544 1832 haec
557 1765 802 1858 tranquilliora,
822 1769 958 1852 tutiora,
971 1768 1110 1861 majora.

52 1879 176 1950 Simile
196 1897 232 1950 tu
254 1895 351 1973 putas
368 1904 461 1963 esse,
491 1895 604 1947 utrum
631 1905 754 1964 cures,
775 1898 812 1949 ut
838 1885 1071 1976 incorruptum
1093 1910 1114 1954 a

54 1993 177 2062 fraude
192 1994 431 2062 advehentium
447 2009 481 2061 et
493 1993 701 2087 negligentia
718 1995 921 2065 frumentum
937 1999 1114 2067 transiun-

53 2107 208 2174 daturin
230 2107 352 2200 horrea
370 2099 403 2189 ⁵,
420 2130 465 2174 ne
477 2122 639 2199 concepto
658 2107 801 2176 humore
818 2111 969 2193 vitietur,
991 2126 1025 2179 et
1038 2136 1114 2181 con·

52 2224 197 2293 calescat
212 2217 245 2304 ⁶,
266 2240 304 2291 ut
322 2222 366 2290 ad
389 2245 578 2292 mensurum
603 2222 803 2316 pondusque
820 2227 1047 2320 respondeat:
1068 2253 1113 2297 an

54 2456 111 2507 dius
122 2455 275 2520 ‚avunculus
284 2455 350 2526 ejus,
358 2474 386 2507 ex
394 2455 488 2529 angulo
497 2475 557 2526 quo·
605 2456 750 2529 previdisse
759 2458 845 2511 statuit
857 2473 981 2515 curatores
992 2465 1112 2522 frumeuti

51 2534 114 2586 dam
128 2545 262 2606 protractus
271 2551 355 2584 rerum
367 2532 494 2606 potiretur.
504 2531 556 2585 Dio
605 2532 713 2606 publici,
726 2535 846 2608 supplicia
852 2550 1011 2608 excepuaros,
1021 2544 1038 2595 i.
1047 2564 1113 2600 eas.

53 2613 124 2664 Cass.
136 2613 189 2678 Lx,
205 2631 225 2663 ι.
238 2611 340 2662 Sueten.
353 2611 442 2663 Claud.
453 2611 484 2662 x.
607 2610 680 2676 dem,
692 2611 943 2688 quaCaium,poeua
957 2619 1111 2678 afficiendos.

90 2706 111 2740 ι.
123 2687 197 2740 Dum
205 2699 295 2757 pontes
305 2725 321 2738 ..
330 2707 493 2758 superesse...
504 2707 557 2758 ege·
606 2687 790 2758 Laudatitaque
798 2692 911 2746 animum
920 2695 1011 2750 lortem
1017 2714 1113 2754 euram.

52 2755 556 2834 sens.lt'iocamhlx,17‚simitiatndis
605 2767 1111 2847 rum,quilerruru,saaa,ignes,malum

52 2850 143 2902 lunxit
159 2850 227 2902 enim
244 2847 359 2922 Caligula
370 2867 392 2900 a.
405 2850 439 2901 U.
452 2845 482 2898 C.
493 2867 554 2919 79²,
606 2843 670 2912 iuter
681 2843 774 2896 viscera
784 2843 864 2900 latens
875 2851 1034 2907 occultarent.

53 2940 157 2998 pontem
167 2925 294 2978 navibusa
305 2923 363 2976 villa
374 2943 419 2976 sua
430 2923 516 2976 Baulis
526 2924 558 2976 ad
641 2921 710 2975 XIX.
723 2923 794 2974 ABG·
806 2925 846 2976 Ad
856 2925 984 3000 sapientire
995 2933 1076 2987 studia
1082 2949 1111 2989 us

54 3004 184 3058 Puteolos.
196 3003 264 3056 Suet.
274 3001 327 3056 Cal.
343 3023 378 3074 ¹9·
390 3001 559 3054 Excandsiae-
607 3018 632 3050 ss
638 2998 739 3071 recipiat
747 2999 872 3068 amicum,
881 3004 1007 3060 admouet.
1014 3010 1110 3066 Miser-

52 3097 105 3136 tam
116 3101 244 3134 annonam
255 3100 356 3151 quoqne
367 3078 448 3152 tangit
456 3078 515 3130 Dio.
607 3077 672 3128 rima
693 3097 780 3130 eorum
800 3081 926 3150 conditio,
941 3086 985 3156 qui
1001 3091 1035 3143 ad
1051 3093 1110 3148 alie·

87 3181 111 3212 a.
134 3160 242 3212 Furiosi
242 3195 293 3210 ......
305 3160 425 3209 imitatio.
449 3155 556 3222 Xerxis,
607 3176 671 3209 uum
682 3168 769 3208 nutum
782 3157 904 3212 laborant.

53 3237 248 3309 Hellespontum
277 3235 394 3307 pontibus
423 3233 558 3308 jungentis.
639 3237 664 3288 5.
676 3233 793 3300 Horrea,
809 3237 925 3310 publiea,
939 3261 982 3314 per
997 3245 1110 3321 singul„

53 3315 181 3370 llerodot
195 3315 254 3379 vll,
267 3313 312 3366 lib.
326 3333 377 3385 cap.
390 3312 429 3370 3⁶.
607 3313 721 3386 regiones
734 3313 803 3368 urbis
818 3315 849 3368 ab
862 3317 1040 3389 antiquissimis
1049 3325 1109 3380 inde

88 3395 113 3445 3.
131 3391 267 3446 Gladium.
279 3392 384 3444 Fsasmo
403 3389 435 3444 al.
454 3389 558 3444 obsecu-
608 3393 759 3466 temporibus
784 3407 884 3450 structa.
916 3398 1020 3455 Circiter
1048 3406 1109 3472 306,

53 3486 93 3524 tus
106 3469 203 3524 reduxi.
217 3472 299 3522 Antea
315 3470 422 3534 Cdusn,
439 3467 558 3541 probante
608 3473 697 3526 horrea
713 3493 726 3524 e
742 3473 771 3524 P.
785 3473 892 3528 Victorii
908 3476 977 3530 urbis
995 3479 1110 3558 descrip-

54 3547 159 3622 Lipsio,
171 3545 216 3617 qui
228 3544 346 3619 explieat:
358 3545 428 3615 quasi
439 3544 497 3597 Caii
506 3546 559 3599 vul·
608 3551 676 3603 tione
694 3551 767 3602 luisse
786 3551 892 3617 Romu,
913 3567 982 3624 putat
1003 3557 1109 3632 Lipsius.

54 3641 93 3680 tus
107 3626 181 3679 stira
193 3644 268 3697 super
283 3625 368 3678 omnia
382 3636 505 3677 tormenta
517 3638 560 3678 aut
609 3625 687 3679 Vides
700 3626 743 3678 hie
759 3639 899 3682 curatorum
914 3630 1033 3685 frumeuti
1044 3636 1110 3690 ulfi-

54 3708 113 3760 tela.
124 3705 268 3776 Adiicsrem
281 3701 396 3775 lipsiaco
406 3701 500 3774 judicio
512 3703 559 3755 cal·
608 3703 660 3768 cia,
678 3702 709 3754 ab
724 3703 768 3767 iis,
785 3723 842 3773 quse
862 3705 890 3758 in
906 3707 995 3762 nostris
1014 3710 1109 3768 horreis

53 3785 152 3852 culum,
161 3781 209 3836 uisi
219 3783 249 3835 de
259 3781 376 3834 exstincto
388 3780 438 3850 jam
450 3779 512 3831 Caio
523 3779 559 3831 in·
608 3779 713 3854 publicis
722 3779 905 3849 (Magusins),
926 3785 1011 3857 utique
1030 3811 1109 3861 quum

54 3860 194 3934 telligsnda
206 3858 261 3913 lause
270 3871 358 3911 essem.
608 3854 714 3909 naribus
723 3855 855 3912 advehitur
866 3861 1020 3917 frumentum
1027 3904 1034 3932 ,
1041 3889 1109 3940 pm-

89 3943 114 4008 4.
124 3943 266 3994 Ferrum...
272 3937 395 4006 tegebant.
403 3934 558 3987 Seditionem
608 3946 717 4000 stautur,
730 3951 818 4005 parum
829 3935 953 3994 distantia.

56 4023 144 4089 inqua
157 4019 264 4080 ferram,
281 4034 350 4074 saxa,
370 4015 450 4080 faces,
469 4013 559 4083 quibus
641 4012 665 4064 (i.
679 4012 848 4065 comatescat.
865 4013 898 4066 H.
910 4035 932 4070 s.
943 4017 1050 4074 ederem
1063 4026 1110 4077 ui.

56 4097 93 4160 ii,
106 4113 171 4161 quos
183 4092 269 4145 noxios
281 4090 356 4143 babet
367 4088 435 4162 plebs
446 4126 454 4153 ,
464 4098 560 4159 petun-
610 4089 825 4143 miurucontrahat
833 4093 939 4161 eoquod
947 4097 1109 4170 agglobnum

56 4167 559 4241 rur,adhiherisoleut,iutelligit5haue
610 4170 893 4238 coacervatumqua'sit.
918 4173 995 4228 Porro
1019 4178 1112 4232 nimius
