2896 4958
218 465 283 534 hl)
308 465 477 538 s'rotc.
503 463 697 538 Pullos,
723 463 818 533 LIB'.
846 460 925 532 ΙΙΙ.1
1024 493 1111 538 cxcv,

61 609 130 692 pienti
143 610 334 674 intervenire.
354 605 444 672 Ptuat
458 627 492 670 re
504 604 565 670 hoc
583 605 752 682 facturum.
767 625 830 674 nou
848 607 1013 681 securum
1030 611 1106 672 illul

62 729 360 793 remurmuremus
376 738 384 774 ε
400 727 504 795 etque
516 713 548 774 in
560 713 620 782 vita
630 713 762 795 quotiffie
772 759 781 791 ‚
793 713 858 778 imo
869 735 927 797 per
939 729 1104 793 momenta,

61 819 437 898 erammutham,
451 819 674 904 proponimus,
690 819 901 903 aggredimur,
918 821 1034 904 agimtur
1051 845 1060 884 a
1079 835 1109 884 ει

62 943 146 992 ereum
159 929 311 1013 potimur,
328 947 390 990 non
403 927 545 1010 potimur·
559 923 650 990 Meus
666 927 758 1009 igitur
769 947 850 992 nunc
862 924 1011 990 Paradoei
1023 974 1034 1004 ‚
1048 927 1110 991 Sa·

61 1035 170 1118 piantem
181 1037 621 1116 aesunationesuanumquam
632 1034 789 1111 excidere,
805 1055 927 1116 semper
939 1033 986 1096 illi
994 1056 1110 1098 succes
1146 1029 1151 1038 ’

60 1161 125 1219 sum,
140 1156 170 1206 et
182 1141 357 1206 Stoicorum
369 1141 464 1206 verho
475 1185 489 1220 ,
502 1142 604 1223 inputare
620 1138 761 1220 (facilem
781 1137 894 1202 fluxum
910 1153 940 1203 et
956 1146 1109 1220 cursum),

61 1265 110 1307 ese
121 1269 128 1306 ε
139 1249 171 1310 id
184 1262 246 1326 εει,
260 1245 356 1310 llnere
367 1268 417 1322 res
431 1267 466 1310 er
480 1245 645 1310 voluntate·
653 1243 738 1308 ann.
748 1243 780 1308 Ο
793 1245 864 1310 illuc
879 1267 930 1308 me
945 1249 1002 1310 duc
1016 1247 1023 1308 !
1039 1247 1112 1330 quial

60 1353 125 1415 enin
142 1355 223 1416 aliud
244 1353 325 1430 haec,
351 1373 443 1438 quam
460 1358 609 1438 interpr-tte
624 1351 793 1434 (felicitas)
807 1351 892 1436 ipsa?
911 1349 995 1425 Ltus.
1017 1351 1054 1415 ln
1073 1375 1111 1417 eo

61 1479 113 1530 sun
123 1484 131 1520 ε
141 1483 234 1544 porro
245 1457 456 1544 andiDogrna
465 1481 573 1525 eorum
584 1471 629 1524 est
639 1503 650 1538 ‚
662 1486 678 1514 σι
694 1457 780 1522 Nihil
793 1459 1109 1542 praetermeantem,

59 1567 221 1647 appetitum,
246 1566 426 1644 consilinm,
443 1565 566 1630 euenire
585 1561 735 1648 Sapientia
755 1564 825 1646 quia
844 1586 914 1630 euna
937 1567 1112 1650 exceptione

60 1673 142 1732 onnia
152 1673 225 1735 talia
236 1672 318 1749 lacit,
334 1686 386 1734 aut
398 1685 544 1749 conatur,
556 1686 587 1734 ει
596 1671 673 1734 nihil
687 1693 793 1734 corum
804 1693 870 1753 quaa
880 1673 1033 1736 adversari
1045 1697 1115 1758 pos«

59 1793 114 1840 tunt
131 1801 191 1846 non
213 1794 259 1844 est
275 1782 305 1844 ei
327 1781 568 1866 praemeditatum
583 1795 614 1842 et
632 1791 858 1864 presumptum.
873 1807 889 1835 ι
904 1777 1013 1858 (stoh.
1030 1781 1115 1862 Eat.)

59 1880 180 1968 Optime,
197 1901 227 1952 ct
241 1888 400 1957 serissima
413 1889 501 1950 ratio.
517 1887 592 1952 Ideo
607 1907 669 1950 uon
689 1887 803 1950 fallitur
820 1869 918 1970 nequa
932 1888 1044 1952 frustm
1064 1913 1115 1954 co·

58 2005 164 2058 natnum
179 2007 247 2068 est,
263 1995 335 2076 quia
348 1993 403 2057 seit
416 2015 448 2057 sc
463 1995 572 2058 frustra
587 2015 653 2057 esse
667 2015 759 2078 posse
773 2016 785 2054 ·.
802 2015 899 2076 neque
914 2017 964 2058 reo
977 1996 1049 2060 istas
1064 1998 1115 2060 in-

58 2113 154 2178 certas,
171 2120 231 2184 pro
246 2102 335 2163 certis
350 2101 426 2163 ullas
438 2100 541 2164 hahet.
554 2097 689 2178 Omnia,
702 2101 825 2182 inquam
837 2147 846 2180 ‚
859 2123 928 2165 cum
940 2105 1115 2187 exceptione

58 2205 113 2280 (sic
132 2207 214 2268 euim
233 2208 290 2268 ista
310 2207 535 2291 interpretanda
555 2209 647 2288 stant)
660 2208 833 2291 aggreditur
847 2229 855 2268 ε
871 2212 953 2292 quod
964 2209 1065 2294 ipsum
1083 2213 1115 2274 in

57 2306 104 2373 hae
116 2335 147 2376 re
159 2311 278 2376 Seneca
292 2327 397 2376 noster
412 2313 494 2377 «licit.
508 2341 525 2370 α
540 2311 614 2376 Non
628 2325 739 2390 mutat,
758 2314 876 2395 inquit,
890 2311 1019 2399 Sapiens
1039 2338 1116 2378 con-

57 2416 154 2498 silium,
168 2420 310 2484 omnihus
324 2419 371 2482 his
384 2419 575 2485 manentibus
589 2441 655 2502 quae
672 2425 873 2502 erant,'quum
887 2435 1027 2498 sumeret
1042 2421 1116 2489 ldeo

55 2545 196 2608 nunqnam
208 2527 296 2590 illum
310 2525 488 2596 Paenitentia
500 2526 579 2590 subit
591 2551 599 2600 ς
614 2527 683 2610 quia
696 2527 773 2610 nihil
785 2527 893 2594 melius
906 2528 959 2592 illo
977 2544 1115 2614 tempore

56 2630 112 2692 lieri
123 2635 242 2720 potuit,
260 2655 352 2718 quarn
365 2637 446 2718 quod
458 2634 571 2706 lactum
585 2646 651 2713 ειη
667 2632 912 2718 nihil,constitu1‚
928 2656 1020 2716 qoam
1034 2641 1117 2720 quod

54 2744 236 2804 constitutrnn
252 2756 306 2804 est.
322 2739 475 2806 Caeterum
489 2742 527 2832 acl
541 2741 649 2826 ¹omnia
664 2761 733 2824 cum
745 2741 924 2823 ,exceptione
942 2743 1061 2821 veniet,
1082 2741 1118 2817 Si

53 2847 117 2909 nihil
130 2850 271 2913 inciderit
283 2851 364 2932 quod
378 2849 532 2934 impediat.
547 2845 737 2932 ldeoomnia
754 2846 800 2908 illi
815 2849 975 2922 succedere
989 2849 1116 2922 diuinam

53 2958 132 3030 (ecce
147 2961 250 3042 ἶυροιαν
263 2964 420 3028 nostram)
432 2968 462 3018 ει
474 2953 550 3016 nihil
565 2967 669 3021 contra
685 2953 859 3036 opinionem
873 2953 1009 3025 accidere
1022 2999 1030 3034 ‚
1045 2956 1116 3038 quia

50 3065 195 3142 praesumit
209 3063 329 3135 animo,
345 3082 433 3146 posse
448 3059 562 3144 aliquid
576 3061 777 3134 intervenire,
794 3061 875 3140 quod
890 3061 1034 3131 destinata
1045 3085 1116 3146 pro-

50 3164 153 3230 hiheat.
164 3167 405 3253 Imprudentium
417 3167 474 3228 ista
484 3165 592 3228 fiducia
605 3179 665 3244 est,
681 3163 849 3244 Fortunam
859 3165 915 3228 sihi
927 3169 1114 3250 sponderem

50 3271 108 3350 (lle
121 3275 233 3339 Benel
245 3275 311 3354 lv,
327 3297 392 3360 cap.
406 3273 474 3352 34.)
488 3269 592 3334 Etiam
608 3272 708 3346 vides,
723 3293 815 3352 quom
829 3294 900 3336 vere
914 3286 946 3336 et
955 3273 1117 3348 salubriter

48 3379 103 3444 hac
116 3385 272 3460 dicantur,
284 3404 321 3446 ae
333 3379 519 3444 doceantur?
530 3377 611 3442 Mihi
620 3379 726 3455 creda,
736 3378 817 3457 inter
825 3376 1018 3454 fundamenta
1030 3401 1117 3448 mns-

47 3492 139 3554 uncie
150 3506 183 3554 et
196 3489 421 3582 tranquillitatis
434 3501 480 3552 εει
489 3479 591 3552 istut':
604 3510 619 3543 ι
632 3484 761 3568 Semper
771 3485 809 3549 ‹te
821 3482 958 3564 Fortuna
971 3487 1115 3570 cogitare,

48 3609 73 3654 ει
85 3599 142 3661 sihi
158 3599 240 3662 nihil
255 3599 291 3660 de
306 3599 364 3660 lide
378 3598 442 3682 ejus
455 3595 644 3679 promittere.
658 3590 819 3678 Narigaho
829 3593 915 3671 ‚nisi
926 3595 1119 3675 quidincide·

47 3703 96 3782 rit,
114 3721 145 3767 et
157 3705 283 3768 Praetor
296 3703 383 3780 flam,
397 3703 456 3765 nisi
470 3703 543 3784 quid
555 3700 722 3773 obstiterit;
739 3713 770 3762 et
781 3697 954 3783 Negotiatio
966 3700 1043 3773 mihi
1055 3725 1119 3772 res·¹

45 3813 208 3892 pendebit,
225 3811 282 3872 nisi
299 3811 369 3892 quid
389 3807 594 3873 intervenerit.
609 3834 625 3862 u
640 3810 656 3888 (
670 3805 743 3870 Son.
763 3803 814 3868 De
834 3804 949 3889 Tranq.
965 3828 1022 3893 cap
1040 3807 1117 3888 13.)

45 3915 168 3982 Animus
180 3920 236 4002 qni
248 3917 314 3982 haec
322 3917 495 4002 praecogitat
502 3915 604 3992 serio,
616 3926 704 3994 atque
714 3911 852 3990 imhihit‚
865 3913 997 3993 quentin
1011 3930 1118 3998 pacato

43 4039 127 4107 atque
143 4045 235 4107 aequo
249 4025 310 4088 est!
332 4022 420 4085 Facit
437 4019 583 4104 Sapiens;
603 4019 730 4102 ideoque
744 4021 794 4098 (ut
808 4019 917 4094 iterum
937 4021 1119 4104 interpreter

43 4154 106 4195 enm
113 4133 253 4211 Seneca)
261 4161 276 4186 α
284 4129 371 4193 Nihil
381 4131 409 4194 ei
415 4143 520 4193 contra
531 4128 706 4212 opinionem
714 4127 840 4192 dicimus
851 4128 1022 4190 accidere.»
1034 4128 1119 4211 Quo-

42 4241 150 4303 modo?
161 4241 238 4322 quia
253 4258 342 4299 anon
351 4237 437 4298 illum
450 4235 568 4298 casibus
581 4233 739 4296 hominum
754 4233 924 4316 excepimus
934 4236 1001 4307 ,sed
1012 4235 1124 4297 errori·

42 4343 92 4404 hus
105 4373 112 4416 ;
125 4369 186 4408 nec
202 4345 248 4406 illi
259 4342 380 4422 omnia,
393 4341 544 4418 utvoluit‚
558 4341 682 4417 cedunt,
696 4341 748 4400 sed
766 4353 797 4400 ut
808 4341 958 4422 cogitarit.
967 4339 1003 4402 ln
1013 4343 1120 4424 primis
