2926 4958
278 524 347 592 AD
371 522 544 600 STOlC.
570 527 778 600 PHILOS.
804 529 896 598 LIB.
923 517 969 596 1.'
1035 529 1153 598 lxxxix

79 689 143 730 nam
154 667 267 730 scribit
276 667 349 730 alibi
362 715 371 746 ,
383 671 509 735 totidem
517 672 565 736 his
574 673 675 738 verbis
689 697 697 734 s
709 701 725 729 α
736 673 869 739 Amseus
877 670 994 738 Seneca
1005 720 1014 752 ,
1025 673 1078 737 ille
1088 696 1159 762 om-

79 796 126 836 nes
145 774 195 836 sui
210 773 270 836 aevi
292 771 467 855 Romanos,
488 779 600 842 msaltos
617 779 710 842 etiam
726 777 803 842 alios
818 793 996 862 exterosque
1011 779 1157 864 sapientia

80 901 272 964 exsuperans.
287 907 304 936 s
321 879 411 961 (Lib.
424 881 685 964 metonae,
702 906 721 947 o
736 883 849 948 Fidesl
865 885 1019 962 illetalis,
1034 897 1157 948 ettanta

80 987 246 1071 sapientia,
265 987 346 1051 vitiis
357 989 401 1053 sic
413 989 568 1066 omnibus,
589 1003 642 1053 aut
654 991 815 1068 maximis,
832 991 871 1052 sit
885 989 1042 1074 pollutus?
1054 987 1157 1052 Deme

80 1093 160 1156 illam
173 1140 183 1168 ,
196 1107 252 1156 aut
266 1093 332 1157 ltsec
352 1095 482 1158 adimis:
498 1116 559 1158 non
580 1109 649 1159 sunt
670 1097 701 1158 iu
720 1099 830 1160 codem
844 1096 1042 1161 contubernio
1059 1117 1158 1179 neque

79 1201 155 1284 jugo.
170 1198 282 1283 ltaque
303 1221 361 1264 nos
378 1201 502 1284 quidem
514 1202 684 1286 spernimus
696 1203 768 1265 istas
781 1222 888 1265 omnes
900 1201 1106 1277 falsimonias,
1128 1213 1159 1264 et

80 1327 138 1386 que
149 1306 221 1368 sine
235 1305 297 1368 alia
313 1308 537 1387 adstructioue,
554 1334 571 1365 ι
584 1309 649 1372 sola
663 1307 868 1392 magnitudine
881 1306 1053 1385 mendacii,
1066 1307 1157 1368 fidem

80 1425 226 1493 qtaerunt.
243 1439 260 1466 ι
277 1411 385 1474 Vitam
401 1414 492 1476 etiam
508 1414 693 1491 omittimus,
708 1414 746 1475 de
757 1433 816 1497 qua
829 1413 879 1475 vix
891 1411 1082 1497 propositum
1093 1425 1159 1473 erat

80 1519 179 1581 dicere
192 1541 201 1578 s
213 1531 246 1580 et
258 1517 332 1580 alibi
345 1519 543 1604 opportunius
559 1541 596 1584 ac
609 1519 762 1584 decentius
782 1517 843 1582 fiet.
857 1516 908 1581 Ad
924 1519 1036 1603 scripta
1048 1519 1157 1594 redeo,

80 1647 144 1706 que
153 1645 214 1687 nos
223 1637 353 1709 tangunt
366 1648 374 1685 ε
387 1625 481 1689 vitam
499 1627 590 1690 tuisse
606 1626 720 1690 bonam
733 1625 827 1688 velim
840 1671 849 1704 ,
864 1623 930 1688 haec
943 1625 1006 1688 scio
1020 1645 1085 1688 esse
1098 1668 1107 1701 ,
1129 1637 1160 1685 et

81 1729 159 1791 bono
170 1733 308 1812 quodam
323 1731 449 1793 humani
459 1731 579 1816 generis
589 1731 684 1810 edita,
698 1753 735 1795 ac
745 1744 921 1815 propagata.
933 1728 1051 1792 Mirum
1062 1731 1158 1804 dictu,

82 1840 129 1898 sed
143 1837 313 1900 observatu
328 1836 452 1921 dignum
465 1863 473 1911 ;
493 1839 609 1901 infinita
629 1838 776 1923 periisse,
793 1838 850 1900 seri
871 1837 1004 1922 injuria,
1019 1849 1160 1899 veterum

82 1942 203 2004 illorum
219 1957 252 2005 et
268 1964 426 2007 sacrorum
445 1957 712 2008 monumentorum
728 1967 736 2004 τ
752 1946 806 2008 sed
824 1957 927 2007 tamen
940 1943 972 2004 in
988 1941 1073 2004 omni
1094 1942 1159 2004 fere

84 2049 206 2110 scientia
220 2069 259 2111 ea
275 2049 354 2112 lacta
365 2049 503 2132 reliqua,
520 2073 587 2133 quse
601 2050 750 2114 instruere
764 2050 856 2127 satis,
875 2061 907 2112 et
916 2048 1038 2133 explere
1048 2049 1160 2131 justum

83 2155 268 2216 desiderium
281 2169 420 2217 nostrum
435 2170 568 2240 possent
588 2153 703 2218 Divina
716 2152 910 2218 Providentia
924 2167 989 2232 est,
1006 2153 1084 2216 etin
1106 2150 1161 2215 Se-

85 2279 154 2322 neca
168 2261 387 2343 agnoscimus:
403 2283 495 2343 quem
512 2261 616 2346 rigidus
631 2261 749 2325 virtutis
767 2262 966 2345 magistrum,
991 2281 1086 2321 rmum
1104 2281 1160 2343 pro

85 2365 225 2428 omnibus
236 2411 246 2442 ,
259 2363 348 2428 Deus
364 2368 465 2445 dedit,
479 2381 510 2430 et
525 2389 585 2429 una
602 2389 672 2431 cum
685 2367 779 2431 sacris
791 2367 902 2430 nostris
912 2364 1100 2429 Ductoribus
1110 2386 1165 2427 νο-

85 2469 136 2533 luit
147 2471 331 2564 prelucere.
349 2461 464 2555 Quidni
486 2495 556 2537 cusu
570 2473 653 2537 illis?
675 2495 763 2558 paene
784 2495 879 2536 unum
895 2495 931 2536 ex
951 2472 1033 2551 illis,
1050 2473 1076 2534 si
1090 2471 1164 2556 ipsis

81 2575 140 2640 ltoc
157 2577 314 2640 credimus
331 2601 339 2638 s
359 2591 390 2640 et
404 2578 611 2642 Tertullianus
633 2607 648 2634 u
668 2601 748 2663 saepe
767 2591 924 2652 nostrum,
944 2601 960 2634 s
981 2577 1164 2662 Augustinus

86 2711 101 2736 ι
112 2683 272 2768 Apostolis
285 2683 469 2748 familiarem
477 2713 507 2764 ,u
521 2683 729 2772 Hieronymus
741 2707 827 2770 paeue
836 2683 1017 2749 Sanctorum
1029 2685 1164 2748 numeris

85 2791 137 2852 ivit
149 2793 311 2854 insertum.
324 2789 505 2868 Frontonis,
523 2783 636 2858 nobilis
650 2793 725 2855 olim
740 2793 887 2866 oratoris,
900 2805 930 2854 et
942 2789 1113 2868 Plutarchi,
1132 2805 1165 2854 ut

84 2897 207 2976 volunt,
221 2899 362 2981 nepotis,
375 2898 475 2983 elogio
490 2897 677 2962 claudimus:
691 2925 707 2953 «ι
719 2895 868 2960 Senecam
882 2897 927 2960 sic
941 2897 1100 2960 universos
1114 2917 1164 2958 ex·

84 3004 251 3066 terminare
266 3023 403 3082 errores,
413 3018 447 3066 ut
460 3025 552 3067 aenea
566 3005 703 3068 videatur
714 3004 823 3067 soecula
836 3002 1023 3080 reformare,
1036 3016 1067 3064 et
1076 3000 1164 3065 Deos

84 3107 124 3170 ab
138 3109 276 3171 humano
290 3131 402 3193 genere
417 3111 602 3188 exsulantes,
616 3111 680 3194 ejus
693 3131 788 3194 opera
802 3122 978 3188 revocatos,
990 3108 1164 3170 homiuibus

85 3229 241 3280 contracta
257 3216 400 3280 societate
415 3218 549 3281 misceri.
567 3245 583 3272 n
595 3214 764 3300 (Sarisber.
777 3215 857 3278 Vlll
870 3214 1055 3306 Poclycrat.)
1066 3212 1099 3278 Ο
1110 3237 1165 3298 per

86 3321 174 3384 illum
189 3321 260 3385 fiat!
275 3335 306 3384 et
319 3344 449 3407 pravum
461 3324 521 3387 hoc
534 3323 591 3386 aevi
605 3343 641 3386 sc
657 3322 813 3386 sordidum
826 3323 1027 3408 depurgetur,
1050 3319 1165 3382 humile

87 3429 246 3514 erigatur,
266 3443 298 3492 et
313 3427 385 3492 Deo
403 3429 531 3512 denique
549 3449 606 3514 per
626 3429 769 3494 vinutem
784 3431 941 3513 jungatur,
962 3429 1016 3490 sed
1031 3428 1097 3512 ipso
1112 3425 1166 3488 illo

3 3565 4 3574 κ
86 3532 157 3598 Deo
170 3537 333 3619 adjurante
347 3549 378 3599 et
391 3537 550 3622 dirigente.

391 3694 741 3762 DISSERTATlO
761 3695 862 3760 xlx.

128 3821 277 3904 Eps'crem
296 3823 364 3884 dem
384 3824 518 3886 lauduuo
533 3868 544 3900 ,
569 3825 667 3887 vestu
686 3827 825 3906 panim,
845 3823 962 3902 largiter
973 3821 1084 3902 judium
1098 3832 1127 3882 rt

527 3931 727 3992 mundone.

130 4063 183 4127 De
196 4065 317 4131 Seneca
329 4067 425 4132 habes
436 4094 445 4142 ;
458 4069 575 4132 clarum
589 4069 671 4131 alind
688 4069 769 4132 sidus
784 4089 816 4131 se
834 4069 977 4146 ostendit,
993 4067 1163 4153 Epictetus:

90 4193 172 4250 aero,
184 4194 247 4236 nun
262 4175 389 4253 merito,
404 4175 555 4258 posterior
570 4197 578 4236 τ
591 4187 622 4238 ct
635 4172 825 4259 Scriptorum
836 4177 989 4258 pondere,
1003 4175 1104 4236 sinon
1113 4196 1168 4236 nu-

91 4300 197 4358 mero,
211 4283 454 4366 comparandus,
470 4282 530 4346 vita
544 4283 774 4366 praeponendus.
791 4279 849 4343 llle
863 4282 911 4344 vir
924 4295 1041 4360 totusa
1056 4302 1088 4344 se
1105 4293 1134 4343 et
1148 4303 1166 4344 a

92 4379 182 4468 Deo,
197 4387 274 4454 nihil
290 4387 458 4453 aFortuna
471 4388 534 4454 fisis
556 4387 684 4473 Origine
702 4389 787 4467 vilis,
807 4402 837 4454 et
850 4389 930 4453 inter
950 4409 1075 4461 servos,
1095 4409 1169 4452 cor-
