2910 4954
339 483 491 548 moen
517 483 570 562 11,
598 481 712 547 cnr.
738 479 862 546 xxv.
1094 479 1136 566 ⁸7

86 612 159 680 loliis
176 635 259 680 rosas
279 611 460 706 duplicatis
477 611 698 680 incubuisset.
722 609 789 678 Ubi
811 609 962 676 animum
985 605 1085 674 simul
1105 620 1140 672 ct

86 753 193 822 eorpus
213 730 403 823 voluptates
430 751 636 821 corrupere,
662 725 750 795 nihil
775 721 951 792 tolerabile
975 721 1137 790 videtur:

87 872 142 916 non
168 848 249 938 quia
270 844 377 930 dum,
406 845 467 914 sed
486 846 567 938 quis
585 843 702 912 molles
720 843 880 936 potimur.
903 838 1020 932 Quid¹
1050 839 1140 906 enim
1166 852 1182 917 4

87 983 145 1047 est,
160 991 221 1034 cur
235 965 335 1034 tussis
352 963 516 1056 alicujus,
539 978 598 1030 ant
610 975 914 1030 sternutamentum
931 1007 941 1040 ‚
957 973 1016 1026 sut
1028 979 1142 1026 musca

86 1105 193 1174 perum
205 1082 362 1150 curiose²
385 1080 522 1174 fugata,
540 1101 601 1146 nos
620 1077 656 1144 in
676 1075 805 1144 rabiem
824 1091 923 1169 aget,
944 1089 1003 1142 sut
1019 1072 1142 1141 obver-

85 1211 164 1264 satus
177 1195 270 1264 canis
282 1187 308 1276 ³,
319 1210 379 1263 aut
392 1193 496 1262 clavis
509 1191 716 1286 negligentis
731 1193 819 1259 servi
834 1189 991 1259 manibus
1004 1187 1145 1281 elapsa?

86 1314 177 1379 Feret
202 1312 267 1379 iste
288 1334 386 1403 aequo
408 1309 520 1377 animo
539 1307 638 1376 civile
661 1308 873 1388 convicium,
896 1323 930 1374 et
955 1306 1086 1398 ingesto
1107 1303 1143 1368 in

86 1430 236 1496 concione
253 1428 390 1496 curiave
404 1421 604 1504 maledicto,
621 1422 719 1514 cujus
735 1445 836 1491 aures
851 1422 950 1490 tracti
965 1416 978 1466 ⁴
993 1417 1144 1488 subsellii

86 1541 201 1608 stridor
220 1536 362 1608 offendit
375 1541 390 1606 l
404 1536 622 1630 Perpetietur
641 1535 699 1604 bic
717 1535 861 1618 lumem,
885 1551 921 1604 et
942 1535 1065 1604 testivae
1084 1555 1145 1600 es-

86 1649 812 1750 peditionissitim,qmpueromaledilucnti
820 1644 1147 1720 nivem⁵irasciturl

87 1931 154 1986 runt,
171 1919 241 1992 qnod
258 1920 287 1973 in
303 1919 363 1972 viris
382 1919 421 1972 bis
437 1915 586 1971 doctissimis
670 1937 693 1968 a.
710 1916 824 1970 Curiose.
836 1917 893 1971 lloe
909 1915 1069 1982 est,se‹lulo.
1081 1915 1148 1968 Fla-

88 1998 159 2070 iisque
170 1999 369 2074 prudentissimis
377 1997 468 2050 merito
481 1994 586 2048 mireris.
636 1992 709 2046 bellis
721 1995 854 2066 pavoninis
864 2007 889 2048 et
897 1995 1044 2048 ventilabris
1054 2012 1147 2048 musca

88 2079 360 2144 llnbenins,Gronovii
367 2076 501 2130 familiaris
511 2073 590 2126 idem·
638 2073 704 2147 aputl
721 2074 839 2128 lautiores
851 2086 912 2127 tunc
930 2073 998 2148 abigi
1015 2073 1144 2131 solebant.

87 2153 589 2228 qneeruditlssimusjuvenis‚eonj.bnl-
637 2162 665 2202 ut
680 2163 801 2204 testantur
816 2151 939 2205 Martialis
960 2151 987 2203 lri
1004 2163 1146 2217 scazontes,

88 2235 153 2298 hm,
173 2234 189 2287 i.
206 2254 228 2287 s.
245 2233 379 2307 papulam,
398 2252 445 2284 nec
464 2232 518 2304 ipso
535 2230 589 2282 vim
638 2228 685 2282 lib.
697 2231 750 2297 tlt,
764 2230 841 2304 epigr.
853 2245 957 2296 uxxu,
973 2249 1020 2282 vss.
1034 2247 1078 2294 ιο,
1094 2249 1149 2300 sqq.

88 2311 152 2362 vocis
162 2311 288 2383 probante.
299 2311 354 2362 Hae
366 2307 513 2362 difficultate
527 2327 590 2358 mc-
640 2329 654 2354 o
668 2307 701 2359 Et
718 2307 833 2362 aestuanti
854 2319 928 2360 teum
945 2307 1050 2360 ventilat
1068 2306 1149 2378 frigus

89 2399 142 2450 tus,
156 2389 227 2442 aliam
242 2389 371 2463 proposuit
384 2387 519 2440 lectionem
530 2405 590 2437 me-
639 2383 735 2458 Supins
746 2385 845 2458 prasino
867 2385 1010 2438 concubina
1031 2383 1148 2450 llabello,

88 2463 588 2537 dieusillexpanzeiseeoe'lrillerus(0bss.
639 2465 772 2539 Fugstque
788 2485 886 2520 muscas
905 2477 1001 2538 myrtea
1019 2484 1081 2538 puer
1099 2463 1150 2516 vir·

88 2541 154 2607 erit,
166 2565 220 2617 pag.
240 2544 294 2596 138.
313 2545 430 2596 Francos.
446 2542 478 2594 al
495 2543 587 2606 Moen,
658 2563 688 2604 ις
707 2567 720 2590 o
743 2546 853 2616 itemque
874 2545 923 2598 lios
943 2544 1087 2610 distichon,
1108 2544 1152 2596 lib.

93 2622 299 2687 tpialzvibs'cem
315 2622 415 2674 habere.
428 2622 448 2672 Α
462 2620 589 2674 literarum
640 2566 710 2682 {N
723 2623 801 2696 epigr.
820 2639 913 2677 txvtt:
928 2643 942 2670 s
957 2621 1077 2675 Lambere
1096 2639 1152 2694 quoe

91 2697 163 2751 ‹lnetn
178 2700 278 2774 propius
288 2699 374 2766 abest,
386 2711 411 2752 st
422 2698 507 2752 sensui
520 2715 591 2770 egre-
640 2714 723 2776 turpes
735 2702 851 2774 probibet
860 2715 903 2756 tus
917 2701 1023 2776 prandia
1038 2721 1151 2770 mosem,

91 2775 129 2845 gie
140 2778 262 2851 congruit.
274 2774 409 2850 Significat
420 2776 488 2830 enim
503 2789 593 2828 tumo-
645 2780 717 2832 ttit'u
728 2780 824 2832 eximite
837 2799 909 2832 causa
922 2778 1026 2852 superba
1038 2779 1093 2831 suit
1107 2801 1120 2824 o

92 2875 140 2908 nm
152 2857 271 2910 callosum
282 2878 297 2909 a
311 2857 393 2931 plagis
405 2869 502 2920 ortum,
514 2853 594 2929 expri—
677 2860 701 2912 3.
716 2859 914 2914 ObversatusAE
926 2859 1001 2912 codd.
1010 2873 1034 2912 et
1045 2858 1154 2912 libb.'re-

92 2934 180 3002 ruitque
190 2935 254 2988 bene
266 2935 394 3006 querelam
405 2933 531 2986 delicatuli
542 2933 596 2986 bo·
645 2935 715 2988 duxit
731 2934 836 3008 Lipsius·
856 2936 922 2988 Ante
939 2949 992 2988 erat
1007 2935 1156 2987 observatus

94 3011 179 3076 minis,
191 3033 216 3065 se
229 3013 301 3083 quasi
318 3013 410 3086 pugnis
424 3011 488 3064 male
500 3009 596 3063 mulca-
643 3015 732 3077 eam's‚·
749 3011 817 3082 quod
839 3010 908 3064 idem
927 3012 996 3084 epist.
1013 3027 1102 3076 xtvu,
1124 3009 1155 3062 de

93 3101 142 3140 tum
159 3101 182 3142 et
199 3102 333 3142 connisum
351 3109 410 3142 esse.
425 3089 450 3140 J.
464 3089 500 3142 Μ.
521 3087 597 3141 Hess-
645 3091 731 3143 omine
756 3107 836 3143 scaevo
864 3089 991 3164 intelligit
1021 3089 1157 3142 Pincianus

94 3169 175 3234 smper
193 3179 278 3220 tamn
299 3167 365 3220 bane
386 3166 521 3220 lectionem
538 3165 597 3238 reji·
646 3167 944 3241 dederat5econieeturs
956 3172 1157 3234 lorsan,vmus

95 3243 203 3296 ciendam
223 3245 293 3299 duxit
308 3245 387 3316 ‚quia
402 3264 456 3297 non
473 3257 598 3296 tumorem
646 3248 816 3320 calin:;quod
827 3249 901 3303 etiam
908 3248 950 3300 lrie
960 3247 1158 3302 benesuumlo-

95 3321 163 3376 illum
170 3364 177 3390 ,
185 3325 226 3377 setl
240 3343 329 3376 votem
339 3323 380 3376 laic
393 3325 532 3390 pluaass'ms
541 3323 551 3390 (
559 3342 598 3396 ap.
648 3349 705 3384 omn
715 3329 828 3382 obtinere
839 3339 927 3402 posset.

95 3401 187 3458 AElian.
198 3425 251 3458 vat.
262 3405 346 3470 ilisa,
358 3403 402 3458 lib.
415 3405 466 3470 lx,
487 3423 540 3476 cap.
550 3405 597 3469 24,
681 3409 704 3472 4.
716 3406 812 3459 Tmcts'.
827 3405 893 3458 Cum
904 3405 1008 3478 strepitu
1020 3405 1077 3457 loco
1087 3402 1157 3456 moti.

95 3479 290 3536 nlihaeelahuls
300 3482 448 3548 uantur),
460 3499 598 3554 expressam
681 3487 705 3538 5.
715 3486 792 3538 MaIe
808 3487 919 3538 diuma·
933 3487 1023 3538 nivem.
1045 3482 1159 3535 colaba-

97 3575 112 3606 a
123 3558 210 3612 liostrc
220 3560 269 3612 sibi
284 3559 421 3632 persuasit:
433 3558 540 3628 ideoque
552 3577 599 3629 pn·
648 3577 689 3617 sm·
703 3564 792 3616 vinum
806 3562 873 3636 apud
891 3562 1009 3616 lnmiom
1025 3562 1052 3613 in
1066 3560 1160 3612 convi-

99 3638 154 3690 tarit
167 3639 304 3714 legendum
324 3659 375 3692 esse
389 3657 396 3694 ι
404 3642 534 3708 papulam
546 3637 600 3690 lta-
648 3641 711 3706 viis,
728 3653 753 3694 st
767 3640 817 3693 boe
835 3639 863 3692 in
881 3638 979 3692 deliciis
992 3639 1095 3690 Veteres
1109 3635 1160 3689 ba-

97 3712 599 3779 bere.Paterotritterianamntionem,
648 3720 733 3772 bnere.
751 3718 845 3771 Colum
858 3739 918 3772 vero
931 3716 1074 3772 nivarium.
1091 3714 1160 3786 quod

98 3807 243 3866 quamquam
273 3795 424 3869 lleusingeri
452 3794 602 3864 conjectum
651 3813 676 3852 et
687 3797 791 3870 qnslnm
802 3797 902 3858 elisere,
916 3814 959 3848 vas
972 3807 1025 3848 erat
1033 3813 1085 3865 quo
1096 3812 1163 3863 aqna

100 3870 181 3924 eximie
192 3876 272 3928 faveo.
653 3899 681 3930 ea
696 3875 798 3928 nisibus
813 3873 891 3928 colari
908 3873 1020 3928 solebat:
1031 3870 1100 3942 quod
1118 3869 1162 3922 tsli

134 3967 153 3998 ¹·
168 3951 240 4019 Ouid
248 3955 327 4004 muns.
342 3950 462 4023 intelligo
477 3950 508 4003 (le
521 3950 602 4023 negli·
653 3955 730 4008 modo
742 3953 818 4006 liebat
827 3953 912 4005 :nives
924 3951 951 4004 in
963 3950 1048 4004 solum
1058 3949 1163 4021 injicie-

104 4027 182 4094 δώ
196 4049 339 4096 tenorum,
357 4029 402 4100 qul
418 4028 548 4082 tllwllum
563 4029 603 4080 ln·
653 4036 758 4099 bantur,
778 4031 839 4084 dein
856 4031 946 4082 vinnm
967 4027 1163 4088 infundebatur,

71 4147 86 4168 ,
103 4105 268 4175 lupellamm,
289 4127 401 4160 musam
422 4109 468 4174 (ut
487 4105 604 4160 muscarii
654 4112 739 4184 quod,
753 4130 795 4184 per
807 4109 877 4162 nives
893 4107 954 4160 dom
970 4107 1074 4170 flueret,
1086 4104 1165 4175 frigus

107 4182 179 4248 tervi)
191 4205 239 4238 non
250 4187 313 4238 bene
324 4187 442 4259 fugarem
451 4221 460 4248 ,
468 4185 605 4255 queminus
656 4189 796 4253 induebat,
815 4205 949 4257 secumque
966 4183 1080 4236 trahebat
1092 4199 1100 4234 e
1115 4201 1173 4251 quo

106 4255 204 4314 domino
212 4264 351 4318 molestiam
362 4275 481 4316 crearent.
660 4281 731 4340 pacto
743 4267 781 4320 lae
794 4265 892 4334 aliaque
901 4263 1055 4316 colabantur.
