<?xml version="1.0" encoding="UTF-8"?>
<!DOCTYPE html PUBLIC "-//W3C//DTD XHTML 1.0 Transitional//EN"
    "http://www.w3.org/TR/xhtml1/DTD/xhtml1-transitional.dtd">
<html xmlns="http://www.w3.org/1999/xhtml" xml:lang="en" lang="en">
 <head>
  <title>
</title>
<meta http-equiv="Content-Type" content="text/html;charset=utf-8" />
  <meta name='ocr-system' content='tesseract 3.04.00' />
  <meta name='ocr-capabilities' content='ocr_page ocr_carea ocr_par ocr_line ocrx_word'/>
</head>
<body>
  <div class='ocr_page' id='page_1' title='image "./lannsenecparspr01bouigoog_0293.png"; bbox 0 0 2896 4958; ppageno 0'>
   <div class='ocr_carea' id='block_1_1' title="bbox 255 457 885 546">
    <p class='ocr_par' dir='ltr' id='par_1_1' title="bbox 255 457 885 546">
     <span class='ocr_line' id='line_1_1' title="bbox 255 457 885 546; baseline 0.003 -18"><span class='ocrx_word' id='word_1_1' title='bbox 255 459 297 546; x_wconf 71' lang='lat'><strong>4⁰</strong></span> <span class='ocrx_word' id='word_1_2' title='bbox 678 466 753 532; x_wconf 85' lang='lat' dir='ltr'><strong>&#39;DE</strong></span> <span class='ocrx_word' id='word_1_3' title='bbox 785 457 885 532; x_wconf 81' lang='lat' dir='ltr'><strong>laA&#39;</strong></span> 
     </span>
    </p>
   </div>
   <div class='ocr_carea' id='block_1_2' title="bbox 203 593 1329 1617">
    <p class='ocr_par' dir='ltr' id='par_1_2' title="bbox 203 593 1329 1617">
     <span class='ocr_line' id='line_1_2' title="bbox 254 593 1324 687; baseline 0.002 -23"><span class='ocrx_word' id='word_1_4' title='bbox 254 593 541 687; x_wconf 88' lang='lat' dir='ltr'><strong>conquirendum,</strong></span> <span class='ocrx_word' id='word_1_5' title='bbox 560 617 629 666; x_wconf 88' lang='lat' dir='ltr'><strong>non</strong></span> <span class='ocrx_word' id='word_1_6' title='bbox 642 593 748 664; x_wconf 80' lang='lat' dir='ltr'><strong>dedit.</strong></span> <span class='ocrx_word' id='word_1_7' title='bbox 764 598 949 666; x_wconf 75' lang='lat' dir='ltr'><strong>Damnatus</strong></span> <span class='ocrx_word' id='word_1_8' title='bbox 961 611 1055 664; x_wconf 85' lang='lat' dir='ltr'><strong>extra</strong></span> <span class='ocrx_word' id='word_1_9' title='bbox 1066 593 1191 666; x_wconf 87' lang='lat' dir='ltr'><strong>vallum</strong></span> <span class='ocrx_word' id='word_1_10' title='bbox 1200 593 1324 666; x_wconf 92' lang='lat' dir='ltr'><strong>ductus</strong></span> 
     </span>
     <span class='ocr_line' id='line_1_3' title="bbox 256 713 1326 808; baseline -0.002 -26"><span class='ocrx_word' id='word_1_11' title='bbox 256 727 328 796; x_wconf 85' lang='lat' dir='ltr'><strong>est,</strong></span> <span class='ocrx_word' id='word_1_12' title='bbox 350 727 385 782; x_wconf 90' lang='lat' dir='ltr'><strong>et</strong></span> <span class='ocrx_word' id='word_1_13' title='bbox 397 713 470 806; x_wconf 89' lang='lat' dir='ltr'><strong>jam</strong></span> <span class='ocrx_word' id='word_1_14' title='bbox 487 713 656 782; x_wconf 84' lang='lat' dir='ltr'><strong>cervicem</strong></span> <span class='ocrx_word' id='word_1_15' title='bbox 671 713 889 806; x_wconf 78' lang='lat' dir='ltr'>porrigebat,</span> <span class='ocrx_word' id='word_1_16' title='bbox 914 737 1019 806; x_wconf 91' lang='lat' dir='ltr'><strong>quum</strong></span> <span class='ocrx_word' id='word_1_17' title='bbox 1036 714 1148 782; x_wconf 90' lang='lat' dir='ltr'><strong>subito</strong></span> <span class='ocrx_word' id='word_1_18' title='bbox 1164 715 1326 808; x_wconf 89' lang='lat' dir='ltr'><strong>apparuit</strong></span> 
     </span>
     <span class='ocr_line' id='line_1_4' title="bbox 203 825 1322 918; baseline 0.002 -24"><span class='ocrx_word' id='word_1_19' title='bbox 203 833 232 883; x_wconf 84' lang='lat'><strong>¹⁵</strong></span> <span class='ocrx_word' id='word_1_20' title='bbox 256 825 314 894; x_wconf 89' lang='lat' dir='ltr'><strong>ille</strong></span> <span class='ocrx_word' id='word_1_21' title='bbox 336 826 518 896; x_wconf 88' lang='lat' dir='ltr'><strong>commilito</strong></span> <span class='ocrx_word' id='word_1_22' title='bbox 545 827 605 918; x_wconf 91' lang='lat' dir='ltr'><strong>qui</strong></span> <span class='ocrx_word' id='word_1_23' title='bbox 636 827 768 895; x_wconf 90' lang='lat' dir='ltr'><strong>occisus</strong></span> <span class='ocrx_word' id='word_1_24' title='bbox 790 825 983 896; x_wconf 85' lang='lat' dir='ltr'><strong>videbatur.</strong></span> <span class='ocrx_word' id='word_1_25' title='bbox 1017 829 1117 898; x_wconf 91' lang='lat' dir='ltr'><strong>Tunc</strong></span> <span class='ocrx_word' id='word_1_26' title='bbox 1144 828 1322 897; x_wconf 89' lang='lat' dir='ltr'><strong>centurio¹</strong></span> 
     </span>
     <span class='ocr_line' id='line_1_5' title="bbox 255 942 1325 1038; baseline 0.001 -26"><span class='ocrx_word' id='word_1_27' title='bbox 255 943 422 1037; x_wconf 85' lang='lat' dir='ltr'><strong>supplicio</strong></span> <span class='ocrx_word' id='word_1_28' title='bbox 456 943 658 1038; x_wconf 79' lang='lat' dir='ltr'><strong>praepositus</strong></span> <span class='ocrx_word' id='word_1_29' title='bbox 688 942 836 1012; x_wconf 88' lang='lat' dir='ltr'><strong>condere</strong></span> <span class='ocrx_word' id='word_1_30' title='bbox 869 943 1020 1038; x_wconf 77' lang='lat' dir='ltr'><strong>gladium</strong></span> <span class='ocrx_word' id='word_1_31' title='bbox 1050 945 1325 1037; x_wconf 84' lang='lat' dir='ltr'><strong>speculatorem²</strong></span> 
     </span>
     <span class='ocr_line' id='line_1_6' title="bbox 251 1059 1326 1155; baseline -0.002 -25"><span class='ocrx_word' id='word_1_32' title='bbox 251 1061 352 1155; x_wconf 88' lang='lat' dir='ltr'><strong>jubet</strong></span> <span class='ocrx_word' id='word_1_33' title='bbox 369 1088 377 1127; x_wconf 76' lang='grc' dir='ltr'><strong><em>ε</em></strong></span> <span class='ocrx_word' id='word_1_34' title='bbox 394 1059 589 1130; x_wconf 88' lang='lat' dir='ltr'><strong>damnatum</strong></span> <span class='ocrx_word' id='word_1_35' title='bbox 605 1059 649 1128; x_wconf 90' lang='lat' dir='ltr'><strong>ad</strong></span> <span class='ocrx_word' id='word_1_36' title='bbox 661 1061 817 1129; x_wconf 75' lang='lat' dir='ltr'><strong>Pisonem</strong></span> <span class='ocrx_word' id='word_1_37' title='bbox 830 1059 980 1144; x_wconf 80' lang='lat' dir='ltr'>reducit,</span> <span class='ocrx_word' id='word_1_38' title='bbox 1000 1059 1196 1130; x_wconf 91' lang='lat' dir='ltr'><strong>redditurus</strong></span> <span class='ocrx_word' id='word_1_39' title='bbox 1208 1062 1326 1130; x_wconf 90' lang='lat' dir='ltr'><strong>Pisoni</strong></span> 
     </span>
     <span class='ocr_line' id='line_1_7' title="bbox 255 1171 1327 1273; baseline 0 -29"><span class='ocrx_word' id='word_1_40' title='bbox 255 1171 533 1261; x_wconf 74' lang='lat' dir='ltr'><strong>innocentiam³3</strong></span> <span class='ocrx_word' id='word_1_41' title='bbox 561 1199 640 1244; x_wconf 90' lang='lat' dir='ltr'><strong>nam</strong></span> <span class='ocrx_word' id='word_1_42' title='bbox 668 1175 766 1244; x_wconf 91' lang='lat' dir='ltr'><strong>militi</strong></span> <span class='ocrx_word' id='word_1_43' title='bbox 791 1177 925 1246; x_wconf 82' lang='lat' dir='ltr'><strong>fortuna</strong></span> <span class='ocrx_word' id='word_1_44' title='bbox 947 1177 1156 1248; x_wconf 79' lang='lat' dir='ltr'><strong>reddiderat.</strong></span> <span class='ocrx_word' id='word_1_45' title='bbox 1187 1179 1327 1273; x_wconf 79' lang='lat' dir='ltr'><strong>Ingenti</strong></span> 
     </span>
     <span class='ocr_line' id='line_1_8' title="bbox 256 1290 1327 1386; baseline -0.001 -24"><span class='ocrx_word' id='word_1_46' title='bbox 256 1317 424 1364; x_wconf 76' lang='lat' dir='ltr'>concursu</span> <span class='ocrx_word' id='word_1_47' title='bbox 434 1290 663 1374; x_wconf 89' lang='lat' dir='ltr'><strong>deducuntur,</strong></span> <span class='ocrx_word' id='word_1_48' title='bbox 677 1291 842 1384; x_wconf 81' lang='lat' dir='ltr'><strong>complexi</strong></span> <span class='ocrx_word' id='word_1_49' title='bbox 851 1291 938 1360; x_wconf 88' lang='lat' dir='ltr'><strong>alter</strong></span> <span class='ocrx_word' id='word_1_50' title='bbox 946 1291 1104 1376; x_wconf 90' lang='lat' dir='ltr'><strong>alterum,</strong></span> <span class='ocrx_word' id='word_1_51' title='bbox 1117 1317 1193 1361; x_wconf 88' lang='lat' dir='ltr'><strong>cam</strong></span> <span class='ocrx_word' id='word_1_52' title='bbox 1202 1317 1327 1386; x_wconf 76' lang='lat' dir='ltr'><strong>magno</strong></span> 
     </span>
     <span class='ocr_line' id='line_1_9' title="bbox 258 1404 1326 1503; baseline 0 -25"><span class='ocrx_word' id='word_1_53' title='bbox 258 1409 382 1503; x_wconf 74' lang='lat' dir='ltr'><strong>gaudio</strong></span> <span class='ocrx_word' id='word_1_54' title='bbox 407 1425 610 1490; x_wconf 86' lang='lat' dir='ltr'><strong>castrorum,</strong></span> <span class='ocrx_word' id='word_1_55' title='bbox 635 1409 890 1479; x_wconf 79' lang='lat' dir='ltr'><strong>commilitones.</strong></span> <span class='ocrx_word' id='word_1_56' title='bbox 919 1408 1123 1478; x_wconf 74' lang='lat' dir='ltr'><strong>Conscendit</strong></span> <span class='ocrx_word' id='word_1_57' title='bbox 1146 1404 1326 1478; x_wconf 80' lang='lat' dir='ltr'><strong>tribunal⁴</strong></span> 
     </span>
     <span class='ocr_line' id='line_1_10' title="bbox 258 1523 1329 1617; baseline -0.001 -25"><span class='ocrx_word' id='word_1_58' title='bbox 258 1525 376 1594; x_wconf 83' lang='lat' dir='ltr'><strong>iurent</strong></span> <span class='ocrx_word' id='word_1_59' title='bbox 398 1525 497 1607; x_wconf 91' lang='lat' dir='ltr'><strong>Piso,</strong></span> <span class='ocrx_word' id='word_1_60' title='bbox 522 1547 564 1594; x_wconf 90' lang='lat' dir='ltr'><strong>ac</strong></span> <span class='ocrx_word' id='word_1_61' title='bbox 581 1523 682 1617; x_wconf 87' lang='lat' dir='ltr'><strong>jubet</strong></span> <span class='ocrx_word' id='word_1_62' title='bbox 706 1523 785 1593; x_wconf 90' lang='lat' dir='ltr'><strong>duci</strong></span> <span class='ocrx_word' id='word_1_63' title='bbox 809 1539 1011 1616; x_wconf 90' lang='lat' dir='ltr'><strong>utrumque,</strong></span> <span class='ocrx_word' id='word_1_64' title='bbox 1036 1539 1071 1592; x_wconf 92' lang='lat' dir='ltr'><strong>et</strong></span> <span class='ocrx_word' id='word_1_65' title='bbox 1088 1549 1166 1594; x_wconf 89' lang='lat' dir='ltr'><strong>eum</strong></span> <span class='ocrx_word' id='word_1_66' title='bbox 1183 1524 1329 1592; x_wconf 90' lang='lat' dir='ltr'><strong>militem</strong></span> 
     </span>
    </p>
   </div>
   <div class='ocr_carea' id='block_1_3' title="bbox 206 1635 1439 1853">
    <p class='ocr_par' dir='ltr' id='par_1_3' title="bbox 206 1634 1439 1853">
     <span class='ocr_line' id='line_1_11' title="bbox 206 1635 1437 1734; baseline 0.002 -28"><span class='ocrx_word' id='word_1_67' title='bbox 206 1653 237 1708; x_wconf 73' lang='grc' dir='ltr'><strong>ιθ</strong></span> <span class='ocrx_word' id='word_1_68' title='bbox 259 1642 319 1734; x_wconf 95' lang='lat' dir='ltr'><strong>qui</strong></span> <span class='ocrx_word' id='word_1_69' title='bbox 335 1665 405 1709; x_wconf 88' lang='lat' dir='ltr'><strong>non</strong></span> <span class='ocrx_word' id='word_1_70' title='bbox 420 1638 611 1723; x_wconf 85' lang='lat' dir='ltr'><strong>occiderat,</strong></span> <span class='ocrx_word' id='word_1_71' title='bbox 631 1655 760 1708; x_wconf 91' lang='lat' dir='ltr'><strong>etcum</strong></span> <span class='ocrx_word' id='word_1_72' title='bbox 776 1641 835 1734; x_wconf 94' lang='lat' dir='ltr'><strong>qui</strong></span> <span class='ocrx_word' id='word_1_73' title='bbox 851 1665 920 1711; x_wconf 88' lang='lat' dir='ltr'><strong>non</strong></span> <span class='ocrx_word' id='word_1_74' title='bbox 937 1642 1087 1734; x_wconf 89' lang='lat' dir='ltr'><strong>perierat</strong></span> <span class='ocrx_word' id='word_1_75' title='bbox 1099 1635 1124 1708; x_wconf 86' lang='lat'><strong>⁵.</strong></span> <span class='ocrx_word' id='word_1_76' title='bbox 1147 1640 1245 1734; x_wconf 90' lang='lat' dir='ltr'><strong>Quid</strong></span> <span class='ocrx_word' id='word_1_77' title='bbox 1260 1639 1329 1709; x_wconf 91' lang='lat' dir='ltr'><strong>hoc</strong></span> <span class='ocrx_word' id='word_1_78' title='bbox 1435 1645 1437 1728; x_wconf 58' lang='grc' dir='ltr'><strong>ζ</strong></span> 
     </span>
     <span class='ocr_line' id='line_1_12' title="bbox 258 1756 1439 1853; baseline -0.002 -25"><span class='ocrx_word' id='word_1_79' title='bbox 258 1757 460 1853; x_wconf 81' lang='lat' dir='ltr'><strong>indignius?</strong></span> <span class='ocrx_word' id='word_1_80' title='bbox 475 1760 653 1852; x_wconf 86' lang='lat' dir='ltr'><strong>quiaunus</strong></span> <span class='ocrx_word' id='word_1_81' title='bbox 664 1759 826 1826; x_wconf 90' lang='lat' dir='ltr'><strong>innocens</strong></span> <span class='ocrx_word' id='word_1_82' title='bbox 837 1775 1058 1853; x_wconf 79' lang='lat' dir='ltr'><strong>apparuerat,</strong></span> <span class='ocrx_word' id='word_1_83' title='bbox 1074 1756 1325 1852; x_wconf 87' lang='lat' dir='ltr'><strong>duoperibant.</strong></span> <span class='ocrx_word' id='word_1_84' title='bbox 1437 1773 1439 1848; x_wconf 29' lang='grc' dir='ltr'>ζ</span> 
     </span>
    </p>
   </div>
   <div class='ocr_carea' id='block_1_4' title="bbox 207 1874 1337 3014">
    <p class='ocr_par' dir='ltr' id='par_1_4' title="bbox 207 1874 1337 3014">
     <span class='ocr_line' id='line_1_13' title="bbox 258 1874 1329 1970; baseline -0.003 -24"><span class='ocrx_word' id='word_1_85' title='bbox 258 1877 336 1946; x_wconf 86' lang='lat' dir='ltr'><strong>Piso</strong></span> <span class='ocrx_word' id='word_1_86' title='bbox 361 1874 487 1968; x_wconf 84' lang='lat' dir='ltr'><strong>adjecit</strong></span> <span class='ocrx_word' id='word_1_87' title='bbox 508 1891 544 1944; x_wconf 92' lang='lat' dir='ltr'><strong>et</strong></span> <span class='ocrx_word' id='word_1_88' title='bbox 567 1877 717 1945; x_wconf 92' lang='lat' dir='ltr'><strong>tertium.</strong></span> <span class='ocrx_word' id='word_1_89' title='bbox 740 1877 827 1944; x_wconf 88' lang='lat' dir='ltr'><strong>Nam</strong></span> <span class='ocrx_word' id='word_1_90' title='bbox 851 1877 962 1969; x_wconf 84' lang='lat' dir='ltr'><strong>ipeum</strong></span> <span class='ocrx_word' id='word_1_91' title='bbox 988 1877 1239 1958; x_wconf 87' lang='lat' dir='ltr'><strong>centurionem,</strong></span> <span class='ocrx_word' id='word_1_92' title='bbox 1266 1876 1329 1970; x_wconf 88' lang='lat' dir='ltr'><strong>qui</strong></span> 
     </span>
     <span class='ocr_line' id='line_1_14' title="bbox 259 1987 1330 2084; baseline 0 -24"><span class='ocrx_word' id='word_1_93' title='bbox 259 1989 455 2060; x_wconf 84' lang='lat' dir='ltr'><strong>damnatum</strong></span> <span class='ocrx_word' id='word_1_94' title='bbox 484 1988 686 2073; x_wconf 87' lang='lat' dir='ltr'><strong>reduxerat,</strong></span> <span class='ocrx_word' id='word_1_95' title='bbox 722 1987 800 2059; x_wconf 93' lang='lat' dir='ltr'><strong>duci</strong></span> <span class='ocrx_word' id='word_1_96' title='bbox 827 1991 941 2084; x_wconf 87' lang='lat' dir='ltr'><strong>jussit.</strong></span> <span class='ocrx_word' id='word_1_97' title='bbox 972 1993 1153 2061; x_wconf 78' lang='lat' dir='ltr'><strong>Constituti</strong></span> <span class='ocrx_word' id='word_1_98' title='bbox 1182 2007 1261 2060; x_wconf 88' lang='lat' dir='ltr'><strong>sunt</strong></span> <span class='ocrx_word' id='word_1_99' title='bbox 1291 1993 1330 2060; x_wconf 91' lang='lat' dir='ltr'><strong>in</strong></span> 
     </span>
     <span class='ocr_line' id='line_1_15' title="bbox 207 2107 1331 2202; baseline 0.008 -30"><span class='ocrx_word' id='word_1_100' title='bbox 207 2131 235 2187; x_wconf 75' lang='lat'><strong>¹7</strong></span> <span class='ocrx_word' id='word_1_101' title='bbox 261 2107 379 2178; x_wconf 88' lang='lat' dir='ltr'><strong>eodem</strong></span> <span class='ocrx_word' id='word_1_102' title='bbox 393 2109 467 2178; x_wconf 85' lang='lat' dir='ltr'><strong>loco</strong></span> <span class='ocrx_word' id='word_1_103' title='bbox 479 2108 625 2201; x_wconf 86' lang='lat' dir='ltr'><strong>perituri</strong></span> <span class='ocrx_word' id='word_1_104' title='bbox 638 2123 730 2191; x_wconf 87' lang='lat' dir='ltr'><strong>tres,</strong></span> <span class='ocrx_word' id='word_1_105' title='bbox 746 2107 790 2182; x_wconf 90' lang='lat' dir='ltr'><strong>ob</strong></span> <span class='ocrx_word' id='word_1_106' title='bbox 806 2108 908 2176; x_wconf 90' lang='lat' dir='ltr'><strong>unius</strong></span> <span class='ocrx_word' id='word_1_107' title='bbox 922 2108 1161 2178; x_wconf 86' lang='lat' dir='ltr'><strong>innocentiam.</strong></span> <span class='ocrx_word' id='word_1_108' title='bbox 1179 2110 1331 2202; x_wconf 84' lang='lat' dir='ltr'><strong>Oquam</strong></span> 
     </span>
     <span class='ocr_line' id='line_1_16' title="bbox 261 2222 1333 2318; baseline -0.001 -21"><span class='ocrx_word' id='word_1_109' title='bbox 261 2228 367 2298; x_wconf 89' lang='lat' dir='ltr'><strong>solers</strong></span> <span class='ocrx_word' id='word_1_110' title='bbox 383 2241 435 2296; x_wconf 93' lang='lat' dir='ltr'><strong>est</strong></span> <span class='ocrx_word' id='word_1_111' title='bbox 449 2223 627 2294; x_wconf 84' lang='lat' dir='ltr'><strong>iracundia</strong></span> <span class='ocrx_word' id='word_1_112' title='bbox 642 2223 687 2293; x_wconf 92' lang='lat' dir='ltr'><strong>ad</strong></span> <span class='ocrx_word' id='word_1_113' title='bbox 704 2222 882 2318; x_wconf 79' lang='lat' dir='ltr'><strong>fingendas</strong></span> <span class='ocrx_word' id='word_1_114' title='bbox 898 2247 1014 2293; x_wconf 81' lang='lat' dir='ltr'><strong>causas</strong></span> <span class='ocrx_word' id='word_1_115' title='bbox 1031 2222 1172 2294; x_wconf 79' lang='lat' dir='ltr'><strong>itrroris!</strong></span> <span class='ocrx_word' id='word_1_116' title='bbox 1190 2227 1262 2309; x_wconf 86' lang='lat' dir='ltr'><strong>Te,</strong></span> <span class='ocrx_word' id='word_1_117' title='bbox 1281 2228 1333 2296; x_wconf 89' lang='lat' dir='ltr'><strong>in·</strong></span> 
     </span>
     <span class='ocr_line' id='line_1_17' title="bbox 262 2339 1332 2436; baseline -0.003 -24"><span class='ocrx_word' id='word_1_118' title='bbox 262 2345 338 2436; x_wconf 93' lang='lat' dir='ltr'><strong>quit</strong></span> <span class='ocrx_word' id='word_1_119' title='bbox 349 2393 358 2426; x_wconf 89' lang='lat'><strong><em>,</em></strong></span> <span class='ocrx_word' id='word_1_120' title='bbox 370 2340 448 2412; x_wconf 91' lang='lat' dir='ltr'><strong>duci</strong></span> <span class='ocrx_word' id='word_1_121' title='bbox 453 2340 560 2435; x_wconf 87' lang='lat' dir='ltr'><strong>jubeo</strong></span> <span class='ocrx_word' id='word_1_122' title='bbox 572 2390 582 2424; x_wconf 86' lang='lat'><strong>,</strong></span> <span class='ocrx_word' id='word_1_123' title='bbox 594 2343 675 2433; x_wconf 89' lang='lat' dir='ltr'><strong>quia</strong></span> <span class='ocrx_word' id='word_1_124' title='bbox 691 2339 867 2409; x_wconf 77' lang='lat' dir='ltr'><strong>damnmus</strong></span> <span class='ocrx_word' id='word_1_125' title='bbox 881 2363 918 2408; x_wconf 90' lang='lat' dir='ltr'><strong>es</strong></span> <span class='ocrx_word' id='word_1_126' title='bbox 933 2367 942 2426; x_wconf 72' lang='grc' dir='ltr'><strong>ς</strong></span> <span class='ocrx_word' id='word_1_127' title='bbox 959 2356 1012 2423; x_wconf 86' lang='lat' dir='ltr'><strong>te,</strong></span> <span class='ocrx_word' id='word_1_128' title='bbox 1030 2343 1111 2433; x_wconf 87' lang='lat' dir='ltr'><strong>quia</strong></span> <span class='ocrx_word' id='word_1_129' title='bbox 1124 2365 1224 2410; x_wconf 88' lang='lat' dir='ltr'><strong>causa</strong></span> <span class='ocrx_word' id='word_1_130' title='bbox 1239 2341 1332 2409; x_wconf 92' lang='lat' dir='ltr'><strong>dam-</strong></span> 
     </span>
     <span class='ocr_line' id='line_1_18' title="bbox 263 2455 1330 2550; baseline -0.002 -24"><span class='ocrx_word' id='word_1_131' title='bbox 263 2459 410 2526; x_wconf 87' lang='lat' dir='ltr'><strong>nationis</strong></span> <span class='ocrx_word' id='word_1_132' title='bbox 428 2457 665 2526; x_wconf 86' lang='lat' dir='ltr'><strong>commilitonis</strong></span> <span class='ocrx_word' id='word_1_133' title='bbox 687 2457 782 2525; x_wconf 84' lang='lat' dir='ltr'><strong>luisti</strong></span> <span class='ocrx_word' id='word_1_134' title='bbox 801 2485 810 2542; x_wconf 87' lang='lat'>;</span> <span class='ocrx_word' id='word_1_135' title='bbox 833 2472 888 2540; x_wconf 89' lang='lat' dir='ltr'><strong>te,</strong></span> <span class='ocrx_word' id='word_1_136' title='bbox 916 2457 996 2550; x_wconf 89' lang='lat' dir='ltr'><strong>quia</strong></span> <span class='ocrx_word' id='word_1_137' title='bbox 1012 2457 1126 2550; x_wconf 86' lang='lat' dir='ltr'><strong>jussus</strong></span> <span class='ocrx_word' id='word_1_138' title='bbox 1149 2455 1330 2539; x_wconf 89' lang='lat' dir='ltr'><strong>occidere,</strong></span> 
     </span>
     <span class='ocr_line' id='line_1_19' title="bbox 264 2570 1336 2667; baseline -0.002 -25"><span class='ocrx_word' id='word_1_139' title='bbox 264 2572 460 2667; x_wconf 85' lang='lat' dir='ltr'><strong>imperatori</strong></span> <span class='ocrx_word' id='word_1_140' title='bbox 476 2595 545 2640; x_wconf 93' lang='lat' dir='ltr'><strong>non</strong></span> <span class='ocrx_word' id='word_1_141' title='bbox 562 2573 718 2664; x_wconf 85' lang='lat' dir='ltr'><strong>paruisti.</strong></span> <span class='ocrx_word' id='word_1_142' title='bbox 742 2572 950 2665; x_wconf 74' lang='lat' dir='ltr'><strong>Excogitavit</strong></span> <span class='ocrx_word' id='word_1_143' title='bbox 966 2570 1249 2666; x_wconf 87' lang='lat' dir='ltr'><strong>quemadmodum</strong></span> <span class='ocrx_word' id='word_1_144' title='bbox 1266 2573 1336 2640; x_wconf 83' lang='lat' dir='ltr'><strong>tria</strong></span> 
     </span>
     <span class='ocr_line' id='line_1_20' title="bbox 264 2685 1333 2778; baseline -0.005 -20"><span class='ocrx_word' id='word_1_145' title='bbox 264 2688 408 2758; x_wconf 90' lang='lat' dir='ltr'><strong>crimina</strong></span> <span class='ocrx_word' id='word_1_146' title='bbox 422 2685 566 2768; x_wconf 85' lang='lat' dir='ltr'><strong>iaceret,</strong></span> <span class='ocrx_word' id='word_1_147' title='bbox 586 2687 666 2778; x_wconf 88' lang='lat' dir='ltr'><strong>quia</strong></span> <span class='ocrx_word' id='word_1_148' title='bbox 678 2685 809 2754; x_wconf 90' lang='lat' dir='ltr'><strong>nullum</strong></span> <span class='ocrx_word' id='word_1_149' title='bbox 820 2687 1007 2755; x_wconf 84' lang='lat' dir='ltr'><strong>invenerat.</strong></span> <span class='ocrx_word' id='word_1_150' title='bbox 1024 2685 1152 2770; x_wconf 85' lang='lat' dir='ltr'><strong>Habet,</strong></span> <span class='ocrx_word' id='word_1_151' title='bbox 1170 2686 1333 2778; x_wconf 87' lang='lat' dir='ltr'><strong>inquam,</strong></span> 
     </span>
     <span class='ocr_line' id='line_1_21' title="bbox 266 2801 1337 2895; baseline -0.002 -24"><span class='ocrx_word' id='word_1_152' title='bbox 266 2801 443 2873; x_wconf 88' lang='lat' dir='ltr'><strong>iracundia</strong></span> <span class='ocrx_word' id='word_1_153' title='bbox 466 2801 532 2871; x_wconf 90' lang='lat' dir='ltr'><strong>hoc</strong></span> <span class='ocrx_word' id='word_1_154' title='bbox 556 2801 656 2884; x_wconf 88' lang='lat' dir='ltr'><strong>mali,</strong></span> <span class='ocrx_word' id='word_1_155' title='bbox 683 2825 752 2872; x_wconf 89' lang='lat' dir='ltr'><strong>non</strong></span> <span class='ocrx_word' id='word_1_156' title='bbox 782 2801 855 2872; x_wconf 85' lang='lat' dir='ltr'><strong>vult</strong></span> <span class='ocrx_word' id='word_1_157' title='bbox 884 2803 971 2895; x_wconf 81' lang='lat' dir='ltr'><strong>regi.</strong></span> <span class='ocrx_word' id='word_1_158' title='bbox 1008 2803 1169 2872; x_wconf 84' lang='lat' dir='ltr'><strong>lraacitur</strong></span> <span class='ocrx_word' id='word_1_159' title='bbox 1197 2803 1337 2870; x_wconf 86' lang='lat' dir='ltr'><strong>veritati</strong></span> 
     </span>
     <span class='ocr_line' id='line_1_22' title="bbox 267 2917 1333 3014; baseline -0.001 -28"><span class='ocrx_word' id='word_1_160' title='bbox 267 2921 351 3014; x_wconf 89' lang='lat' dir='ltr'><strong>ipsi,</strong></span> <span class='ocrx_word' id='word_1_161' title='bbox 376 2920 406 2987; x_wconf 88' lang='lat' dir='ltr'><strong>si</strong></span> <span class='ocrx_word' id='word_1_162' title='bbox 425 2935 543 2988; x_wconf 87' lang='lat' dir='ltr'><strong>contra</strong></span> <span class='ocrx_word' id='word_1_163' title='bbox 564 2918 771 2988; x_wconf 79' lang='lat' dir='ltr'><strong>voluntatem</strong></span> <span class='ocrx_word' id='word_1_164' title='bbox 798 2941 891 2986; x_wconf 80' lang='lat' dir='ltr'><strong>auam</strong></span> <span class='ocrx_word' id='word_1_165' title='bbox 915 2919 1112 3012; x_wconf 88' lang='lat' dir='ltr'><strong>apparuerit</strong></span> <span class='ocrx_word' id='word_1_166' title='bbox 1133 2944 1141 2984; x_wconf 75' lang='grc' dir='ltr'><strong>ε</strong></span> <span class='ocrx_word' id='word_1_167' title='bbox 1162 2917 1333 3002; x_wconf 86' lang='lat' dir='ltr'><strong>clamore,</strong></span> 
     </span>
    </p>
   </div>
   <div class='ocr_carea' id='block_1_5' title="bbox 270 3159 1344 4343">
    <p class='ocr_par' dir='ltr' id='par_1_5' title="bbox 270 3159 1344 4343">
     <span class='ocr_line' id='line_1_23' title="bbox 288 3159 1338 3235; baseline -0.007 -14"><span class='ocrx_word' id='word_1_168' title='bbox 288 3163 668 3221; x_wconf 76' lang='lat' dir='ltr'><strong>1.Gmmn&#39;0.noeontiuimus</strong></span> <span class='ocrx_word' id='word_1_169' title='bbox 675 3159 777 3235; x_wconf 81' lang='lat' dir='ltr'><strong>posttri-</strong></span> <span class='ocrx_word' id='word_1_170' title='bbox 826 3161 884 3214; x_wconf 84' lang='lat' dir='ltr'><strong>dem</strong></span> <span class='ocrx_word' id='word_1_171' title='bbox 898 3161 989 3233; x_wconf 76' lang='lat' dir='ltr'><strong>rigoris</strong></span> <span class='ocrx_word' id='word_1_172' title='bbox 1003 3161 1086 3215; x_wconf 84' lang='lat' dir='ltr'><strong>insani</strong></span> <span class='ocrx_word' id='word_1_173' title='bbox 1099 3162 1267 3216; x_wconf 77' lang='lat' dir='ltr'><strong>inveniemus.</strong></span> <span class='ocrx_word' id='word_1_174' title='bbox 1282 3163 1338 3215; x_wconf 73' lang='lat' dir='ltr'><strong>Fa-</strong></span> 
     </span>
     <span class='ocr_line' id='line_1_24' title="bbox 271 3239 1337 3314; baseline -0.007 -14"><span class='ocrx_word' id='word_1_175' title='bbox 271 3245 368 3300; x_wconf 83' lang='lat' dir='ltr'><strong>bunnm</strong></span> <span class='ocrx_word' id='word_1_176' title='bbox 376 3245 492 3300; x_wconf 86' lang='lat' dir='ltr'><strong>centurio</strong></span> <span class='ocrx_word' id='word_1_177' title='bbox 504 3241 640 3296; x_wconf 83' lang='lat' dir='ltr'><strong>dimidiam</strong></span> <span class='ocrx_word' id='word_1_178' title='bbox 652 3239 777 3314; x_wconf 82' lang='lat' dir='ltr'><strong>manipuli</strong></span> <span class='ocrx_word' id='word_1_179' title='bbox 826 3254 894 3292; x_wconf 90' lang='lat' dir='ltr'><strong>ctum</strong></span> <span class='ocrx_word' id='word_1_180' title='bbox 904 3253 988 3294; x_wconf 84' lang='lat' dir='ltr'><strong>autem</strong></span> <span class='ocrx_word' id='word_1_181' title='bbox 999 3239 1106 3293; x_wconf 83' lang='lat' dir='ltr'><strong>lroeesse</strong></span> <span class='ocrx_word' id='word_1_182' title='bbox 1120 3239 1248 3313; x_wconf 77' lang='lat' dir='ltr'><strong>insyria,</strong></span> <span class='ocrx_word' id='word_1_183' title='bbox 1259 3241 1337 3293; x_wconf 81' lang='lat' dir='ltr'><strong>nobis</strong></span> 
     </span>
     <span class='ocr_line' id='line_1_25' title="bbox 270 3317 1337 3402; baseline -0.004 -24"><span class='ocrx_word' id='word_1_184' title='bbox 270 3321 496 3402; x_wconf 68' lang='lat' dir='ltr'><strong>partemlregebet,</strong></span> <span class='ocrx_word' id='word_1_185' title='bbox 507 3333 530 3374; x_wconf 85' lang='lat' dir='ltr'><strong>et</strong></span> <span class='ocrx_word' id='word_1_186' title='bbox 544 3319 620 3372; x_wconf 79' lang='lat' dir='ltr'><strong>variis</strong></span> <span class='ocrx_word' id='word_1_187' title='bbox 630 3319 778 3371; x_wconf 84' lang='lat' dir='ltr'><strong>muneribus</strong></span> <span class='ocrx_word' id='word_1_188' title='bbox 826 3319 928 3372; x_wconf 84' lang='lat' dir='ltr'><strong>velncn</strong></span> <span class='ocrx_word' id='word_1_189' title='bbox 940 3317 1103 3372; x_wconf 85' lang='lat' dir='ltr'><strong>monentibus</strong></span> <span class='ocrx_word' id='word_1_190' title='bbox 1112 3331 1238 3371; x_wconf 79' lang='lat' dir='ltr'><strong>assecutus</strong></span> <span class='ocrx_word' id='word_1_191' title='bbox 1249 3319 1337 3374; x_wconf 66' lang='lat' dir='ltr'><strong>tuate</strong></span> 
     </span>
     <span class='ocr_line' id='line_1_26' title="bbox 271 3395 1340 3477; baseline -0.007 -20"><span class='ocrx_word' id='word_1_192' title='bbox 271 3403 435 3477; x_wconf 70' lang='lat' dir='ltr'><strong>fungebatur,</strong></span> <span class='ocrx_word' id='word_1_193' title='bbox 446 3417 557 3472; x_wconf 51' lang='lat' dir='ltr'><strong>morum</strong></span> <span class='ocrx_word' id='word_1_194' title='bbox 563 3417 645 3450; x_wconf 77' lang='lat' dir='ltr'><strong>uuum</strong></span> <span class='ocrx_word' id='word_1_195' title='bbox 652 3397 780 3470; x_wconf 79' lang='lat' dir='ltr'><strong>suppliciis</strong></span> <span class='ocrx_word' id='word_1_196' title='bbox 827 3395 1078 3469; x_wconf 73' lang='lat' dir='ltr'><strong>-Milfivrtredd,</strong></span> <span class='ocrx_word' id='word_1_197' title='bbox 1091 3396 1266 3449; x_wconf 85' lang='lat' dir='ltr'><strong>Innocentiam</strong></span> <span class='ocrx_word' id='word_1_198' title='bbox 1281 3397 1340 3452; x_wconf 84' lang='lat' dir='ltr'><strong>scil.</strong></span> 
     </span>
     <span class='ocr_line' id='line_1_27' title="bbox 271 3473 1339 3557; baseline -0.01 -18"><span class='ocrx_word' id='word_1_199' title='bbox 271 3483 422 3538; x_wconf 77' lang='lat' dir='ltr'><strong>militaribus</strong></span> <span class='ocrx_word' id='word_1_200' title='bbox 432 3500 546 3557; x_wconf 73' lang='lat' dir='ltr'><strong>preesse·</strong></span> <span class='ocrx_word' id='word_1_201' title='bbox 827 3474 896 3544; x_wconf 83' lang='lat' dir='ltr'><strong>qnod</strong></span> <span class='ocrx_word' id='word_1_202' title='bbox 905 3473 983 3526; x_wconf 90' lang='lat' dir='ltr'><strong>modo</strong></span> <span class='ocrx_word' id='word_1_203' title='bbox 994 3491 1134 3546; x_wconf 80' lang='lat' dir='ltr'><strong>expressum</strong></span> <span class='ocrx_word' id='word_1_204' title='bbox 1144 3474 1233 3526; x_wconf 78' lang='lat' dir='ltr'><strong>iterare</strong></span> <span class='ocrx_word' id='word_1_205' title='bbox 1245 3475 1339 3528; x_wconf 85' lang='lat' dir='ltr'><strong>noluit.</strong></span> 
     </span>
     <span class='ocr_line' id='line_1_28' title="bbox 289 3551 1340 3631; baseline -0.01 -15"><span class='ocrx_word' id='word_1_206' title='bbox 289 3585 312 3616; x_wconf 77' lang='lat' dir='ltr'><strong>a.</strong></span> <span class='ocrx_word' id='word_1_207' title='bbox 322 3562 522 3631; x_wconf 69' lang='lat' dir='ltr'><strong>Spmtaunm.</strong></span> <span class='ocrx_word' id='word_1_208' title='bbox 535 3557 610 3613; x_wconf 84' lang='lat' dir='ltr'><strong>Miles</strong></span> <span class='ocrx_word' id='word_1_209' title='bbox 622 3575 677 3610; x_wconf 86' lang='lat' dir='ltr'><strong>rem</strong></span> <span class='ocrx_word' id='word_1_210' title='bbox 688 3573 780 3631; x_wconf 82' lang='lat' dir='ltr'><strong>ptena-</strong></span> <span class='ocrx_word' id='word_1_211' title='bbox 844 3553 869 3617; x_wconf 71' lang='lat'><strong>4.</strong></span> <span class='ocrx_word' id='word_1_212' title='bbox 885 3551 1018 3604; x_wconf 72' lang='lat' dir='ltr'><strong>Tn&#39;buml.</strong></span> <span class='ocrx_word' id='word_1_213' title='bbox 1037 3552 1117 3603; x_wconf 69' lang='lat' dir='ltr'><strong>laneus</strong></span> <span class='ocrx_word' id='word_1_214' title='bbox 1138 3551 1221 3604; x_wconf 85' lang='lat' dir='ltr'><strong>editus</strong></span> <span class='ocrx_word' id='word_1_215' title='bbox 1241 3551 1290 3606; x_wconf 78' lang='lat' dir='ltr'><strong>hnc</strong></span> <span class='ocrx_word' id='word_1_216' title='bbox 1310 3555 1340 3606; x_wconf 87' lang='lat' dir='ltr'><strong>in</strong></span> 
     </span>
     <span class='ocr_line' id='line_1_29' title="bbox 271 3628 1341 3712; baseline -0.012 -15"><span class='ocrx_word' id='word_1_217' title='bbox 271 3643 323 3696; x_wconf 83' lang='lat' dir='ltr'><strong>lem</strong></span> <span class='ocrx_word' id='word_1_218' title='bbox 334 3637 505 3696; x_wconf 79' lang='lat' dir='ltr'><strong>exercemtub</strong></span> <span class='ocrx_word' id='word_1_219' title='bbox 516 3638 632 3712; x_wconf 65' lang='lat' dir='ltr'><strong>presidio</strong></span> <span class='ocrx_word' id='word_1_220' title='bbox 646 3635 780 3690; x_wconf 81' lang='lat' dir='ltr'><strong>centurio·-</strong></span> <span class='ocrx_word' id='word_1_221' title='bbox 828 3641 1039 3702; x_wconf 73' lang='lat' dir='ltr'><strong>panerastrorum</strong></span> <span class='ocrx_word' id='word_1_222' title='bbox 1047 3628 1088 3681; x_wconf 84' lang='lat' dir='ltr'><strong>eui</strong></span> <span class='ocrx_word' id='word_1_223' title='bbox 1096 3632 1341 3700; x_wconf 76' lang='lat' dir='ltr'><strong>nomenprr&#39;ncipio,</strong></span> 
     </span>
     <span class='ocr_line' id='line_1_30' title="bbox 274 3707 1342 3788; baseline -0.01 -15"><span class='ocrx_word' id='word_1_224' title='bbox 274 3721 328 3786; x_wconf 86' lang='lat' dir='ltr'><strong>nis,-</strong></span> <span class='ocrx_word' id='word_1_225' title='bbox 342 3739 362 3772; x_wconf 81' lang='lat' dir='ltr'><strong>s.</strong></span> <span class='ocrx_word' id='word_1_226' title='bbox 380 3718 483 3772; x_wconf 78' lang='lat' dir='ltr'><strong>uibuui.</strong></span> <span class='ocrx_word' id='word_1_227' title='bbox 501 3715 540 3768; x_wconf 85' lang='lat' dir='ltr'><strong>Cl.</strong></span> <span class='ocrx_word' id='word_1_228' title='bbox 555 3717 637 3788; x_wconf 82' lang='lat' dir='ltr'><strong>intpp.</strong></span> <span class='ocrx_word' id='word_1_229' title='bbox 656 3714 690 3766; x_wconf 85' lang='lat' dir='ltr'><strong>ad</strong></span> <span class='ocrx_word' id='word_1_230' title='bbox 701 3713 780 3766; x_wconf 77' lang='lat' dir='ltr'><strong>Tacit.</strong></span> <span class='ocrx_word' id='word_1_231' title='bbox 830 3723 855 3761; x_wconf 88' lang='lat' dir='ltr'><strong>et</strong></span> <span class='ocrx_word' id='word_1_232' title='bbox 864 3709 977 3762; x_wconf 88' lang='lat' dir='ltr'><strong>Deorum</strong></span> <span class='ocrx_word' id='word_1_233' title='bbox 986 3707 1049 3774; x_wconf 83' lang='lat' dir='ltr'><strong>aris,</strong></span> <span class='ocrx_word' id='word_1_234' title='bbox 1060 3708 1342 3786; x_wconf 70' lang='lat' dir='ltr'><strong>imperantinmimagi·</strong></span> 
     </span>
     <span class='ocr_line' id='line_1_31' title="bbox 275 3787 1341 3862; baseline -0.008 -11"><span class='ocrx_word' id='word_1_235' title='bbox 275 3798 343 3852; x_wconf 82' lang='lat' dir='ltr'><strong>liist.</strong></span> <span class='ocrx_word' id='word_1_236' title='bbox 354 3799 383 3860; x_wconf 90' lang='lat'><strong>1,</strong></span> <span class='ocrx_word' id='word_1_237' title='bbox 396 3799 436 3862; x_wconf 70' lang='lat'><strong>2⁴.</strong></span> <span class='ocrx_word' id='word_1_238' title='bbox 447 3794 540 3848; x_wconf 77' lang='lat' dir='ltr'><strong>Arreti.</strong></span> <span class='ocrx_word' id='word_1_239' title='bbox 551 3794 611 3856; x_wconf 83' lang='lat' dir='ltr'><strong>XV,</strong></span> <span class='ocrx_word' id='word_1_240' title='bbox 626 3792 666 3862; x_wconf 73' lang='lat' dir='ltr'><strong>dp.</strong></span> <span class='ocrx_word' id='word_1_241' title='bbox 831 3789 904 3842; x_wconf 81' lang='lat' dir='ltr'><strong>nibus</strong></span> <span class='ocrx_word' id='word_1_242' title='bbox 913 3826 921 3853; x_wconf 81' lang='grc'><em>,</em></span> <span class='ocrx_word' id='word_1_243' title='bbox 930 3788 1028 3841; x_wconf 74' lang='lat' dir='ltr'><strong>vexillis</strong></span> <span class='ocrx_word' id='word_1_244' title='bbox 1039 3787 1181 3854; x_wconf 58' lang='lat' dir='ltr'><strong>decoram</strong></span> <span class='ocrx_word' id='word_1_245' title='bbox 1190 3802 1215 3841; x_wconf 88' lang='lat' dir='ltr'><strong>et</strong></span> <span class='ocrx_word' id='word_1_246' title='bbox 1226 3789 1268 3842; x_wconf 77' lang='lat' dir='ltr'><strong>laic</strong></span> <span class='ocrx_word' id='word_1_247' title='bbox 1278 3811 1341 3844; x_wconf 87' lang='lat' dir='ltr'><strong>eon·</strong></span> 
     </span>
     <span class='ocr_line' id='line_1_32' title="bbox 290 3866 1342 3936; baseline -0.007 -7"><span class='ocrx_word' id='word_1_248' title='bbox 290 3876 315 3928; x_wconf 82' lang='lat'><strong>3.</strong></span> <span class='ocrx_word' id='word_1_249' title='bbox 326 3876 490 3929; x_wconf 71' lang='lat' dir='ltr'><strong>Bedaium</strong></span> <span class='ocrx_word' id='word_1_250' title='bbox 497 3871 554 3924; x_wconf 76' lang='lat' dir='ltr'><strong>Pe.</strong></span> <span class='ocrx_word' id='word_1_251' title='bbox 565 3873 644 3926; x_wconf 75' lang='lat' dir='ltr'><strong>introc-</strong></span> <span class='ocrx_word' id='word_1_252' title='bbox 656 3872 781 3924; x_wconf 87' lang='lat' dir='ltr'><strong>innoeen-</strong></span> <span class='ocrx_word' id='word_1_253' title='bbox 830 3866 1133 3932; x_wconf 82' lang='lat' dir='ltr'><strong>cionabanturdnces,hic</strong></span> <span class='ocrx_word' id='word_1_254' title='bbox 1141 3866 1342 3936; x_wconf 77' lang='lat' dir='ltr'><strong>jurareddebant</strong></span> 
     </span>
     <span class='ocr_line' id='line_1_33' title="bbox 274 3945 1344 4024; baseline -0.007 -17"><span class='ocrx_word' id='word_1_255' title='bbox 274 3949 782 4024; x_wconf 61' lang='lat' dir='ltr'><strong>tiamquemamisereudamnendeinno·</strong></span> <span class='ocrx_word' id='word_1_256' title='bbox 831 3945 1344 4019; x_wconf 76' lang='lat' dir='ltr'><strong>tribuni,hicsoepiuspoeuaeexigebantnr.</strong></span> 
     </span>
     <span class='ocr_line' id='line_1_34' title="bbox 275 4025 1343 4102; baseline -0.007 -16"><span class='ocrx_word' id='word_1_257' title='bbox 275 4045 382 4086; x_wconf 69' lang='lat' dir='ltr'><strong>cenum.</strong></span> <span class='ocrx_word' id='word_1_258' title='bbox 394 4031 453 4084; x_wconf 85' lang='lat' dir='ltr'><strong>Nisi</strong></span> <span class='ocrx_word' id='word_1_259' title='bbox 461 4031 530 4082; x_wconf 88' lang='lat' dir='ltr'><strong>enim</strong></span> <span class='ocrx_word' id='word_1_260' title='bbox 539 4031 647 4084; x_wconf 87' lang='lat' dir='ltr'><strong>militem</strong></span> <span class='ocrx_word' id='word_1_261' title='bbox 659 4031 719 4102; x_wconf 88' lang='lat' dir='ltr'><strong>‚qui</strong></span> <span class='ocrx_word' id='word_1_262' title='bbox 728 4051 781 4084; x_wconf 84' lang='lat' dir='ltr'><strong>non</strong></span> <span class='ocrx_word' id='word_1_263' title='bbox 848 4031 872 4080; x_wconf 89' lang='grc'><strong>5.</strong></span> <span class='ocrx_word' id='word_1_264' title='bbox 881 4027 987 4080; x_wconf 75' lang='lat' dir='ltr'><strong>Etcum</strong></span> <span class='ocrx_word' id='word_1_265' title='bbox 999 4029 1046 4094; x_wconf 85' lang='lat' dir='ltr'><strong>qui</strong></span> <span class='ocrx_word' id='word_1_266' title='bbox 1054 4025 1234 4092; x_wconf 66' lang='lat' dir='ltr'><strong>conpererat.</strong></span> <span class='ocrx_word' id='word_1_267' title='bbox 1255 4025 1343 4078; x_wconf 81' lang='lat' dir='ltr'><strong>Verbo</strong></span> 
     </span>
     <span class='ocr_line' id='line_1_35' title="bbox 274 4103 1344 4176; baseline -0.007 -10"><span class='ocrx_word' id='word_1_268' title='bbox 274 4108 350 4166; x_wconf 84' lang='lat' dir='ltr'><strong>timul</strong></span> <span class='ocrx_word' id='word_1_269' title='bbox 356 4109 473 4176; x_wconf 85' lang='lat' dir='ltr'><strong>redierat,</strong></span> <span class='ocrx_word' id='word_1_270' title='bbox 479 4110 652 4165; x_wconf 83' lang='lat' dir='ltr'><strong>concreditum</strong></span> <span class='ocrx_word' id='word_1_271' title='bbox 658 4113 732 4166; x_wconf 82' lang='lat' dir='ltr'><strong>lirisse</strong></span> <span class='ocrx_word' id='word_1_272' title='bbox 737 4126 782 4166; x_wconf 76' lang='lat' dir='ltr'><strong>ets·</strong></span> <span class='ocrx_word' id='word_1_273' title='bbox 832 4121 929 4163; x_wconf 78' lang='lat' dir='ltr'><strong>tantum</strong></span> <span class='ocrx_word' id='word_1_274' title='bbox 940 4124 1090 4171; x_wconf 84' lang='lat' dir='ltr'><strong>monemus,</strong></span> <span class='ocrx_word' id='word_1_275' title='bbox 1104 4103 1162 4158; x_wconf 83' lang='lat' dir='ltr'><strong>illos</strong></span> <span class='ocrx_word' id='word_1_276' title='bbox 1173 4105 1238 4158; x_wconf 82' lang='lat' dir='ltr'><strong>duos</strong></span> <span class='ocrx_word' id='word_1_277' title='bbox 1249 4105 1344 4161; x_wconf 82' lang='lat' dir='ltr'><strong>milites</strong></span> 
     </span>
     <span class='ocr_line' id='line_1_36' title="bbox 271 4183 1344 4258; baseline -0.007 -14"><span class='ocrx_word' id='word_1_278' title='bbox 271 4203 375 4244; x_wconf 78' lang='lat' dir='ltr'><strong>tuamne</strong></span> <span class='ocrx_word' id='word_1_279' title='bbox 393 4189 454 4244; x_wconf 85' lang='lat' dir='ltr'><strong>lidei</strong></span> <span class='ocrx_word' id='word_1_280' title='bbox 472 4191 589 4258; x_wconf 79' lang='lat' dir='ltr'><strong>alterius,</strong></span> <span class='ocrx_word' id='word_1_281' title='bbox 603 4192 644 4244; x_wconf 85' lang='lat' dir='ltr'><strong>eui</strong></span> <span class='ocrx_word' id='word_1_282' title='bbox 663 4193 710 4246; x_wconf 87' lang='lat' dir='ltr'><strong>Cn.</strong></span> <span class='ocrx_word' id='word_1_283' title='bbox 723 4192 782 4244; x_wconf 82' lang='lat' dir='ltr'><strong>Piso</strong></span> <span class='ocrx_word' id='word_1_284' title='bbox 831 4191 875 4246; x_wconf 86' lang='lat' dir='ltr'><strong>hic</strong></span> <span class='ocrx_word' id='word_1_285' title='bbox 884 4185 1052 4258; x_wconf 77' lang='lat' dir='ltr'><strong>intelligi,qui</strong></span> <span class='ocrx_word' id='word_1_286' title='bbox 1060 4196 1203 4237; x_wconf 82' lang='lat' dir='ltr'><strong>commeatu</strong></span> <span class='ocrx_word' id='word_1_287' title='bbox 1212 4183 1344 4250; x_wconf 75' lang='lat' dir='ltr'><strong>asierant3</strong></span> 
     </span>
     <span class='ocr_line' id='line_1_37' title="bbox 274 4262 1249 4343; baseline -0.009 -21"><span class='ocrx_word' id='word_1_288' title='bbox 274 4279 402 4343; x_wconf 79' lang='lat' dir='ltr'><strong>tantopere</strong></span> <span class='ocrx_word' id='word_1_289' title='bbox 409 4269 612 4337; x_wconf 79' lang='lat' dir='ltr'><strong>irascebatur,ne</strong></span> <span class='ocrx_word' id='word_1_290' title='bbox 620 4271 784 4339; x_wconf 77' lang='lat' dir='ltr'><strong>causamqui·</strong></span> <span class='ocrx_word' id='word_1_291' title='bbox 833 4291 865 4322; x_wconf 87' lang='lat' dir='ltr'><strong>ne</strong></span> <span class='ocrx_word' id='word_1_292' title='bbox 876 4268 932 4340; x_wconf 86' lang='lat' dir='ltr'><strong>qais</strong></span> <span class='ocrx_word' id='word_1_293' title='bbox 944 4265 975 4320; x_wconf 85' lang='lat' dir='ltr'><strong>de</strong></span> <span class='ocrx_word' id='word_1_294' title='bbox 983 4263 1135 4339; x_wconf 78' lang='lat' dir='ltr'><strong>speculatore</strong></span> <span class='ocrx_word' id='word_1_295' title='bbox 1148 4262 1249 4333; x_wconf 82' lang='lat' dir='ltr'><strong>cogitet</strong></span> 
     </span>
    </p>
   </div>
   <div class='ocr_carea' id='block_1_6' title="bbox 0 0 1480 4958">
    <p class='ocr_par' dir='ltr' id='par_1_6' title="bbox 0 0 1480 4958">
     <span class='ocr_line' id='line_1_38' title="bbox 0 0 1480 4958; baseline 0 0"><span class='ocrx_word' id='word_1_296' title='bbox 0 0 1480 4958; x_wconf 95' lang='lat' dir='ltr'><strong> </strong></span> 
     </span>
    </p>
   </div>
  </div>
 </body>
</html>
