2926 4958
316 441 368 507 cir
498 437 528 506 J.
556 439 721 507 LIPSll
746 438 1213 510 MANUDUCTIONIS

314 564 348 642 in
359 579 451 643 Sexto
465 575 624 663 Empirico
635 579 695 661 legi
709 602 717 636 ι
732 593 761 642 et
776 579 807 640 in
822 583 931 642 eodem
947 580 1025 642 hanc
1043 582 1222 644 sententiam
1234 604 1297 644 non
1316 583 1388 646 l‘ar-v

316 685 449 758 menidi,
465 687 519 747 sed
529 684 719 768 Nausiphani
734 683 873 747 adscribi.
888 713 903 740 α
913 683 1139 768 Nausiphanis,
1155 687 1269 768 inquit,
1282 691 1386 772 dogma

315 801 400 865 erat,
424 785 660 848 Universitatem
683 807 749 847 esse
764 806 892 847 unum.»
916 783 972 846 llle
997 785 1197 871 Nausiphani,
1218 786 1305 851 Plato
1320 787 1388 850 alihi

315 892 500 977 Xenophanl
520 906 550 954 et
567 889 712 954 Eleaticis
730 893 874 976 adsignat
896 890 1033 955 «Omnia
1048 917 1112 977 que
1132 896 1284 972 dicunnrr,
1300 917 1387 956 unum

316 1022 393 1064 esse.
409 1027 424 1054 n
440 998 497 1082 (ln
513 997 687 1083 sophista.)
706 996 790 1079 Quid
800 997 959 1076 Euclides,
975 1021 1066 1081 aquo
1079 999 1253 1086 Megarici?
1267 1001 1387 1070 «Unum

314 1108 431 1170 honum
454 1128 519 1170 esse
536 1129 543 1166 ε
560 1119 592 1168 ct
607 1105 689 1168 hono
707 1106 866 1189 opposita,
888 1127 945 1170 nec
962 1129 1038 1170 esse.
1052 1134 1068 1162 υ
1094 1106 1186 1189 Quod
1208 1109 1239 1170 in
1256 1110 1388 1170 eamdem

201 1255 205 1264 ι
314 1214 398 1275 mam
412 1233 517 1274 sensns
531 1212 622 1273 venit.
631 1211 656 1272 J
657 1233 707 1273 am
723 1213 857 1295 sequitur
870 1215 907 1275 de
922 1213 1046 1276 Zenone
1057 1212 1164 1277 Eleate
1175 1261 1185 1288 ,
1197 1216 1249 1297 qui
1263 1216 1387 1276 «omnia

315 1319 436 1403 negotia
447 1320 485 1380 de
496 1318 618 1402 negotio
630 1319 755 1400 dejecit:
767 1319 825 1393 ait,
836 1321 918 1382 enirn
926 1367 934 1398 ‚
943 1321 1018 1382 nihil
1031 1343 1106 1384 esse.
1115 1349 1130 1376 o
1142 1321 1249 1384 Verba
1257 1336 1388 1405 suspecta

317 1439 404 1501 sunt;
418 1437 449 1486 et
462 1422 622 1486 Pincianus
636 1424 773 1501 monuit,
795 1446 812 1486 a
827 1425 979 1509 plerisque
993 1426 1079 1489 libris
1093 1428 1154 1490 suis
1168 1427 1241 1504 illa,
1262 1457 1277 1482 ιι
1291 1431 1327 1490 de
1336 1450 1389 1488 ne-

316 1532 400 1616 gotio
414 1559 429 1584 n
443 1575 452 1606 ,
469 1530 585 1592 abesse.
610 1528 646 1592 ln
660 1531 737 1592 meis
748 1533 869 1615 reperi,
894 1533 1012 1594 fateor:
1026 1547 1128 1597 tamen
1141 1533 1322 1618 interpolata
1332 1535 1389 1596 haec

317 1661 447 1717 censeo,
467 1638 710 1722 legendrunqne:
731 1639 840 1700 «omni
852 1641 1001 1724 anegotio
1012 1641 1153 1722 dejecit»
1169 1687 1178 1715 ,
1196 1641 1386 1725 siveplacet:

319 1773 334 1800 a
344 1745 427 1806 omni
442 1748 479 1809 de
494 1745 617 1830 negotio
628 1773 642 1799 o
655 1790 664 1822 ,
680 1747 761 1826 qnod
774 1746 805 1805 in
817 1745 995 1827 quibusdam
1006 1747 1121 1810 scilicet
1130 1747 1217 1810 libris
1229 1748 1387 1833 scriptum,

318 1873 424 1916 ansam
438 1853 520 1915 dedit
532 1866 692 1934 utrumqne
703 1852 852 1937 ponendi,
866 1868 899 1914 nt
913 1854 966 1932 fit,
982 1866 1012 1916 et
1025 1855 1249 1938 corrumpendi.
1260 1852 1389 1918 Senten-

317 1960 359 2021 tia
371 1973 432 2022 ests
443 1959 527 2021 Zeno
540 1957 665 2022 Eleates
675 1959 816 2022 molestia
824 1981 881 2023 nos
892 1960 1043 2035 liberarit,
1055 1973 1086 2023 et
1094 1962 1177 2024 omni
1187 1962 1387 2043 inquisitione:

318 2085 391 2126 narn
408 2065 469 2137 ait,
490 2065 565 2126 nihil
580 2087 657 2128 esse.
675 2063 737 2129 Sed
753 2066 815 2129 haec
828 2067 907 2129 mira
912 2112 928 2144 ,
944 2080 975 2129 et
988 2067 1098 2130 eximie
1115 2067 1196 2130 satna
1212 2083 1263 2130 aut
1277 2068 1394 2152 sapiens

319 2173 485 2248 sententia;
503 2193 559 2234 nec
577 2173 654 2234 mihi
673 2194 752 2237 nunc
766 2174 924 2258 capienda.
942 2172 991 2234 An
1011 2176 1050 2236 ad
1064 2187 1270 2258 contemptum
1293 2195 1391 2238 rerum

319 2279 440 2356 retulit,
455 2277 553 2340 Nihili
565 2278 628 2342 hec
643 2285 720 2358 (non
734 2293 836 2341 tamen
857 2279 961 2360 Nihil)
980 2281 1070 2342 esse?
1085 2280 1177 2342 velim
1190 2306 1197 2352 t
1221 2292 1251 2342 et
1267 2280 1312 2342 sic
1330 2281 1392 2340 lan-

319 2389 406 2464 dem,
424 2407 486 2448 non
503 2385 602 2448 solum
618 2386 757 2448 tolerem.
771 2383 926 2460 sialiter,
940 2389 1021 2448 etde
1041 2387 1107 2469 ipsa
1121 2387 1298 2462 existentia,
1320 2387 1392 2448 elle-

319 2496 398 2558 horo
420 2493 483 2558 haec
506 2508 604 2578 egent.
626 2491 778 2558 Caeterum
792 2494 876 2556 Zeno
896 2491 1021 2556 Eleates
1043 2515 1191 2575 nusquam
1213 2496 1297 2568 tale,
1318 2494 1392 2577 apud

318 2599 475 2664 Laertium
487 2602 610 2682 quidem
626 2625 634 2661 ι
650 2600 703 2662 uhi
713 2601 854 2683 dogmata
866 2600 930 2681 ejus
944 2600 1081 2675 diversa,
1095 2603 1149 2663 sed
1162 2623 1218 2664 nec
1230 2601 1305 2664 alibi
1316 2621 1392 2664 cour-

319 2708 446 2770 memini
459 2708 577 2790 legisse.
593 2706 716 2769 Viderit
731 2704 858 2770 Seneca.
878 2704 956 2767 lllud
976 2707 1007 2766 in
1022 2705 1114 2769 Sexto
1132 2707 1290 2770 consimile
1301 2711 1392 2770 adno-

318 2815 401 2892 tavi,
419 2817 457 2877 dc
475 2811 591 2899 Gorgia
609 2811 761 2876 Leontino
779 2837 786 2873 ι
803 2841 817 2870 u
829 2811 859 2876 ls
875 2813 1011 2885 librum,
1034 2814 1151 2895 inquit,
1168 2814 1289 2899 scripsit
1303 2815 1339 2876 de
1358 2833 1391 2874 eo

319 2918 411 3001 Quod
421 2939 484 2982 non
498 2935 563 2998 est,
576 2923 607 2982 in
619 2943 678 3004 quo
691 2921 844 2984 constituit
857 2921 915 2982 tria
927 2921 1037 3005 capita.
1047 2919 1152 2982 Unum
1163 2921 1287 3002 quidem
1298 2934 1328 2982 et
1337 2919 1393 3003 pri-

319 3048 421 3103 mum,
437 3026 531 3109 Quod
543 3029 618 3090 nihil
633 3029 671 3090 sit
684 3051 691 3087 2
708 3029 837 3090 alterum
848 3074 856 3106 ‚
872 3025 964 3108 Quod
976 3041 1006 3090 et
1016 3029 1041 3090 si
1053 3027 1090 3090 sit
1103 3074 1111 3106 ,
1127 3027 1345 3112 comprehendi
1357 3024 1392 3087 ah

318 3137 442 3200 homine
454 3158 517 3198 non
527 3137 641 3220 possit,
652 3137 793 3213 tertium,
814 3133 918 3198 Etiam
930 3136 955 3199 si
964 3137 1079 3220 possit,
1102 3158 1163 3198 non
1178 3151 1281 3198 tamen
1295 3131 1393 3198 efferri

285 3261 288 3270 ’
318 3258 371 3311 ant
384 3244 550 3309 enunciari.
561 3271 576 3298 n
587 3283 588 3287 =
598 3243 610 3327 (
622 3244 700 3306 Λᾶν.
718 3243 867 3306 Mathem.
885 3266 910 3308 e.
926 3246 965 3306 de
980 3240 1122 3308 Criterio.
1139 3243 1226 3306 Adde
1245 3239 1392 3330 Pyrrhon.

321 3354 403 3441 Hyp.
419 3353 463 3430 ll,
478 3375 505 3417 e.
519 3375 553 3415 ιι
565 3352 705 3428 ibidem.)
716 3350 788 3414 Heu
799 3354 893 3414 rana!
907 3366 937 3414 et
946 3364 980 3415 ut
989 3374 1059 3416 cum
1070 3350 1186 3416 Seneca
1196 3353 1389 3434 redarguam,

321 3488 336 3516 a
347 3459 431 3542 Quid
445 3482 518 3544 ergo
529 3479 586 3522 uos
598 3459 721 3522 sumus?
737 3459 810 3541 quid
823 3460 901 3538 ista,
918 3481 981 3540 quae
993 3480 1049 3521 nos
1060 3459 1273 3535 circumstant,
1297 3455 1390 3528 alunt,

319 3568 485 3631 sustinent?
500 3580 563 3629 tota
581 3588 686 3629 rerum
700 3579 807 3628 natura
825 3566 935 3628 umbra
958 3580 1022 3643 est,
1042 3581 1095 3630 ant
1114 3566 1211 3627 inanis
1226 3579 1279 3627 ant
1296 3562 1391 3626 lallax.

321 3674 393 3737 Non
405 3675 493 3766 facile
505 3676 650 3754 dixerim,
664 3683 769 3738 utrum·
774 3675 871 3758 magis
881 3676 996 3738 irascar
1007 3673 1067 3736 illis
1079 3720 1088 3750 ,
1102 3675 1153 3755 qui
1164 3693 1221 3736 nos
1232 3671 1309 3734 nihil
1320 3669 1391 3732 scire

321 3782 501 3858 voluerunt;
516 3803 554 3847 an
565 3784 645 3865 illis,
663 3784 715 3866 qui
729 3803 767 3846 ne
781 3782 840 3864 hoc
857 3782 978 3864 quidem
995 3781 1084 3843 nohis
1099 3780 1307 3861 reliquerunt,
1322 3773 1393 3839 nihil

311 3908 438 3952 notre.»
