2886 4958
484 477 661 546 conor
686 477 756 548 m.
1090 485 1154 578 ιρι

81 619 318 699 contemptum
334 629 370 674 ae
383 604 543 700 judicat:
564 623 601 676 et
614 609 672 677 bic
688 631 819 678 morsus
831 633 900 680 non
919 613 994 678 sine
1011 611 1157 703 quadam

80 721 276 793 humilitate
289 725 394 793 enimi
406 727 538 807 evenit,
550 727 792 819 supprimentis
803 749 839 795 se
849 750 889 797 ac
901 726 1153 800 descendentis.

79 839 228 932 Sapiens
241 855 354 909 autem
366 865 389 909 a
400 840 495 910 nullo
508 843 758 924 contemnitur,
778 841 1050 936 magnitudinem
1063 865 1158 914 suem
1183 871 1199 922 ι

80 958 181 1026 novit
198 982 207 1022 ι
226 952 534 1049 nullique‘tantum
548 956 642 1028 dese
662 957 767 1027 licere
786 962 983 1028 renuntiat¹
1009 962 1074 1030 sibi
1091 989 1100 1029 :
1124 979 1160 1031 et

80 1093 204 1140 omnes
226 1072 288 1140 bas
307 1097 394 1164 quas
410 1096 480 1142 non
499 1072 652 1142 miserias
670 1075 885 1158 animorum,
907 1073 970 1144 sed
988 1077 1158 1146 molestias
1175 1079 1183 1090 “

79 1185 254 1269 dixerim,
276 1210 346 1256 non
370 1187 497 1271 vincit,
523 1186 646 1258 sedne
672 1190 777 1258 sentit
797 1187 948 1282 quidem.
979 1190 1056 1260 Alia
1080 1210 1158 1261 sunt

79 1327 165 1397 quae
180 1303 367 1396 sapientem
383 1303 534 1386 feriunt,
551 1304 681 1374 etiamsi
693 1329 762 1374 non
771 1322 974 1398 pervertunt
989 1333 996 1374 :
1012 1323 1051 1375 ut
1062 1307 1158 1377 dolor

80 1421 266 1513 corporis,
295 1436 331 1488 et
359 1418 516 1488 debilitas
540 1423 576 1503 ¹,
607 1435 666 1488 aut
693 1419 878 1488 amicorum
903 1421 1157 1516 liberorumque

79 1537 246 1619 amissio,
274 1552 311 1604 et
326 1537 445 1629 patriae
464 1536 555 1605 bello
579 1535 756 1630 flagrantis
778 1535 961 1605 calamitas.
986 1539 1068 1607 liaec
1087 1563 1157 1608 non

79 1675 176 1746 nego
196 1652 323 1720 sentire
341 1653 529 1745 sapientem
555 1677 563 1718 ι
590 1675 655 1720 nec
673 1651 765 1720 enim
782 1648 905 1746 lapidis
927 1651 978 1719 illi
996 1651 1156 1722 duritiam

80 1769 212 1838 ferrive
237 1769 442 1854 asserimus3
464 1767 559 1838 nulla
581 1769 691 1838 virtus
714 1783 788 1850 est,
812 1791 889 1862 que
915 1793 983 1836 non
1005 1771 1152 1854 sentias,

79 1877 258 1982 perpeti³.

130 2001 200 2070 xl.
222 1997 318 2094 Quid
339 2023 423 2093 ergo
446 1999 527 2068 est?
543 1997 720 2092 Quosdam
741 1999 830 2068 ictus
846 1997 969 2090 recipit
990 2023 999 2064 ι
1020 1999 1082 2067 sed
1100 2025 1156 2070 re·
1183 2029 1193 2061 ι

79 2129 202 2208 ceptos
216 2114 369 2197 evincit,
384 2127 501 2198 sanat,
519 2128 554 2181 et
570 2105 789 2207 comprimit⁴
804 2140 814 2198 ς
830 2111 904 2180 baec
922 2135 1004 2180 vero
1024 2114 1155 2182 minora

80 2254 124 2298 ne
138 2230 247 2298 sentit
258 2228 417 2321 quidem,
428 2253 493 2298 nec
501 2227 663 2298 adversus
674 2251 714 2296 ea
726 2226 823 2298 solito
836 2227 896 2296 illa
908 2228 1033 2298 virtute
1046 2231 1154 2299 utitur

80 2344 173 2414 dura
202 2345 369 2414 tolerandi
394 2371 402 2412 ι
430 2345 492 2414 sed
515 2361 666 2414 autnon
692 2359 852 2427 annotat,
878 2360 937 2412 out
958 2343 1063 2440 diffisa
1081 2347 1152 2413 risu

77 2477 193 2556 putat.
214 2463 402 2546 Praeterea,
425 2485 531 2556 quum
549 2485 705 2556 magnam
723 2475 856 2555 partem
874 2463 1153 2530 contumeliarum

77 2577 225 2671 superbi
243 2577 498 2671 insolentesque
510 2578 657 2660 iaciant,
681 2591 716 2645 et
730 2577 817 2646 male
832 2577 1025 2646 felicitatem
1040 2577 1154 2645 fcren-

78 2710 131 2764 tes
149 2721 158 2762 ι
174 2693 280 2763 babet
291 2717 359 2787 quo
373 2696 474 2764 istum
486 2694 644 2762 affectum
654 2692 807 2762 inflatum
822 2708 981 2787 respuat,
998 2691 1154 2787 pulcher·

78 2813 204 2880 rimam
221 2812 382 2882 virtutem
399 2812 573 2895 omnium,
595 2811 699 2880 animi
718 2802 930 2892 sanitatem⁵,
951 2809 1154 2904 magnitudi-

77 2951 243 3022 nemque.
264 2928 327 2996 Illa
349 2927 519 3021 quidquid
545 2925 739 3021 hujusmodi
763 2943 838 3012 est,
862 2929 1086 3012 transcurrit,
1113 2943 1153 2994 ut

77 3065 186 3112 vanas
198 3045 405 3112 somniorum
421 3043 573 3138 species,
590 3044 750 3135 visusque
764 3058 948 3112 nocturnos
963 3094 972 3126 ,
989 3043 1077 3110 nihil
1090 3044 1153 3110 ba-

77 3161 203 3228 bentes
219 3157 318 3227 solidi
337 3174 440 3251 atque
456 3159 544 3228 veri.
562 3157 670 3228 Simul
689 3154 776 3226 illud
795 3160 941 3253 cogitat,
963 3182 1078 3227 omnes
1095 3159 1152 3227 in·
1179 3210 1193 3242 ,

77 3275 225 3342 seriores
241 3293 336 3356 esse,
356 3295 459 3364 quom
481 3290 520 3340 ut
541 3271 610 3342 illis
628 3271 770 3342 audacia
789 3275 834 3342 sit
856 3289 950 3342 tanto
969 3273 1152 3342 excelsiora

74 3492 136 3548 jora
146 3481 389 3549 malatnsmrfiec
397 3480 591 3556 exiqusnotore.
674 3483 719 3536 xl.
732 3487 803 3538 Atto.
817 3485 924 3558 Sapiens
935 3486 1100 3540 contumelias
1109 3500 1152 3540 aut

113 3583 136 3617 ι.
147 3561 358 3614 Rmunttmtbi-
370 3557 441 3612 Dicit
451 3559 509 3613 sibi.
640 3563 802 3628 transcurrit,
815 3578 858 3616 aut
866 3565 917 3616 risu
925 3563 1013 3636 ὥςιιιε
1021 3577 1099 3638 putat.

111 3665 136 3698 2.
147 3641 288 3694 Debila'los.
303 3639 422 3714 Corporis
440 3639 575 3693 mutilatio.
673 3642 698 3708 4.
711 3640 1029 3710 Quosdam...rompra'mit.
1043 3641 1151 3698 Consde

110 3723 137 3776 3.
147 3721 235 3775 Nullo
257 3723 341 3774 virosa
363 3729 468 3775 est..·.....
473 3723 574 3790 perpeti
581 3739 589 3773 ι
641 3723 688 3774 lra.
696 3721 739 3774 lib.
750 3723 773 3787 1,
784 3741 837 3796 cap.
852 3722 890 3786 eb,
902 3721 926 3775 6.
938 3741 975 3793 sq.
984 3721 1044 3792 ibiq.
1056 3736 1149 3776 notata.

78 3800 203 3874 Exemplo
214 3811 250 3852 est
261 3798 390 3871 Diogenes
400 3798 564 3874 Sinopensis,
575 3818 591 3850 a
674 3805 696 3856 5.
706 3801 800 3854 Animi
809 3803 958 3853 sanitatem.
969 3802 989 3854 l.
997 3819 1019 3853 e.
1026 3812 1091 3854 recta
1100 3799 1150 3852 de-

78 3879 165 3952 bipsio
177 3878 210 3931 ad
219 3877 274 3932 b.l.
288 3875 421 3944 laudatus,
440 3877 485 3950 qui
500 3877 586 3930 bieme
635 3890 701 3940 creta
709 3873 869 3940 animitverae
876 3876 1005 3950 sapientire
1012 3878 1148 3948 proprium.

76 3969 187 4008 statuam
198 3975 294 4011 eneam
303 3956 430 4028 amplexus
440 3957 543 4010 Lacone
553 3957 592 4008 in·
642 3957 757 4010 Fortasse
769 3947 870 4030 quoque
885 3953 976 4022 delta.
985 3953 1029 4008 lib.
1039 3955 1086 4020 lll,
1094 3976 1148 4030 cap.

76 4048 224 4110 terrogants
235 4053 242 4089 ι
253 4053 285 4086 an
294 4032 380 4109 riges?
398 4054 423 4087 se
434 4033 529 4088 sentire
539 4054 592 4086 ne-
645 4053 668 4098 s,
679 4033 702 4087 3.
714 4045 812 4105 praestat
822 4031 910 4086 eodem
921 4051 995 4086 sensu
1007 4031 1149 4108 intelligere

79 4113 157 4186 gavit.
172 4113 243 4184 Quid
252 4133 329 4186 erqo,
340 4111 425 4183 iuquit
434 4113 593 4184 taemmsgs
642 4115 669 4164 eb
683 4132 698 4163 a
710 4112 815 4164 sanitate
822 4110 976 4178 desciscere,
989 4112 1060 4184 quod
1072 4113 1109 4166 ibi
1117 4113 1148 4166 de

79 4211 143 4244 num
158 4189 244 4244 sacis?
263 4191 392 4247 Plutarch.
410 4189 437 4242 in
459 4191 592 4243 Laconum
641 4191 736 4244 morbis
747 4191 867 4264 cepimus.
887 4189 970 4244 Sanus
991 4189 1059 4244 enim
1072 4210 1148 4244 nemo

80 4267 267 4344 Apopbtbegm.
642 4267 691 4321 nisi
701 4267 798 4342 sapiens
807 4280 843 4320 est
856 4267 954 4321 Stoicis.
