2896 4954
305 459 365 524 15⁰
745 465 813 532 DE
836 465 923 534 tat

298 603 413 657 tunam
428 615 436 656 ε
453 607 596 660 stantem
617 594 708 661 enim
728 593 1040 688 praenavigabamus
1055 622 1065 678 ς
1082 617 1173 662 nunc
1191 617 1292 662 cansa
1310 593 1362 660 di-

260 696 384 770 trote
406 707 583 795 queritur.
612 711 654 774 Et
679 708 752 774 baec
778 707 958 802 cogitanda
981 725 1061 776 sunt
1087 707 1257 800 exempla,
1286 731 1361 798 quae

299 822 402 906 vites,
414 837 448 890 et
459 823 516 890 illa
527 847 546 892 c
558 824 728 892 contrario
740 871 750 905 ‚
763 849 839 914 quae
848 825 1023 916 sequaris,
1041 821 1232 902 moderata,
1249 817 1358 901 lenia',

298 937 424 1028 quibus
435 963 499 1008 nec
511 939 557 1008 ad
571 939 785 1010 irascendum
802 965 904 1010 causa
918 939 1048 1024 defuit,
1064 963 1129 1009 nec
1139 937 1184 1007 ad
1196 940 1363 1008 ulciscen-

299 1051 379 1122 dum
397 1069 556 1146 potestas.
581 1055 677 1148 Quid
699 1058 791 1126 enim
811 1055 943 1124 facilius
966 1056 1030 1124 fuit
1049 1055 1238 1148 Antigono,
1260 1077 1362 1146 quam

299 1165 384 1236 duos
401 1168 627 1261 manipulares
648 1167 727 1238 duci
745 1170 892 1262 jubere,
909 1172 970 1264 qui
990 1169 1244 1240 incumbentes¹
1266 1170 1363 1262 regio

300 1284 541 1353 tabernaculo²
557 1283 747 1365 iaciebant,
764 1283 858 1375 quod
871 1285 1025 1354 homines
1037 1303 1073 1354 et
1083 1283 1365 1378 periculosissime

299 1415 334 1469 et
346 1400 567 1470 libentissime
582 1399 734 1484 faciunt,
751 1399 794 1468 de
807 1425 889 1494 rege
902 1425 964 1470 suo
978 1402 1064 1470 male
1076 1396 1088 1436 ³
1104 1401 1368 1470 existimabant?

300 1517 465 1586 Audierat
482 1519 594 1590 omnia
606 1511 834 1610 Antigonnsl,
852 1533 969 1610 utpote
986 1542 1090 1610 quum
1105 1519 1196 1586 inter
1213 1516 1368 1585 dicentes

300 1647 335 1700 et
351 1633 545 1702 audientem
567 1631 658 1725 palla
677 1633 857 1702 interesset
881 1658 889 1700 ε
913 1657 1015 1724 quam
1039 1633 1099 1701 ille
1123 1633 1245 1702 leviter
1269 1657 1364 1702 com·

302 1750 426 1830 movit,
454 1765 510 1832 ct,
541 1749 754 1842 «Longius,
785 1749 919 1840 inquit,
943 1745 1131 1830 discedite,
1160 1772 1284 1818 nevos
1306 1772 1370 1816 rex

261 1876 276 1926 ³
301 1864 429 1939 audiat.
453 1893 470 1929 u
491 1863 585 1934 ldem
603 1863 750 1958 quadam
770 1879 891 1948 nocte,
918 1889 1024 1956 quum
1047 1863 1209 1958 quosdam
1235 1889 1277 1934 ex
1302 1867 1370 1934 mi-

301 1982 424 2064 litibus,
440 1980 510 2050 suis
536 1979 745 2062 exaudisset,
769 1982 882 2048 omnia
909 1980 996 2050 mala
1020 1982 1244 2074 imprecantes
1266 1983 1365 2076 regi,

302 2098 362 2190 qui
375 2099 465 2191 ipsos
478 2097 514 2166 in
530 2095 617 2166 illud
631 2099 696 2166 iter
713 2113 748 2164 ct
765 2097 1000 2168 inextricabile
1019 2097 1128 2166 lutum
1149 2097 1367 2178 deduxisset,

300 2216 441 2284 accessit
454 2212 499 2282 ad
517 2237 575 2284 eos
594 2215 654 2306 qui
675 2215 816 2281 maxime
837 2211 1036 2282 laborabant
1061 2241 1069 2280 :
1090 2229 1124 2282 et
1141 2238 1246 2306 quum
1266 2217 1369 2310 igno-

301 2345 414 2399 rantes
426 2354 447 2398 a
459 2353 527 2421 quo
540 2328 805 2421 adjuvarentur,
823 2328 1057 2422 explicuisset:
1074 2357 1092 2389 o
1103 2332 1218 2412 Nunc,
1235 2331 1369 2422 inquit,

302 2444 492 2514 maledicite
509 2444 704 2538 Antigono,
730 2443 827 2538 cujus
845 2445 928 2513 vitio
953 2445 989 2512 in
1015 2445 1077 2512 bas
1101 2445 1253 2514 miserius
1278 2445 1372 2512 iuci-

302 2557 425 2644 distis3
447 2559 479 2626 ei
498 2573 612 2626 autem
635 2547 724 2650 bede
745 2572 882 2650 optate,
902 2561 962 2649 qui
982 2581 1040 2627 voe
1061 2582 1101 2626 ex
1119 2558 1184 2626 bac
1205 2559 1373 2652 voragine
1397 2605 1399 2610 ,

226 2695 227 2698 ’
263 2691 278 2756 4
303 2671 430 2742 eduxit.
439 2699 454 2736 u
468 2670 562 2741 Idem
573 2686 640 2740 tam
650 2671 724 2740 miti
738 2672 850 2741 animo
863 2673 1011 2744 bostium
1024 2696 1159 2744 suorum
1172 2672 1371 2757 maledicta,

339 2901 807 2968 alneumbenteeldest,acclinatus,
858 2903 1044 2956 emendations.
1066 2905 1170 2957 Antea:
1188 2908 1237 2975 qui
1256 2908 1291 2960 de
1311 2925 1375 2976 rege

303 3000 379 3053 prope
394 2994 595 3045 commorantes,
613 2979 749 3032 assidentes
760 2997 766 3031 :
778 2981 809 3034 cl.
856 2985 1042 3035 existimantes
1064 3001 1103 3054 ap.
1123 2981 1239 3037 Pincian.
1258 2995 1283 3036 et
1306 2983 1376 3058 Lip-

302 3075 376 3127 supra
393 3075 447 3130 esp·
465 3057 516 3122 lX,
536 3057 630 3110 consol.
644 3057 676 3110 ed
695 3057 773 3109 Marc.
786 3076 809 3110 a.
857 3058 931 3112 sium.
950 3057 1113 3113 Cusubonut
1125 3060 1201 3114 sumit
1212 3059 1247 3113 ed
1262 3061 1375 3114 sueton.

302 3133 408 3207 Proprie
433 3135 568 3187 tentorium
593 3135 684 3189 dicitur
703 3136 809 3188 ineam·-
858 3146 887 3186 ut
908 3137 942 3188 de
962 3153 1019 3204 tege
1044 3155 1092 3188 suo
1113 3139 1185 3189 mah
1206 3141 1375 3191 existiment.

302 3211 361 3266 bere
372 3211 404 3264 ad
421 3209 490 3265 aliud
501 3250 508 3277 ,
520 3213 537 3266 i.
550 3233 571 3264 e.
582 3212 703 3282 adjacere.
721 3215 809 3268 Exem
858 3211 972 3264 Gronov.
990 3211 1128 3286 intelligit:
1142 3213 1169 3265 id
1187 3229 1240 3280 est,
1257 3215 1291 3268 de
1308 3235 1374 3290 rege

320 3287 344 3341 la
364 3307 421 3360 que
439 3288 525 3342 laudet
544 3289 570 3340 J.
590 3289 626 3340 bl.
646 3289 809 3359 Heusinger,
859 3287 1173 3343 sacmelecxistimabant.

303 3309 447 3418 llmendxtt.
463 3387 476 3418 e
487 3365 620 3438 VirgAEcl.
631 3366 695 3419 Vlll
706 3402 714 3429 ,
724 3386 761 3419 vs.
772 3365 810 3418 ιθ.
892 3369 916 3432 4.
926 3367 1082 3437 Antigonus.
1094 3369 1149 3422 Rex
1160 3370 1229 3424 Asia
1242 3371 1376 3426 interane-

304 3441 382 3496 ovid.
399 3443 503 3496 Metam·
519 3442 562 3495 lib.
574 3443 629 3507 Vl,
641 3462 677 3494 vs.
696 3441 761 3508 335,
777 3443 809 3496 sl.
859 3461 966 3496 cessores
973 3443 1119 3512 Alexandri,
1129 3447 1376 3517 quisenexdemum

302 3521 352 3576 bac
366 3543 419 3576 non
432 3522 564 3596 pertinent.
859 3535 990 3576 mansueto
1010 3523 1098 3576 animo
1118 3543 1171 3579 esse
1189 3527 1283 3600 coepit,
1299 3541 1378 3600 pater

335 3622 359 3655 π.
374 3601 553 3655 Incumbeotes
565 3604 636 3668 tegio
645 3599 810 3654 tabernaculo
858 3599 983 3653 Demetrii
996 3601 1151 3656 potiorum.
1162 3603 1224 3658 Vid.
1240 3606 1378 3659 Plunrclx.

301 3691 417 3732 tenemus
448 3698 505 3732 eum
533 3677 651 3730 omnibus
676 3678 809 3732 veteribus·
858 3679 1377 3753 tcm.Vlll(ed.llntten.),quieadem

302 3758 418 3812 Pincian.
432 3756 730 3820 dederatnxcubontes,
741 3755 811 3827 quod
858 3757 889 3808 de
901 3757 951 3811 hoc
962 3758 1092 3830 Antigono
1105 3774 1198 3813 uenat.
1216 3760 1287 3814 Alias
1303 3783 1379 3836 sape

302 3847 328 3888 et
337 3835 436 3908 Lipsius
451 3833 573 3906 probavit.
589 3835 650 3887 Mox
658 3835 735 3904 pollo
744 3845 810 3886 recte
858 3837 1048 3890 conlixndentur
1057 3857 1178 3910 perquam
1193 3839 1279 3911 inepte
1293 3840 1380 3892 Anti-

301 3931 327 3965 ιε
347 3911 437 3978 babet,
458 3911 533 3965 codd.
550 3911 680 3966 nonnullis
695 3911 809 3986 edstipu-
857 3914 998 3988 goni2vid.
1009 3914 1040 3967 de
1047 3913 1096 3968 bac
1104 3915 1221 3970 Perixon.
1229 3917 1262 3969 ad
1269 3917 1380 3972 AElian.

301 3988 424 4043 lantibus:
435 3989 480 4041 alii
494 3991 606 4056 ραΙαιη,
624 3988 664 4042 vel
677 3993 808 4060 paullum.
857 3993 917 4045 Ver.
928 3991 992 4044 ttius
1001 3991 1046 4045 lib.
1056 3993 1098 4058 ll,
1110 4013 1163 4066 cep.
1175 4013 1216 4046 no.
1227 3995 1306 4047 Hunc
1315 3998 1379 4050 An·

301 4066 806 4138 Pallaestplepc,eielo;,srepmdrsqac,
856 4071 972 4144 tigonum
987 4073 1085 4126 luscum
1100 4075 1311 4143 (ἔπρὸφθιλμοι)
1330 4089 1379 4129 to-

300 4145 419 4220 peplum,
433 4147 523 4209 mitra,
535 4146 629 4202 velum.
856 4148 904 4202 tius
919 4147 1001 4222 gentis
1018 4149 1156 4224 principem
1172 4151 1238 4203 batte
1255 4151 1380 4206 vindicat

332 4223 355 4276 3.
368 4223 576 4277 Enistt'mabant
582 4243 610 4276 ex
623 4243 680 4277 vera
692 4225 806 4279 Gronov.
855 4227 879 4278 J.
892 4227 928 4280 tt.
938 4227 1014 4280 Hem.
1023 4226 1055 4279 ad
1063 4227 1116 4280 Cic.
1125 4227 1157 4280 de
1168 4229 1224 4280 Oli.
1235 4229 1277 4292 ll,
1289 4233 1318 4298 'i
1330 4267 1339 4294 ,
1354 4253 1379 4286 ι.
