2926 4958
339 461 440 529 clxxx
524 462 555 530 J.
582 465 743 536 LIPSll
772 459 1234 539 MANUDUCTIONIS

338 603 491 666 existimes
513 605 607 670 ullam
633 627 699 671 esse
719 611 783 672 sine
799 609 906 673 labore
920 608 1095 690 Virtutem,
1120 615 1173 674 sed
1190 615 1325 694 qnaedarn
1341 612 1406 678 Vir·

337 724 415 774 tutes
437 711 591 790 stimulis,
614 717 749 795 praedam
767 716 868 780 fiunis
887 729 985 800 egent.
1005 713 1272 799 Quemadmodum
1293 717 1402 805 Corpus

335 820 366 880 in
391 819 519 903 proclivi
543 821 668 884 retineri
690 823 799 898 debet,
821 825 854 886 in
869 825 964 886 ardua
980 823 1119 908 impelli:
1137 826 1181 888 sic
1193 829 1328 908 qauedam
1341 826 1405 888 Vir·

334 937 413 986 tutes
433 924 465 984 in
486 926 616 1009 proclivi
630 943 714 1006 stmt,
738 931 850 994 clivum
864 930 1028 993 subeunt.»
1047 929 1120 1010 (De
1133 931 1206 994 Vita
1221 931 1333 1009 Beata,
1357 953 1405 998 ea-

335 1032 398 1114 pite
418 1033 493 1110 25.)
510 1031 546 1096 ln
560 1033 615 1097 illo
629 1056 741 1119 genere
753 1050 821 1099 sum
831 1081 841 1114 ,
851 1033 1055 1114 Liberalitas,
1070 1036 1287 1122 Temperantia
1299 1086 1308 1116 ,
1320 1037 1405 1102 Man-

334 1141 485 1212 suetudo;
511 1141 543 1201 in
571 1141 655 1218 isto,
682 1140 856 1220 Patientia,
884 1141 1068 1222 Fortitudo,
1096 1141 1354 1220 Perseverantia,
1380 1159 1407 1206 et

336 1271 351 1297 u
362 1267 557 1328 quaecumque
576 1248 660 1310 duris
680 1248 819 1332 opposita
839 1247 946 1310 Virtus
960 1261 1022 1322 est,
1044 1262 1074 1310 et
1087 1247 1255 1312 Fortunam
1268 1251 1404 1333 subigit»

335 1349 454 1432 (lbid.)
479 1351 562 1433 Quid
585 1353 679 1437 ergo?
704 1353 842 1434 inquies,
872 1375 912 1416 an
936 1374 997 1417 non
1018 1369 1123 1419 contra
1143 1355 1408 1419 NaturamDolor

333 1472 363 1520 et
378 1457 546 1520 Tormenta
563 1459 642 1522 sinti
660 1459 800 1523 latemur.
816 1486 831 1516 α
842 1458 885 1522 Ει
900 1475 984 1524 estne
1000 1461 1124 1545 aliquod
1138 1477 1242 1526 contra
1258 1463 1403 1526 Naturam
1435 1529 1436 1532 ,

334 1564 425 1646 igitur
439 1564 586 1626 Bonum?
611 1562 764 1638 Minime;
788 1569 840 1630 sed
863 1567 938 1630 illud
956 1568 1119 1650 aliquando
1136 1583 1241 1632 eontra
1263 1569 1409 1633 Naturam

335 1685 400 1750 est,
422 1673 454 1734 in
479 1694 539 1754 quo
561 1673 685 1736 Bonum
707 1674 782 1736 illud
806 1675 928 1738 exsistit.
956 1675 1124 1738 Vulnerari
1148 1677 1251 1755 enim,
1284 1691 1315 1740 et
1341 1677 1409 1740 sub-

331 1782 411 1864 jecto
428 1781 497 1865 igne
508 1782 676 1857 tabescere,
689 1794 795 1844 sonna
810 1780 961 1845 Naturam
975 1795 1041 1845 est:
1060 1784 1114 1844 sed
1128 1783 1206 1845 inter
1222 1782 1279 1844 ista
1294 1803 1410 1848 servare

332 1888 478 1950 Animum
487 1887 705 1973 infatigabilem
717 1891 882 1966 seeundum
888 1889 1038 1954 Naturam
1046 1904 1101 1954 est.
1111 1887 1164 1967 Et,
1175 1905 1226 1964 ut,
1237 1890 1410 1973 quodvolo,

331 1996 466 2060 breviter
494 1997 681 2080 exprimam,
706 1997 836 2060 materia
854 1995 935 2059 Boni
957 1997 1118 2081 aliquando
1140 2011 1245 2061 eontra
1265 1997 1412 2060 Naturam

333 2117 403 2178 est,
425 2103 549 2164 Bonum
562 2117 739 2185 nunquam
762 2103 907 2185 quoniam
922 2099 1044 2166 Bonum
1065 2104 1130 2166 sine
1145 2101 1278 2165 Ratione
1299 2103 1415 2174 nullum

333 2224 393 2287 est,
407 2210 542 2292 sequitur
552 2223 654 2273 autem
666 2209 758 2274 Ratio
775 2211 935 2274 Naturam.
950 2239 966 2266 »ι
982 2209 1094 2294 (Epist.
1109 2215 1212 2290 txvr.)
1222 2211 1413 2280 Verissime;

334 2317 397 2380 imo
412 2319 488 2381 adeo
495 2317 583 2379 Bnna
591 2317 654 2382 baec
665 2332 743 2395 sunt,
756 2317 1056 2402 utetiamaliquando
1067 2319 1208 2403 optanda.
1220 2315 1294 2401 Quo
1303 2315 1415 2380 modo?

332 2425 413 2499 isto,
431 2439 464 2486 ut
479 2451 494 2478 a
511 2444 574 2486 non
588 2424 781 2489 incommoda
798 2424 944 2509 optabilia
969 2425 1044 2502 sint,
1066 2427 1119 2488 sed
1132 2424 1240 2488 Virtus
1260 2445 1323 2506 qua
1346 2441 1418 2505 per-

332 2524 470 2586 teruntur
483 2525 687 2587 incommoda.
704 2551 719 2578 υ
736 2521 857 2609 (Epist.
873 2540 971 2586 txvtt.
981 2526 997 2603 )
1007 2522 1089 2596 Eece
1101 2525 1132 2586 in
1146 2524 1288 2608 exemplo
1305 2548 1312 2585 :
1329 2551 1346 2578 α
1360 2535 1420 2584 tor·

332 2645 435 2694 menta
451 2631 557 2694 abesse
572 2654 590 2694 a
604 2653 656 2694 me
670 2631 764 2694 velim
782 2655 789 2692 :
807 2634 860 2694 sed
880 2633 906 2695 si
922 2631 1095 2694 sustinenda
1115 2631 1245 2705 luerint,
1261 2645 1297 2692 ut
1318 2650 1370 2692 me
1391 2627 1418 2687 in

332 2739 394 2801 illis
409 2738 546 2816 fortiter,
563 2739 721 2816 animose,
737 2739 864 2801 honeste
878 2758 1001 2822 geram,
1018 2737 1141 2821 optabo.
1159 2765 1175 2792 a
1190 2736 1318 2818 (lbid.)
1330 2735 1422 2798 Miles

333 2867 466 2930 pugnam
479 2859 532 2909 aut
546 2845 671 2909 vulnera
685 2866 747 2907 non
762 2859 856 2930 optat,
872 2844 913 2907 ob
923 2847 1004 2930 ipsaf:
1020 2848 1073 2908 sed
1086 2825 1203 2929 gloriae,
1219 2858 1272 2907 aut
1287 2842 1421 2908 victoriae

335 2955 445 3030 mixta,
466 2967 559 3038 optat.
577 2952 683 3037 ltaque
701 2981 717 3008 u
734 2973 795 3014 non
815 2953 896 3014 ultro
916 2951 1063 3036 praebebit
1080 2973 1113 3016 se
1132 2951 1281 3036 periculis
1301 2949 1393 3013 sortis
1414 2972 1421 3004 :

334 3081 433 3144 neque
449 3061 541 3123 edam
557 3061 676 3124 timebit
689 3061 759 3136 illa,
778 3062 833 3122 sed
846 3059 961 3122 vitabit.
977 3057 1087 3124 Cautio
1101 3059 1189 3122 illurn
1203 3061 1315 3136 decet,
1332 3058 1424 3120 timot

335 3189 397 3230 non
414 3171 510 3232 decet.
531 3197 545 3224 n
563 3165 643 3252 (Ep.
657 3169 802 3245 lxxxv.)
816 3165 881 3230 Scit
894 3168 997 3230 omnia
1010 3167 1073 3230 baec
1087 3181 1231 3242 externa,
1250 3189 1322 3248 qnae
1340 3164 1425 3227 Mala

335 3276 545 3359 appellantur,
561 3295 624 3337 non
637 3275 695 3338 nisi
709 3274 822 3338 timidis
835 3273 969 3337 timenda
986 3293 1062 3336 esse.
1077 3269 1176 3336 Sentit
1191 3286 1321 3350 tamen,
1339 3286 1427 3354 atque

334 3383 427 3445 etiarn
444 3384 535 3446 dolet.
549 3411 564 3436 «ι
577 3379 708 3448 Sensum
721 3383 803 3444 enim
813 3381 949 3444 bominis
959 3381 1043 3442 nulla
1055 3381 1137 3444 exuit
1149 3379 1257 3442 Virtus
1277 3405 1286 3441 ε
1300 3383 1428 3443 sednon

334 3490 438 3564 timet,
461 3504 491 3552 et
507 3489 634 3553 invictus
651 3509 688 3552 er
710 3489 771 3552 alto
795 3489 917 3552 dolores
939 3508 1009 3551 snos
1032 3499 1156 3571 spectat.
1175 3515 1190 3540 n
1207 3485 1337 3569 (lbid.)
1356 3483 1432 3547 Mn-

336 3597 418 3661 eiom
433 3595 600 3660 Scaevolam
617 3597 648 3657 in
663 3599 731 3680 igne
745 3595 949 3672 tolerantem,
963 3595 1026 3656 imo
1038 3594 1222 3677 gloriantem
1238 3592 1361 3676 legisti,
1372 3591 1431 3653 ictu

334 3722 397 3764 non
414 3704 517 3764 animo
533 3703 652 3786 lapsum
669 3725 676 3760 ε
694 3703 755 3764 talo
769 3703 801 3762 in
816 3699 970 3785 Sapiente.
986 3698 1028 3762 Et
1040 3699 1199 3762 maluisset
1218 3711 1335 3762 tamen
1357 3697 1433 3760 Mn-

336 3811 400 3874 cius
414 3812 530 3896 integra
544 3833 637 3874 manu
651 3811 769 3872 fortiter
782 3808 904 3883 lacere,
920 3831 1011 3890 quam
1026 3809 1167 3870 mutilata
1179 3807 1254 3890 pati.
1275 3836 1293 3860 ιι
1314 3807 1433 3870 Totum

335 3915 477 3979 Fortuna
492 3936 620 4003 regnum
636 3916 765 4000 Sapiens
781 3917 942 4000 despiciet;
960 3929 990 3978 et
1005 3929 1108 3977 tamen
1119 3937 1156 3977 ex
1168 3913 1223 3975 illo
1238 3955 1247 3986 ‚
1266 3916 1298 3976 si
1311 3914 1436 3978 dabitur

335 4021 467 4103 Electio,
477 4025 620 4088 molliora
629 4036 736 4087 sumet.
747 4051 762 4078 ι»
770 4021 899 4103 (lleVit.
910 4021 996 4085 Beat.
1004 4043 1031 4085 e.
1045 4021 1110 4100 ab.)
1118 4018 1181 4084 Sed
1188 4019 1244 4080 toti
1257 4020 1313 4082 rei
1322 4017 1436 4082 intelli-

335 4133 441 4215 gendae
456 4131 634 4195 adhibeatur
649 4131 754 4194 ethaeo
773 4130 933 4194 distinctio.
951 4157 966 4185 u
983 4129 1124 4213 Triplex,
1150 4129 1193 4190 ait
1209 4123 1356 4203 Seneca,
1376 4126 1436 4186 Bo-

334 4237 447 4300 norum
461 4238 593 4301 conditio
610 4249 664 4299 est.
678 4235 837 4318 Quaedam,
852 4251 885 4298 ut
896 4237 1008 4300 nostris
1020 4233 1160 4314 (Stoicis)
1171 4234 1313 4312 videtur,
1329 4231 1439 4296 Prima

330 4346 419 4408 Bona
439 4358 530 4408 sunt:
551 4360 707 4427 tamqnam
725 4341 895 4417 Gaudium,
921 4341 1008 4419 Pax,
1033 4341 1122 4406 Salus
1143 4339 1259 4424 patriae.
1277 4339 1439 4422 Quadam
