2930 4956
468 425 771 500 PRAEFATIO.
1111 421 1181 512 vij·

105 551 204 634 unies,
219 573 339 646 pnrnrn
352 551 439 620 utile
458 533 566 622 visum
578 563 632 620 est
641 551 828 641 unicuique
840 559 928 616 notse
942 567 1067 616 nomen
1080 567 1158 615 suc·

106 671 171 736 toris
182 669 412 764 subjungere,
430 671 498 740 nisi
518 693 623 763 quum
638 670 731 736 inter
742 687 779 735 se
797 677 992 760 pugnarent
1014 663 1156 734 diverste

103 779 381 886 interpretstiones
391 844 403 877 ,
423 793 655 874 lectionem,
681 791 726 859 et'
743 811 805 857 nos
827 785 958 881 aliquid
976 788 1055 856 nori
1073 809 1155 880 pro-

100 939 300 1008 poneremus.
766 917 772 928 ‘

136 1028 302 1100 Preterea
321 1055 365 1099 ne
384 1028 471 1124 quid
490 1030 623 1099 deesset
646 1025 690 1096 sd
707 1027 860 1122 perfecte
879 1021 1105 1120 intelligenda
1123 1041 1158 1093 et

98 1161 175 1214 mete
190 1145 388 1215 estimanda
404 1145 662 1240 judicandaque
678 1146 788 1214 nostri
809 1143 1005 1238 philosophi
1023 1165 1154 1235 opere,

98 1263 267 1334 Moralibus
274 1266 374 1335 libris
384 1261 885 1334 ManuduetionemadStoicam
893 1255 1156 1352 Philosophiam

99 1381 259 1474 Physicis,
283 1381 505 1452 Naturalihus
522 1405 645 1475 nempe
669 1379 942 1474 Quaestionibus,
969 1373 1158 1473 Physiolo-

95 1500 173 1586 ςίωη
184 1496 371 1566 Stoicorum
383 1497 625 1591 proemisimus3
636 1519 712 1589 quae
726 1495 851 1588 scripta
865 1494 963 1562 libris
975 1493 1017 1560 L.
1033 1491 1076 1561 A.
1097 1493 1160 1563 Se-

97 1633 174 1680 nsce
192 1613 402 1681 illustrandis
416 1614 576 1708 princeps
589 1627 624 1681 et
633 1611 702 1680 dux
713 1625 1034 1690 commentatorum,
1044 1608 1160 1676 Justus
1183 1695 1191 1704 ι

95 1728 214 1820 Lipsius
229 1729 442 1799 consecravit
455 1734 480 1797 ¹.
504 1727 591 1822 Ques
611 1728 774 1821 quidem,
797 1727 1016 1820 quantumvis
1036 1725 1155 1809 utilia,

96 1845 718 1929 immonecessarienobisviderentur,
732 1841 1161 1936 huiceditionisdjungere
1210 1821 1215 1832 .

95 1959 145 2028 din
162 1963 413 2045 dubitavimus,
438 1958 539 2032 veriti
557 1985 602 2031 ne
624 1960 831 2030 voluminum
850 1959 954 2029 moles
977 1959 1067 2028 ultra
1083 1983 1162 2027 mo-

95 2075 164 2146 dom
179 2093 413 2164 excresceret3
436 2103 542 2172 quum
556 2101 637 2148 vero
655 2079 691 2146 in
710 2078 793 2147 locis
808 2075 1043 2147 commentarii
1061 2099 1159 2168 psene

96 2195 242 2264 omnibns
251 2197 372 2264 horum
385 2197 591 2288 scriptorum
601 2196 783 2263 auctoritas
793 2210 958 2290 perpetuo
967 2195 1162 2274 invocetur,

96 2323 125 2374 et
139 2309 180 2378 ad
198 2311 260 2379 itta
283 2313 478 2380 remittetur
496 2311 626 2395 lector,
649 2333 690 2378 ex
708 2309 832 2404 quihus
852 2309 1052 2403 ampliorem
1071 2306 1160 2376 huu-

47 2416 51 2426 ’
95 2425 152 2492 rist
164 2428 425 2522 intelligentiam
439 2457 448 2513 3
469 2452 538 2497 uon
556 2429 632 2497 lieri
647 2443 780 2522 poterat
797 2427 882 2520 quin
895 2425 953 2495 hic
968 2427 1160 2495 insereren-

93 2556 143 2611 tur
164 2571 171 2612 :
195 2547 392 2639 paucissimi
419 2546 510 2614 enim
531 2546 675 2614 lectores
698 2561 802 2614 totsm
825 2545 856 2613 J.
886 2543 994 2638 Lipsii
1018 2567 1163 2635 operum

93 2657 338 2741 collectionem,
362 2659 460 2751 cujus
486 2683 568 2752 pers
590 2674 669 2726 sunt
681 2709 694 2740 ,
714 2679 911 2754 comparere
935 2673 970 2726 et
994 2672 1160 2751 perpetrm
1245 2692 1250 2710 ι

93 2773 283 2862 persolvere
298 2788 359 2841 ant
371 2776 574 2866 potuissent,
590 2787 648 2841 aut
661 2772 862 2842 voluissent.
876 2772 1046 2852 Attamen,
1061 2785 1101 2838 ut
1113 2785 1163 2839 to-

94 2895 133 2960 mi
149 2895 252 2988 hujus
266 2896 388 2963 molem
409 2919 509 2988 quem
525 2895 663 2964 minime
679 2917 900 2988 augeremus,
921 2894 1068 2986 plurima
1080 2894 1163 2962 omi-

94 3016 189 3085 simus
201 3019 315 3111 oepita
323 3041 397 3110 quse
409 3015 453 3085 ed
462 3032 613 3085 nostrum
627 3017 837 3110 propositum
851 3017 963 3084 minus
978 3013 1161 3084 faciebant.
1200 3089 1208 3096 .

94 3138 244 3232 Denique
270 3139 449 3208 clarissimi
469 3138 536 3206 viri
556 3139 602 3205 D.
621 3137 764 3206 Diderot
778 3138 1005 3206 testimonium
1020 3154 1054 3207 et
1063 3135 1160 3230 judi-

121 3351 128 3380 ¹
144 3347 241 3402 Penes
255 3348 311 3402 hae
330 3347 383 3402 dno
401 3347 493 3421 scripte
512 3345 611 3421 Lipsius
622 3345 724 3400 tertium
735 3362 843 3420 ,nempe
856 3347 889 3398 de
901 3343 1046 3398 Stoioomm
1059 3345 1162 3398 Erotes

92 3449 198 3506 pungere
211 3431 389 3496 constituerat,
402 3431 433 3484 ds
448 3451 499 3504 qno
514 3430 549 3483 sis
562 3431 649 3504 ipsein
660 3431 1044 3504 Introductionelectorislqusm
1059 3449 1104 3482 suo
1115 3429 1161 3481 Se·

92 3531 154 3567 nect
164 3514 288 3586 pramisit
297 3531 304 3565 ς
314 3537 327 3560 s
340 3511 445 3565 Proludi
455 3511 580 3584 quidquid
591 3533 653 3586 opus
662 3525 714 3566 eret
721 3513 762 3580 (ed
773 3511 952 3584 Philosophics
963 3509 1122 3579 illustranda)
1134 3511 1164 3563 in

92 3595 164 3648 trihus
179 3596 414 3660 manuductionis,
425 3595 531 3648 totidem
548 3595 818 3670 Plytioiopioelihrisp
832 3595 937 3648 totidem
945 3593 1097 3647 Etotcomm
1108 3615 1162 3648 res-
1178 3595 1183 3600 “

91 3689 150 3750 tent,
159 3683 182 3734 si
195 3683 267 3736 Dens
279 3681 391 3756 expolire
402 3694 426 3734 et
441 3700 616 3734 consummare
632 3683 707 3736 dabit.
717 3699 731 3726 s
750 3683 821 3750 Quos
833 3680 911 3734 libros
922 3699 954 3734 ne
966 3693 1160 3746 consummaret,

89 3782 143 3817 sane
154 3787 222 3818 mors
230 3765 344 3830 obstitit;
357 3764 451 3817 nullibi
463 3766 531 3818 enim
544 3766 572 3818 in
579 3766 659 3840 Lipsii
669 3785 774 3840 opernm
785 3765 939 3819 collectione
952 3779 1096 3818 occurrunt.
1105 3767 1160 3818 Nec

87 3847 139 3898 estis
149 3852 237 3922 lugere
250 3869 392 3922 pounmus,
399 3849 444 3901 hos
456 3869 472 3901 s
481 3861 550 3901 tsnto
562 3850 616 3902 viro
631 3851 811 3921 perlectos‚eut
824 3848 921 3916 saltem,
941 3861 996 3900 utut
1010 3861 1089 3915 erent,
1103 3849 1158 3901 edi-

90 3949 124 3988 tss
137 3957 192 3990 non
201 3938 287 3992 tuna.
307 3935 417 3988 lllornm
427 3947 512 3987 tamen
523 3935 606 3987 vicem
620 3934 770 4008 explebunt,
791 3945 915 4004 quotenus
931 3931 988 3986 heri
998 3947 1090 4007 potest,
1106 3947 1160 3986 tum

93 4025 163 4078 nnita
174 4025 225 4078 slis
235 4025 266 4078 de
278 4022 425 4076 Stoicorum
438 4020 528 4074 morali
541 4021 665 4090 doctrine,
678 4033 731 4073 tum
739 4021 878 4094 presertim
885 4021 999 4074 Buddoei
1006 4021 1162 4074 introductio

92 4107 116 4155 in
128 4105 325 4178 philosophiam
341 4107 451 4156 stoicam
465 4103 590 4176 (Lipsius,
607 4107 702 4176 1729),
719 4115 743 4154 st
756 4103 937 4156 Tridemannii
953 4114 1066 4175 systcmo
1077 4107 1162 4153 stoica

91 4188 154 4254 phil.
163 4189 333 4254 (Gennadius
341 4187 441 4262 script,
451 4187 519 4260 Lips.
534 4187 629 4257 1776),
640 4186 776 4260 sepissime
787 4185 814 4238 in
829 4187 920 4239 nostris
932 4186 997 4240 notis
1011 4185 1121 4239 citatum.
