<?xml version="1.0" encoding="UTF-8"?>
<!DOCTYPE html PUBLIC "-//W3C//DTD XHTML 1.0 Transitional//EN"
    "http://www.w3.org/TR/xhtml1/DTD/xhtml1-transitional.dtd">
<html xmlns="http://www.w3.org/1999/xhtml" xml:lang="en" lang="en">
 <head>
  <title>
</title>
<meta http-equiv="Content-Type" content="text/html;charset=utf-8" />
  <meta name='ocr-system' content='tesseract 3.04.00' />
  <meta name='ocr-capabilities' content='ocr_page ocr_carea ocr_par ocr_line ocrx_word'/>
</head>
<body>
  <div class='ocr_page' id='page_1' title='image "./lannsenecparspr01bouigoog_0351.png"; bbox 0 0 2910 4954; ppageno 0'>
   <div class='ocr_carea' id='block_1_1' title="bbox 301 475 1427 1745">
    <p class='ocr_par' dir='ltr' id='par_1_1' title="bbox 338 475 1427 1395">
     <span class='ocr_line' id='line_1_1' title="bbox 355 475 966 542; baseline 0.015 -9"><span class='ocrx_word' id='word_1_1' title='bbox 355 493 413 536; x_wconf 81' lang='lat' dir='ltr'>soa</span> <span class='ocrx_word' id='word_1_2' title='bbox 783 475 848 542; x_wconf 83' lang='lat' dir='ltr'>DE</span> <span class='ocrx_word' id='word_1_3' title='bbox 879 475 966 542; x_wconf 77' lang='lat' dir='ltr'>IRA</span> 
     </span>
     <span class='ocr_line' id='line_1_2' title="bbox 347 599 1371 698; baseline 0.012 -36"><span class='ocrx_word' id='word_1_4' title='bbox 347 613 422 664; x_wconf 90' lang='lat' dir='ltr'>set:</span> <span class='ocrx_word' id='word_1_5' title='bbox 444 622 536 666; x_wconf 92' lang='lat' dir='ltr'>nunc</span> <span class='ocrx_word' id='word_1_6' title='bbox 552 599 637 666; x_wconf 88' lang='lat' dir='ltr'>iram</span> <span class='ocrx_word' id='word_1_7' title='bbox 656 603 859 694; x_wconf 74' lang='lat' dir='ltr'><strong>compescuit</strong></span> <span class='ocrx_word' id='word_1_8' title='bbox 874 603 996 696; x_wconf 84' lang='lat' dir='ltr'>pietas:</span> <span class='ocrx_word' id='word_1_9' title='bbox 1016 603 1138 697; x_wconf 75' lang='lat' dir='ltr'>dignus</span> <span class='ocrx_word' id='word_1_10' title='bbox 1153 606 1235 686; x_wconf 81' lang='lat' dir='ltr'>fnit,</span> <span class='ocrx_word' id='word_1_11' title='bbox 1254 607 1304 673; x_wconf 90' lang='lat' dir='ltr'>cui</span> <span class='ocrx_word' id='word_1_12' title='bbox 1315 629 1371 698; x_wconf 83' lang='lat' dir='ltr'>pcr-</span> 
     </span>
     <span class='ocr_line' id='line_1_3' title="bbox 345 713 1372 812; baseline 0.007 -35"><span class='ocrx_word' id='word_1_13' title='bbox 345 713 495 782; x_wconf 87' lang='lat' dir='ltr'>mitteret</span> <span class='ocrx_word' id='word_1_14' title='bbox 518 737 538 780; x_wconf 89' lang='lat' dir='ltr'>a</span> <span class='ocrx_word' id='word_1_15' title='bbox 564 715 717 782; x_wconf 88' lang='lat' dir='ltr'>convivio</span> <span class='ocrx_word' id='word_1_16' title='bbox 739 713 871 785; x_wconf 86' lang='lat' dir='ltr'>adessa</span> <span class='ocrx_word' id='word_1_17' title='bbox 897 717 957 786; x_wconf 90' lang='lat' dir='ltr'>lilii</span> <span class='ocrx_word' id='word_1_18' title='bbox 977 719 1117 812; x_wconf 82' lang='lat' dir='ltr'>legenda</span> <span class='ocrx_word' id='word_1_19' title='bbox 1141 718 1320 788; x_wconf 86' lang='lat' dir='ltr'>discedere.</span> <span class='ocrx_word' id='word_1_20' title='bbox 1338 723 1372 785; x_wconf 82' lang='lat' dir='ltr'>lle</span> 
     </span>
     <span class='ocr_line' id='line_1_4' title="bbox 344 831 1427 928; baseline 0.004 -30"><span class='ocrx_word' id='word_1_21' title='bbox 344 831 408 898; x_wconf 92' lang='lat' dir='ltr'>hoc</span> <span class='ocrx_word' id='word_1_22' title='bbox 427 831 565 924; x_wconf 92' lang='lat' dir='ltr'>quidem</span> <span class='ocrx_word' id='word_1_23' title='bbox 588 835 742 925; x_wconf 76' lang='lat' dir='ltr'>permisit</span> <span class='ocrx_word' id='word_1_24' title='bbox 758 833 924 927; x_wconf 82' lang='lat' dir='ltr'>benignus</span> <span class='ocrx_word' id='word_1_25' title='bbox 941 837 1072 903; x_wconf 87' lang='lat' dir='ltr'>interim</span> <span class='ocrx_word' id='word_1_26' title='bbox 1095 850 1129 903; x_wconf 88' lang='lat' dir='ltr'>et</span> <span class='ocrx_word' id='word_1_27' title='bbox 1150 837 1255 905; x_wconf 89' lang='lat' dir='ltr'>comis</span> <span class='ocrx_word' id='word_1_28' title='bbox 1269 835 1373 903; x_wconf 87' lang='lat' dir='ltr'>adoles·</span> <span class='ocrx_word' id='word_1_29' title='bbox 1426 921 1427 928; x_wconf 6' lang='grc' dir='ltr'>ἵ</span> 
     </span>
     <span class='ocr_line' id='line_1_5' title="bbox 343 951 1373 1044; baseline 0.003 -29"><span class='ocrx_word' id='word_1_30' title='bbox 343 973 424 1017; x_wconf 88' lang='lat' dir='ltr'>cens</span> <span class='ocrx_word' id='word_1_31' title='bbox 444 977 452 1015; x_wconf 91' lang='lat'>:</span> <span class='ocrx_word' id='word_1_32' title='bbox 473 951 769 1044; x_wconf 73' lang='lat' dir='ltr'>propinationibus</span> <span class='ocrx_word' id='word_1_33' title='bbox 783 975 895 1018; x_wconf 88' lang='lat' dir='ltr'>senem</span> <span class='ocrx_word' id='word_1_34' title='bbox 911 951 1060 1033; x_wconf 76' lang='lat' dir='ltr'>crebris,</span> <span class='ocrx_word' id='word_1_35' title='bbox 1076 966 1114 1020; x_wconf 95' lang='lat' dir='ltr'>ut</span> <span class='ocrx_word' id='word_1_36' title='bbox 1127 975 1210 1020; x_wconf 83' lang='lat' dir='ltr'>curs</span> <span class='ocrx_word' id='word_1_37' title='bbox 1224 953 1373 1030; x_wconf 75' lang='lat' dir='ltr'>leniretur,</span> 
     </span>
     <span class='ocr_line' id='line_1_6' title="bbox 340 1055 1427 1152; baseline 0.002 -18"><span class='ocrx_word' id='word_1_38' title='bbox 340 1065 524 1136; x_wconf 85' lang='lat' dir='ltr'>admovens</span> <span class='ocrx_word' id='word_1_39' title='bbox 545 1067 731 1136; x_wconf 87' lang='lat' dir='ltr'>lacessebat</span> <span class='ocrx_word' id='word_1_40' title='bbox 753 1095 761 1134; x_wconf 76' lang='grc' dir='ltr'><strong><em>ε</em></strong></span> <span class='ocrx_word' id='word_1_41' title='bbox 783 1083 897 1136; x_wconf 90' lang='lat' dir='ltr'>eontra</span> <span class='ocrx_word' id='word_1_42' title='bbox 916 1069 972 1138; x_wconf 87' lang='lat' dir='ltr'>ille</span> <span class='ocrx_word' id='word_1_43' title='bbox 996 1091 1031 1136; x_wconf 89' lang='lat' dir='ltr'>se</span> <span class='ocrx_word' id='word_1_44' title='bbox 1049 1067 1183 1152; x_wconf 77' lang='lat' dir='ltr'>laetum,</span> <span class='ocrx_word' id='word_1_45' title='bbox 1206 1085 1241 1137; x_wconf 92' lang='lat' dir='ltr'>et</span> <span class='ocrx_word' id='word_1_46' title='bbox 1263 1069 1376 1138; x_wconf 87' lang='lat' dir='ltr'>oblitum</span> <span class='ocrx_word' id='word_1_47' title='bbox 1426 1055 1427 1136; x_wconf 67' lang='lat' dir='ltr'>l</span> 
     </span>
     <span class='ocr_line' id='line_1_7' title="bbox 340 1182 1375 1278; baseline 0.001 -27"><span class='ocrx_word' id='word_1_48' title='bbox 340 1183 424 1276; x_wconf 84' lang='lat' dir='ltr'>q&#39;uid</span> <span class='ocrx_word' id='word_1_49' title='bbox 444 1201 589 1252; x_wconf 88' lang='lat' dir='ltr'>coesset</span> <span class='ocrx_word' id='word_1_50' title='bbox 604 1199 715 1253; x_wconf 88' lang='lat' dir='ltr'>actum</span> <span class='ocrx_word' id='word_1_51' title='bbox 733 1182 788 1252; x_wconf 91' lang='lat' dir='ltr'>die</span> <span class='ocrx_word' id='word_1_52' title='bbox 803 1235 812 1269; x_wconf 90' lang='lat'>,</span> <span class='ocrx_word' id='word_1_53' title='bbox 835 1185 1000 1278; x_wconf 72' lang='lat' dir='ltr'>praestitit.</span> <span class='ocrx_word' id='word_1_54' title='bbox 1019 1187 1171 1252; x_wconf 81' lang='lat' dir='ltr'>Perierat</span> <span class='ocrx_word' id='word_1_55' title='bbox 1186 1184 1274 1253; x_wconf 86' lang='lat' dir='ltr'>alter</span> <span class='ocrx_word' id='word_1_56' title='bbox 1287 1185 1375 1260; x_wconf 74' lang='lat' dir='ltr'>filius,</span> 
     </span>
     <span class='ocr_line' id='line_1_8' title="bbox 338 1300 988 1395; baseline 0.003 -29"><span class='ocrx_word' id='word_1_57' title='bbox 338 1300 366 1366; x_wconf 92' lang='lat' dir='ltr'>si</span> <span class='ocrx_word' id='word_1_58' title='bbox 386 1301 540 1368; x_wconf 80' lang='lat' dir='ltr'>carnifici</span> <span class='ocrx_word' id='word_1_59' title='bbox 559 1303 701 1370; x_wconf 85' lang='lat' dir='ltr'>conviva</span> <span class='ocrx_word' id='word_1_60' title='bbox 716 1325 784 1369; x_wconf 90' lang='lat' dir='ltr'>non</span> <span class='ocrx_word' id='word_1_61' title='bbox 798 1301 988 1395; x_wconf 75' lang='lat' dir='ltr'>placuisset.</span> 
     </span>
    </p>

    <p class='ocr_par' dir='ltr' id='par_1_2' title="bbox 301 1417 1378 1745">
     <span class='ocr_line' id='line_1_9' title="bbox 301 1417 1377 1512; baseline 0.002 -28"><span class='ocrx_word' id='word_1_62' title='bbox 301 1445 307 1476; x_wconf 88' lang='grc' dir='ltr'>ι</span> <span class='ocrx_word' id='word_1_63' title='bbox 388 1417 555 1486; x_wconf 85' lang='lat' dir='ltr'><strong>XXXIV.</strong></span> <span class='ocrx_word' id='word_1_64' title='bbox 577 1419 667 1510; x_wconf 84' lang='lat' dir='ltr'>Ergo</span> <span class='ocrx_word' id='word_1_65' title='bbox 685 1418 736 1484; x_wconf 83' lang='lat' dir='ltr'>ira</span> <span class='ocrx_word' id='word_1_66' title='bbox 754 1417 988 1486; x_wconf 87' lang='lat' dir='ltr'>abstinendum</span> <span class='ocrx_word' id='word_1_67' title='bbox 1008 1434 1079 1500; x_wconf 87' lang='lat' dir='ltr'>est,</span> <span class='ocrx_word' id='word_1_68' title='bbox 1102 1418 1173 1486; x_wconf 82' lang='lat' dir='ltr'>sire</span> <span class='ocrx_word' id='word_1_69' title='bbox 1196 1423 1259 1512; x_wconf 82' lang='lat' dir='ltr'>pa&#39;r</span> <span class='ocrx_word' id='word_1_70' title='bbox 1275 1419 1377 1509; x_wconf 83' lang='lat' dir='ltr'>estqui</span> 
     </span>
     <span class='ocr_line' id='line_1_10' title="bbox 337 1532 1378 1627; baseline 0.003 -27"><span class='ocrx_word' id='word_1_71' title='bbox 337 1532 554 1602; x_wconf 86' lang='lat' dir='ltr'>lacessendus</span> <span class='ocrx_word' id='word_1_72' title='bbox 571 1550 645 1618; x_wconf 88' lang='lat' dir='ltr'>est,</span> <span class='ocrx_word' id='word_1_73' title='bbox 668 1535 738 1602; x_wconf 88' lang='lat' dir='ltr'>sive</span> <span class='ocrx_word' id='word_1_74' title='bbox 757 1535 929 1627; x_wconf 87' lang='lat' dir='ltr'>superior,</span> <span class='ocrx_word' id='word_1_75' title='bbox 948 1535 1017 1602; x_wconf 87' lang='lat' dir='ltr'>sive</span> <span class='ocrx_word' id='word_1_76' title='bbox 1035 1533 1188 1601; x_wconf 78' lang='lat' dir='ltr'>inferior.</span> <span class='ocrx_word' id='word_1_77' title='bbox 1213 1537 1296 1603; x_wconf 85' lang='lat' dir='ltr'>Cum</span> <span class='ocrx_word' id='word_1_78' title='bbox 1315 1555 1378 1626; x_wconf 83' lang='lat' dir='ltr'>pare</span> 
     </span>
     <span class='ocr_line' id='line_1_11' title="bbox 336 1649 1377 1745; baseline -0.001 -28"><span class='ocrx_word' id='word_1_79' title='bbox 336 1649 570 1732; x_wconf 87' lang='lat' dir='ltr'>contendere,</span> <span class='ocrx_word' id='word_1_80' title='bbox 590 1674 716 1744; x_wconf 88' lang='lat' dir='ltr'>anceps</span> <span class='ocrx_word' id='word_1_81' title='bbox 727 1667 776 1718; x_wconf 89' lang='lat' dir='ltr'>est</span> <span class='ocrx_word' id='word_1_82' title='bbox 792 1679 801 1734; x_wconf 71' lang='grc' dir='ltr'><strong>ς</strong></span> <span class='ocrx_word' id='word_1_83' title='bbox 818 1674 893 1718; x_wconf 92' lang='lat' dir='ltr'>cum</span> <span class='ocrx_word' id='word_1_84' title='bbox 908 1651 1096 1745; x_wconf 85' lang='lat' dir='ltr'>superiore,</span> <span class='ocrx_word' id='word_1_85' title='bbox 1119 1651 1305 1732; x_wconf 76' lang='lat' dir='ltr'>ltuiosum3</span> <span class='ocrx_word' id='word_1_86' title='bbox 1320 1673 1377 1717; x_wconf 91' lang='lat' dir='ltr'>cun</span> 
     </span>
    </p>
   </div>
   <div class='ocr_carea' id='block_1_2' title="bbox 336 1765 1428 1858">
    <p class='ocr_par' dir='ltr' id='par_1_3' title="bbox 336 1765 1428 1858">
     <span class='ocr_line' id='line_1_12' title="bbox 336 1765 1428 1858; baseline 0.005 -28"><span class='ocrx_word' id='word_1_87' title='bbox 336 1765 520 1850; x_wconf 79' lang='lat' dir='ltr'>inferiore,</span> <span class='ocrx_word' id='word_1_88' title='bbox 543 1765 731 1834; x_wconf 88' lang='lat' dir='ltr'>sordidum.</span> <span class='ocrx_word' id='word_1_89' title='bbox 747 1765 864 1834; x_wconf 89' lang='lat' dir='ltr'>Pusilli</span> <span class='ocrx_word' id='word_1_90' title='bbox 882 1765 1026 1834; x_wconf 87' lang='lat' dir='ltr'>hominis</span> <span class='ocrx_word' id='word_1_91' title='bbox 1038 1781 1072 1832; x_wconf 92' lang='lat' dir='ltr'>et</span> <span class='ocrx_word' id='word_1_92' title='bbox 1084 1766 1200 1832; x_wconf 87' lang='lat' dir='ltr'>miseri</span> <span class='ocrx_word' id='word_1_93' title='bbox 1214 1781 1283 1850; x_wconf 89' lang='lat' dir='ltr'>est,</span> <span class='ocrx_word' id='word_1_94' title='bbox 1297 1787 1379 1856; x_wconf 79' lang='lat' dir='ltr'>repe·</span> <span class='ocrx_word' id='word_1_95' title='bbox 1427 1827 1428 1858; x_wconf 65' lang='lat'>,</span> 
     </span>
    </p>
   </div>
   <div class='ocr_carea' id='block_1_3' title="bbox 296 1873 1428 2435">
    <p class='ocr_par' dir='ltr' id='par_1_4' title="bbox 335 1873 1428 2320">
     <span class='ocr_line' id='line_1_13' title="bbox 337 1873 1428 1970; baseline -0.003 -26"><span class='ocrx_word' id='word_1_96' title='bbox 337 1893 408 1946; x_wconf 88' lang='lat' dir='ltr'>tere</span> <span class='ocrx_word' id='word_1_97' title='bbox 433 1879 669 1964; x_wconf 82' lang='lat' dir='ltr'>mordentem3</span> <span class='ocrx_word' id='word_1_98' title='bbox 692 1903 805 1948; x_wconf 88' lang='lat' dir='ltr'>mures</span> <span class='ocrx_word' id='word_1_99' title='bbox 825 1897 859 1947; x_wconf 91' lang='lat' dir='ltr'>et</span> <span class='ocrx_word' id='word_1_100' title='bbox 881 1880 1046 1959; x_wconf 75' lang='lat' dir='ltr'>formicae,</span> <span class='ocrx_word' id='word_1_101' title='bbox 1072 1883 1160 1970; x_wconf 85' lang='lat' dir='ltr'>qua¹</span> <span class='ocrx_word' id='word_1_102' title='bbox 1186 1903 1318 1946; x_wconf 86' lang='lat' dir='ltr'>manum</span> <span class='ocrx_word' id='word_1_103' title='bbox 1333 1873 1380 1944; x_wconf 81' lang='lat' dir='ltr'>ad</span> <span class='ocrx_word' id='word_1_104' title='bbox 1427 1881 1428 1942; x_wconf 65' lang='lat' dir='ltr'>i</span> 
     </span>
     <span class='ocr_line' id='line_1_14' title="bbox 337 1991 1380 2089; baseline -0.002 -29"><span class='ocrx_word' id='word_1_105' title='bbox 337 1995 506 2078; x_wconf 87' lang='lat' dir='ltr'>moveris,</span> <span class='ocrx_word' id='word_1_106' title='bbox 529 2021 588 2063; x_wconf 87' lang='lat' dir='ltr'>ora</span> <span class='ocrx_word' id='word_1_107' title='bbox 606 2011 808 2064; x_wconf 79' lang='lat' dir='ltr'>convertunt</span> <span class='ocrx_word' id='word_1_108' title='bbox 831 2023 837 2060; x_wconf 96' lang='lat'><strong>:</strong></span> <span class='ocrx_word' id='word_1_109' title='bbox 859 1995 1038 2064; x_wconf 86' lang='lat' dir='ltr'>imbecillia</span> <span class='ocrx_word' id='word_1_110' title='bbox 1060 2019 1095 2062; x_wconf 87' lang='lat' dir='ltr'>se</span> <span class='ocrx_word' id='word_1_111' title='bbox 1120 1995 1198 2062; x_wconf 82' lang='lat' dir='ltr'>laedi</span> <span class='ocrx_word' id='word_1_112' title='bbox 1214 1991 1380 2089; x_wconf 85' lang='lat' dir='ltr'>putant‚si</span> 
     </span>
     <span class='ocr_line' id='line_1_15' title="bbox 337 2105 1381 2204; baseline -0.001 -27"><span class='ocrx_word' id='word_1_113' title='bbox 337 2125 536 2203; x_wconf 78' lang='lat' dir='ltr'>tanguntur.</span> <span class='ocrx_word' id='word_1_114' title='bbox 564 2113 683 2182; x_wconf 81' lang='lat' dir='ltr'>Faciet</span> <span class='ocrx_word' id='word_1_115' title='bbox 700 2135 762 2182; x_wconf 90' lang='lat' dir='ltr'>nos</span> <span class='ocrx_word' id='word_1_116' title='bbox 781 2113 951 2194; x_wconf 82' lang='lat' dir='ltr'>mitiores,</span> <span class='ocrx_word' id='word_1_117' title='bbox 972 2114 999 2180; x_wconf 88' lang='lat' dir='ltr'>si</span> <span class='ocrx_word' id='word_1_118' title='bbox 1017 2112 1295 2204; x_wconf 81' lang='lat' dir='ltr'>cogitaverimus,</span> <span class='ocrx_word' id='word_1_119' title='bbox 1314 2105 1381 2201; x_wconf 88' lang='lat' dir='ltr'>qnid</span> 
     </span>
     <span class='ocr_line' id='line_1_16' title="bbox 335 2221 1383 2320; baseline -0.003 -31"><span class='ocrx_word' id='word_1_120' title='bbox 335 2223 518 2316; x_wconf 86' lang='lat' dir='ltr'>aliqnando</span> <span class='ocrx_word' id='word_1_121' title='bbox 538 2227 636 2296; x_wconf 90' lang='lat' dir='ltr'>nobis</span> <span class='ocrx_word' id='word_1_122' title='bbox 652 2227 820 2320; x_wconf 82' lang='lat' dir='ltr'>profuerit</span> <span class='ocrx_word' id='word_1_123' title='bbox 835 2225 910 2308; x_wconf 90' lang='lat' dir='ltr'>ille,</span> <span class='ocrx_word' id='word_1_124' title='bbox 930 2227 984 2292; x_wconf 93' lang='lat' dir='ltr'>cui</span> <span class='ocrx_word' id='word_1_125' title='bbox 1000 2225 1198 2306; x_wconf 86' lang='lat' dir='ltr'>irascimur,</span> <span class='ocrx_word' id='word_1_126' title='bbox 1220 2241 1255 2291; x_wconf 88' lang='lat' dir='ltr'>et</span> <span class='ocrx_word' id='word_1_127' title='bbox 1271 2221 1383 2290; x_wconf 85' lang='lat' dir='ltr'>meritis</span> 
     </span>
    </p>

    <p class='ocr_par' dir='ltr' id='par_1_5' title="bbox 296 2341 1385 2435">
     <span class='ocr_line' id='line_1_17' title="bbox 296 2341 1385 2435; baseline -0.003 -27"><span class='ocrx_word' id='word_1_128' title='bbox 296 2365 309 2395; x_wconf 79' lang='lat'>2</span> <span class='ocrx_word' id='word_1_129' title='bbox 335 2341 461 2410; x_wconf 84' lang='lat' dir='ltr'>offensa</span> <span class='ocrx_word' id='word_1_130' title='bbox 478 2342 680 2412; x_wconf 89' lang='lat' dir='ltr'>redimetur.</span> <span class='ocrx_word' id='word_1_131' title='bbox 694 2341 784 2412; x_wconf 92' lang='lat' dir='ltr'>Illud</span> <span class='ocrx_word' id='word_1_132' title='bbox 798 2367 931 2435; x_wconf 91' lang='lat' dir='ltr'>qnoque</span> <span class='ocrx_word' id='word_1_133' title='bbox 945 2357 1115 2423; x_wconf 84' lang='lat' dir='ltr'>occurrat,</span> <span class='ocrx_word' id='word_1_134' title='bbox 1132 2357 1295 2432; x_wconf 87' lang='lat' dir='ltr'>quantum</span> <span class='ocrx_word' id='word_1_135' title='bbox 1307 2363 1385 2407; x_wconf 87' lang='lat' dir='ltr'>com·</span> 
     </span>
    </p>
   </div>
   <div class='ocr_carea' id='block_1_4' title="bbox 293 2453 1429 3008">
    <p class='ocr_par' dir='ltr' id='par_1_6' title="bbox 293 2453 1429 3008">
     <span class='ocr_line' id='line_1_18' title="bbox 334 2453 1384 2543; baseline -0.001 -23"><span class='ocrx_word' id='word_1_136' title='bbox 334 2455 559 2525; x_wconf 88' lang='lat' dir='ltr'>mendationis</span> <span class='ocrx_word' id='word_1_137' title='bbox 581 2457 681 2524; x_wconf 91' lang='lat' dir='ltr'>nobis</span> <span class='ocrx_word' id='word_1_138' title='bbox 698 2455 840 2524; x_wconf 86' lang='lat' dir='ltr'>allatura</span> <span class='ocrx_word' id='word_1_139' title='bbox 858 2458 900 2523; x_wconf 89' lang='lat' dir='ltr'>sit</span> <span class='ocrx_word' id='word_1_140' title='bbox 917 2453 1100 2522; x_wconf 76' lang='lat' dir='ltr'>clementia·</span> <span class='ocrx_word' id='word_1_141' title='bbox 1116 2454 1223 2534; x_wconf 82' lang='lat' dir='ltr'>fama,</span> <span class='ocrx_word' id='word_1_142' title='bbox 1246 2469 1281 2520; x_wconf 87' lang='lat' dir='ltr'>et</span> <span class='ocrx_word' id='word_1_143' title='bbox 1297 2475 1384 2543; x_wconf 85' lang='lat' dir='ltr'>quam</span> 
     </span>
     <span class='ocr_line' id='line_1_19' title="bbox 333 2569 1429 2642; baseline -0.007 -2"><span class='ocrx_word' id='word_1_144' title='bbox 333 2571 456 2642; x_wconf 88' lang='lat' dir='ltr'>multos</span> <span class='ocrx_word' id='word_1_145' title='bbox 472 2575 573 2642; x_wconf 85' lang='lat' dir='ltr'>venia</span> <span class='ocrx_word' id='word_1_146' title='bbox 591 2573 717 2640; x_wconf 85' lang='lat' dir='ltr'>amicos</span> <span class='ocrx_word' id='word_1_147' title='bbox 734 2572 835 2641; x_wconf 88' lang='lat' dir='ltr'>utiles</span> <span class='ocrx_word' id='word_1_148' title='bbox 852 2571 981 2640; x_wconf 79' lang='lat' dir='ltr'>fecerit.</span> <span class='ocrx_word' id='word_1_149' title='bbox 998 2573 1047 2636; x_wconf 87' lang='lat' dir='ltr'>Ne</span> <span class='ocrx_word' id='word_1_150' title='bbox 1063 2570 1271 2637; x_wconf 84' lang='lat' dir='ltr'>irascamur²</span> <span class='ocrx_word' id='word_1_151' title='bbox 1289 2569 1387 2637; x_wconf 89' lang='lat' dir='ltr'>inimi·</span> <span class='ocrx_word' id='word_1_152' title='bbox 1428 2611 1429 2620; x_wconf 23' lang='grc' dir='ltr'>η</span> 
     </span>
     <span class='ocr_line' id='line_1_20' title="bbox 293 2669 1429 2778; baseline -0.007 -22"><span class='ocrx_word' id='word_1_153' title='bbox 293 2698 448 2756; x_wconf 81' lang='lat' dir='ltr'>3corum</span> <span class='ocrx_word' id='word_1_154' title='bbox 481 2705 515 2757; x_wconf 92' lang='lat' dir='ltr'>et</span> <span class='ocrx_word' id='word_1_155' title='bbox 541 2691 688 2758; x_wconf 90' lang='lat' dir='ltr'>hostium</span> <span class='ocrx_word' id='word_1_156' title='bbox 721 2688 849 2755; x_wconf 87' lang='lat' dir='ltr'>liberis.</span> <span class='ocrx_word' id='word_1_157' title='bbox 888 2689 980 2754; x_wconf 87' lang='lat' dir='ltr'>Inter</span> <span class='ocrx_word' id='word_1_158' title='bbox 1011 2683 1154 2778; x_wconf 75' lang='lat' dir='ltr'>Syllsnoe</span> <span class='ocrx_word' id='word_1_159' title='bbox 1189 2685 1388 2752; x_wconf 84' lang='lat' dir='ltr'>crudelitatis</span> <span class='ocrx_word' id='word_1_160' title='bbox 1428 2669 1429 2674; x_wconf 8' lang='grc' dir='ltr'>ἵ</span> 
     </span>
     <span class='ocr_line' id='line_1_21' title="bbox 332 2797 1387 2896; baseline -0.005 -26"><span class='ocrx_word' id='word_1_161' title='bbox 332 2801 486 2896; x_wconf 79' lang='lat' dir='ltr'>exempla</span> <span class='ocrx_word' id='word_1_162' title='bbox 495 2819 566 2886; x_wconf 88' lang='lat' dir='ltr'>est,</span> <span class='ocrx_word' id='word_1_163' title='bbox 583 2803 676 2896; x_wconf 92' lang='lat' dir='ltr'>quod</span> <span class='ocrx_word' id='word_1_164' title='bbox 688 2801 893 2896; x_wconf 75' lang='lat' dir='ltr'>erepublica</span> <span class='ocrx_word' id='word_1_165' title='bbox 905 2800 1028 2870; x_wconf 88' lang='lat' dir='ltr'>liberos</span> <span class='ocrx_word' id='word_1_166' title='bbox 1039 2801 1303 2892; x_wconf 87' lang='lat' dir='ltr'>proscriptorum</span> <span class='ocrx_word' id='word_1_167' title='bbox 1314 2797 1387 2866; x_wconf 71' lang='lat' dir='ltr'>sub</span> 
     </span>
     <span class='ocr_line' id='line_1_22' title="bbox 332 2913 1388 3008; baseline -0.001 -26"><span class='ocrx_word' id='word_1_168' title='bbox 332 2917 446 2984; x_wconf 84' lang='lat' dir='ltr'>movit.</span> <span class='ocrx_word' id='word_1_169' title='bbox 476 2917 570 2985; x_wconf 89' lang='lat' dir='ltr'>Nihil</span> <span class='ocrx_word' id='word_1_170' title='bbox 593 2934 644 2986; x_wconf 90' lang='lat' dir='ltr'>est</span> <span class='ocrx_word' id='word_1_171' title='bbox 672 2919 825 3008; x_wconf 88' lang='lat' dir='ltr'>iniquius</span> <span class='ocrx_word' id='word_1_172' title='bbox 849 2939 947 3008; x_wconf 90' lang='lat' dir='ltr'>quam</span> <span class='ocrx_word' id='word_1_173' title='bbox 968 2914 1113 3008; x_wconf 87' lang='lat' dir='ltr'>aliquem</span> <span class='ocrx_word' id='word_1_174' title='bbox 1138 2913 1310 2982; x_wconf 81' lang='lat' dir='ltr'>haeredem</span> <span class='ocrx_word' id='word_1_175' title='bbox 1332 2937 1388 3004; x_wconf 86' lang='lat' dir='ltr'>pa·</span> 
     </span>
    </p>
   </div>
   <div class='ocr_carea' id='block_1_5' title="bbox 323 3149 1398 4321">
    <p class='ocr_par' dir='ltr' id='par_1_7' title="bbox 323 3149 1398 4321">
     <span class='ocr_line' id='line_1_23' title="bbox 329 3149 1390 3228; baseline -0.005 -21"><span class='ocrx_word' id='word_1_176' title='bbox 329 3156 611 3228; x_wconf 67' lang='lat' dir='ltr'>morelegeretJ‘scilis</span> <span class='ocrx_word' id='word_1_177' title='bbox 625 3167 708 3208; x_wconf 86' lang='lat' dir='ltr'>sotem</span> <span class='ocrx_word' id='word_1_178' title='bbox 722 3153 838 3207; x_wconf 77' lang='lat' dir='ltr'>erstlsee</span> <span class='ocrx_word' id='word_1_179' title='bbox 886 3152 986 3206; x_wconf 80' lang='lat' dir='ltr'>desieris</span> <span class='ocrx_word' id='word_1_180' title='bbox 1004 3165 1031 3203; x_wconf 89' lang='lat' dir='ltr'>tu</span> <span class='ocrx_word' id='word_1_181' title='bbox 1050 3151 1139 3214; x_wconf 75' lang='lat' dir='ltr'>irssd,</span> <span class='ocrx_word' id='word_1_182' title='bbox 1159 3163 1185 3202; x_wconf 87' lang='lat' dir='ltr'>st</span> <span class='ocrx_word' id='word_1_183' title='bbox 1202 3149 1281 3204; x_wconf 77' lang='lat' dir='ltr'>bostis</span> <span class='ocrx_word' id='word_1_184' title='bbox 1293 3149 1390 3202; x_wconf 76' lang='lat' dir='ltr'>desisset</span> 
     </span>
     <span class='ocr_line' id='line_1_24' title="bbox 327 3227 1390 3300; baseline -0.008 -15"><span class='ocrx_word' id='word_1_185' title='bbox 327 3234 432 3286; x_wconf 77' lang='lat' dir='ltr'>mutatio</span> <span class='ocrx_word' id='word_1_186' title='bbox 453 3243 585 3300; x_wconf 69' lang='lat' dir='ltr'>trojanum</span> <span class='ocrx_word' id='word_1_187' title='bbox 601 3235 629 3286; x_wconf 87' lang='lat' dir='ltr'>in</span> <span class='ocrx_word' id='word_1_188' title='bbox 649 3251 804 3296; x_wconf 79' lang='lat' dir='ltr'>somnum,</span> <span class='ocrx_word' id='word_1_189' title='bbox 817 3231 838 3283; x_wconf 88' lang='lat' dir='ltr'>si</span> <span class='ocrx_word' id='word_1_190' title='bbox 921 3229 1094 3282; x_wconf 78' lang='lat' dir='ltr'>1.Mum......</span> <span class='ocrx_word' id='word_1_191' title='bbox 1104 3247 1168 3297; x_wconf 74' lang='lat' dir='ltr'>pus.</span> <span class='ocrx_word' id='word_1_192' title='bbox 1180 3229 1296 3280; x_wconf 59' lang='grc' dir='ltr'>(ἔναιον.</span> <span class='ocrx_word' id='word_1_193' title='bbox 1311 3227 1390 3298; x_wconf 66' lang='lat' dir='ltr'>lipsio</span> 
     </span>
     <span class='ocr_line' id='line_1_25' title="bbox 327 3303 1251 3388; baseline -0.01 -22"><span class='ocrx_word' id='word_1_194' title='bbox 327 3315 474 3388; x_wconf 80' lang='lat' dir='ltr'>scripturam</span> <span class='ocrx_word' id='word_1_195' title='bbox 496 3315 571 3367; x_wconf 87' lang='lat' dir='ltr'>codd.</span> <span class='ocrx_word' id='word_1_196' title='bbox 592 3314 694 3386; x_wconf 77' lang='lat' dir='ltr'>cogites.</span> <span class='ocrx_word' id='word_1_197' title='bbox 719 3311 779 3364; x_wconf 79' lang='lat' dir='ltr'>ltlox</span> <span class='ocrx_word' id='word_1_198' title='bbox 789 3331 797 3364; x_wconf 73' lang='grc' dir='ltr'>ι</span> <span class='ocrx_word' id='word_1_199' title='bbox 809 3330 840 3363; x_wconf 84' lang='lat' dir='ltr'>ne</span> <span class='ocrx_word' id='word_1_200' title='bbox 888 3320 1037 3382; x_wconf 74' lang='lat' dir='ltr'>preeuntes</span> <span class='ocrx_word' id='word_1_201' title='bbox 1050 3303 1123 3358; x_wconf 86' lang='lat' dir='ltr'>codd.</span> <span class='ocrx_word' id='word_1_202' title='bbox 1135 3306 1251 3358; x_wconf 81' lang='lat' dir='ltr'>restituit</span> 
     </span>
     <span class='ocr_line' id='line_1_26' title="bbox 328 3381 1390 3463; baseline -0.011 -19"><span class='ocrx_word' id='word_1_203' title='bbox 328 3391 485 3460; x_wconf 78' lang='lat' dir='ltr'>locpns&#39;dem</span> <span class='ocrx_word' id='word_1_204' title='bbox 493 3395 613 3460; x_wconf 77' lang='lat' dir='ltr'>pennr&#39;sit</span> <span class='ocrx_word' id='word_1_205' title='bbox 625 3389 840 3463; x_wconf 79' lang='lat' dir='ltr'>(interpunctione</span> <span class='ocrx_word' id='word_1_206' title='bbox 922 3407 944 3437; x_wconf 83' lang='lat' dir='ltr'>s.</span> <span class='ocrx_word' id='word_1_207' title='bbox 957 3387 997 3438; x_wconf 84' lang='lat' dir='ltr'>Ne</span> <span class='ocrx_word' id='word_1_208' title='bbox 1014 3389 1164 3437; x_wconf 78' lang='lat' dir='ltr'>imscossur.</span> <span class='ocrx_word' id='word_1_209' title='bbox 1184 3383 1291 3436; x_wconf 76' lang='lat' dir='ltr'>Etiamsi</span> <span class='ocrx_word' id='word_1_210' title='bbox 1311 3381 1390 3455; x_wconf 75' lang='lat' dir='ltr'>lipsio</span> 
     </span>
     <span class='ocr_line' id='line_1_27' title="bbox 326 3461 1390 3539; baseline -0.007 -19"><span class='ocrx_word' id='word_1_211' title='bbox 326 3469 424 3521; x_wconf 82' lang='lat' dir='ltr'>sublata</span> <span class='ocrx_word' id='word_1_212' title='bbox 434 3471 445 3534; x_wconf 91' lang='lat'>)</span> <span class='ocrx_word' id='word_1_213' title='bbox 457 3471 580 3539; x_wconf 52' lang='lat' dir='ltr'>&amp;crepans</span> <span class='ocrx_word' id='word_1_214' title='bbox 589 3471 691 3520; x_wconf 80' lang='lat' dir='ltr'>interim</span> <span class='ocrx_word' id='word_1_215' title='bbox 705 3467 766 3532; x_wconf 83' lang='lat' dir='ltr'>(sub</span> <span class='ocrx_word' id='word_1_216' title='bbox 773 3483 841 3520; x_wconf 87' lang='lat' dir='ltr'>coa-</span> <span class='ocrx_word' id='word_1_217' title='bbox 888 3484 941 3517; x_wconf 83' lang='lat' dir='ltr'>uon</span> <span class='ocrx_word' id='word_1_218' title='bbox 948 3465 1056 3536; x_wconf 76' lang='lat' dir='ltr'>relrsger</span> <span class='ocrx_word' id='word_1_219' title='bbox 1064 3501 1072 3528; x_wconf 84' lang='lat'>,</span> <span class='ocrx_word' id='word_1_220' title='bbox 1080 3461 1260 3526; x_wconf 73' lang='lat' dir='ltr'>comendenti,</span> <span class='ocrx_word' id='word_1_221' title='bbox 1272 3461 1314 3514; x_wconf 84' lang='lat' dir='ltr'>bie</span> <span class='ocrx_word' id='word_1_222' title='bbox 1323 3479 1390 3531; x_wconf 63' lang='lat' dir='ltr'>qut</span> 
     </span>
     <span class='ocr_line' id='line_1_28' title="bbox 327 3539 1392 3618; baseline -0.011 -20"><span class='ocrx_word' id='word_1_223' title='bbox 327 3547 395 3599; x_wconf 84' lang='lat' dir='ltr'>virio</span> <span class='ocrx_word' id='word_1_224' title='bbox 407 3553 415 3614; x_wconf 91' lang='lat'>)</span> <span class='ocrx_word' id='word_1_225' title='bbox 428 3548 475 3612; x_wconf 85' lang='lat' dir='ltr'>‚ad</span> <span class='ocrx_word' id='word_1_226' title='bbox 488 3547 629 3618; x_wconf 70' lang='lat' dir='ltr'>Caligulam</span> <span class='ocrx_word' id='word_1_227' title='bbox 638 3549 733 3611; x_wconf 77' lang='lat' dir='ltr'>resero,</span> <span class='ocrx_word' id='word_1_228' title='bbox 744 3547 840 3600; x_wconf 83' lang='lat' dir='ltr'>ironice</span> <span class='ocrx_word' id='word_1_229' title='bbox 888 3541 945 3594; x_wconf 88' lang='lat' dir='ltr'>dsm</span> <span class='ocrx_word' id='word_1_230' title='bbox 956 3541 1087 3605; x_wconf 72' lang='lat' dir='ltr'>exsilisse,</span> <span class='ocrx_word' id='word_1_231' title='bbox 1099 3553 1183 3592; x_wconf 79' lang='lat' dir='ltr'>tamea</span> <span class='ocrx_word' id='word_1_232' title='bbox 1195 3539 1223 3592; x_wconf 89' lang='lat' dir='ltr'>ia</span> <span class='ocrx_word' id='word_1_233' title='bbox 1232 3551 1344 3592; x_wconf 74' lang='lat' dir='ltr'>mntem</span> <span class='ocrx_word' id='word_1_234' title='bbox 1355 3557 1392 3586; x_wconf 82' lang='lat' dir='ltr'>re-</span> 
     </span>
     <span class='ocr_line' id='line_1_29' title="bbox 328 3615 1392 3693; baseline -0.008 -18"><span class='ocrx_word' id='word_1_235' title='bbox 328 3623 440 3688; x_wconf 81' lang='lat' dir='ltr'>dictum,</span> <span class='ocrx_word' id='word_1_236' title='bbox 456 3639 486 3676; x_wconf 93' lang='lat' dir='ltr'>ut</span> <span class='ocrx_word' id='word_1_237' title='bbox 497 3625 569 3676; x_wconf 77' lang='lat' dir='ltr'>facile</span> <span class='ocrx_word' id='word_1_238' title='bbox 580 3624 717 3693; x_wconf 75' lang='lat' dir='ltr'>intelligas.</span> <span class='ocrx_word' id='word_1_239' title='bbox 730 3624 839 3675; x_wconf 85' lang='lat' dir='ltr'>Admo-</span> <span class='ocrx_word' id='word_1_240' title='bbox 889 3621 942 3672; x_wconf 90' lang='lat' dir='ltr'>nire</span> <span class='ocrx_word' id='word_1_241' title='bbox 954 3631 1049 3693; x_wconf 85' lang='lat' dir='ltr'>potest,</span> <span class='ocrx_word' id='word_1_242' title='bbox 1063 3617 1199 3680; x_wconf 83' lang='lat' dir='ltr'>Senecam,</span> <span class='ocrx_word' id='word_1_243' title='bbox 1211 3615 1334 3670; x_wconf 82' lang='lat' dir='ltr'>membris</span> <span class='ocrx_word' id='word_1_244' title='bbox 1345 3633 1392 3666; x_wconf 83' lang='lat' dir='ltr'>ses·</span> 
     </span>
     <span class='ocr_line' id='line_1_30' title="bbox 327 3693 1393 3766; baseline -0.009 -13"><span class='ocrx_word' id='word_1_245' title='bbox 327 3723 390 3754; x_wconf 82' lang='lat' dir='ltr'>oens</span> <span class='ocrx_word' id='word_1_246' title='bbox 403 3715 439 3756; x_wconf 81' lang='lat' dir='ltr'>est</span> <span class='ocrx_word' id='word_1_247' title='bbox 451 3703 526 3756; x_wconf 86' lang='lat' dir='ltr'>lectio</span> <span class='ocrx_word' id='word_1_248' title='bbox 538 3703 612 3756; x_wconf 83' lang='lat' dir='ltr'>codd.</span> <span class='ocrx_word' id='word_1_249' title='bbox 630 3703 726 3756; x_wconf 83' lang='lat' dir='ltr'>bonurn</span> <span class='ocrx_word' id='word_1_250' title='bbox 738 3719 838 3754; x_wconf 81' lang='lat' dir='ltr'>sensnm</span> <span class='ocrx_word' id='word_1_251' title='bbox 888 3697 970 3749; x_wconf 86' lang='lat' dir='ltr'>monis</span> <span class='ocrx_word' id='word_1_252' title='bbox 984 3694 1133 3766; x_wconf 79' lang='lat' dir='ltr'>quibasdam</span> <span class='ocrx_word' id='word_1_253' title='bbox 1150 3694 1265 3756; x_wconf 81' lang='lat' dir='ltr'>omissis,</span> <span class='ocrx_word' id='word_1_254' title='bbox 1278 3693 1362 3746; x_wconf 72' lang='lat' dir='ltr'>venie</span> <span class='ocrx_word' id='word_1_255' title='bbox 1373 3705 1393 3742; x_wconf 88' lang='lat' dir='ltr'>et</span> 
     </span>
     <span class='ocr_line' id='line_1_31' title="bbox 325 3775 1394 3853; baseline -0.006 -23"><span class='ocrx_word' id='word_1_256' title='bbox 325 3781 444 3852; x_wconf 80' lang='lat' dir='ltr'>proluens</span> <span class='ocrx_word' id='word_1_257' title='bbox 466 3801 473 3833; x_wconf 88' lang='lat'><strong>:</strong></span> <span class='ocrx_word' id='word_1_258' title='bbox 495 3781 582 3834; x_wconf 88' lang='lat' dir='ltr'>crebro</span> <span class='ocrx_word' id='word_1_259' title='bbox 604 3785 725 3834; x_wconf 71' lang='lat' dir='ltr'>incitans.</span> <span class='ocrx_word' id='word_1_260' title='bbox 743 3779 839 3853; x_wconf 86' lang='lat' dir='ltr'>Lipsius</span> <span class='ocrx_word' id='word_1_261' title='bbox 887 3777 1024 3830; x_wconf 79' lang='lat' dir='ltr'>clementie</span> <span class='ocrx_word' id='word_1_262' title='bbox 1033 3775 1174 3848; x_wconf 78' lang='lat' dir='ltr'>exemplum</span> <span class='ocrx_word' id='word_1_263' title='bbox 1184 3775 1346 3848; x_wconf 71' lang='lat' dir='ltr'>pot&#39;usinun</span> <span class='ocrx_word' id='word_1_264' title='bbox 1356 3793 1394 3844; x_wconf 77' lang='lat' dir='ltr'>sp</span> 
     </span>
     <span class='ocr_line' id='line_1_32' title="bbox 327 3853 1394 3929; baseline -0.003 -22"><span class='ocrx_word' id='word_1_265' title='bbox 327 3857 392 3928; x_wconf 76' lang='lat' dir='ltr'>conj.</span> <span class='ocrx_word' id='word_1_266' title='bbox 406 3861 559 3911; x_wconf 83' lang='lat' dir='ltr'>admonens.</span> <span class='ocrx_word' id='word_1_267' title='bbox 887 3875 978 3929; x_wconf 88' lang='lat' dir='ltr'>ponere</span> <span class='ocrx_word' id='word_1_268' title='bbox 997 3854 1120 3907; x_wconf 81' lang='lat' dir='ltr'>maluisse.</span> <span class='ocrx_word' id='word_1_269' title='bbox 1140 3855 1179 3904; x_wconf 74' lang='lat' dir='ltr'>lle</span> <span class='ocrx_word' id='word_1_270' title='bbox 1195 3854 1311 3906; x_wconf 67' lang='lat' dir='ltr'>nantis</span> <span class='ocrx_word' id='word_1_271' title='bbox 1332 3853 1394 3904; x_wconf 79' lang='lat' dir='ltr'>inle-</span> 
     </span>
     <span class='ocr_line' id='line_1_33' title="bbox 349 3931 1395 4008; baseline -0.006 -23"><span class='ocrx_word' id='word_1_272' title='bbox 349 3935 473 3988; x_wconf 81' lang='lat' dir='ltr'>XXXIV.</span> <span class='ocrx_word' id='word_1_273' title='bbox 482 3939 552 3988; x_wconf 72' lang='lat' dir='ltr'>Aac.</span> <span class='ocrx_word' id='word_1_274' title='bbox 562 3937 836 4008; x_wconf 79' lang='lat' dir='ltr'>ltaqueneirsscemur,</span> <span class='ocrx_word' id='word_1_275' title='bbox 888 3935 964 3999; x_wconf 87' lang='lat' dir='ltr'>riori,</span> <span class='ocrx_word' id='word_1_276' title='bbox 977 3953 1057 4003; x_wconf 85' lang='lat' dir='ltr'>neque</span> <span class='ocrx_word' id='word_1_277' title='bbox 1070 3933 1101 3984; x_wconf 89' lang='lat' dir='ltr'>i&#39;ss</span> <span class='ocrx_word' id='word_1_278' title='bbox 1112 3931 1202 4003; x_wconf 85' lang='lat' dir='ltr'>quibus</span> <span class='ocrx_word' id='word_1_279' title='bbox 1210 3931 1284 3984; x_wconf 77' lang='lat' dir='ltr'>insci</span> <span class='ocrx_word' id='word_1_280' title='bbox 1296 3949 1395 4005; x_wconf 76' lang='lat' dir='ltr'>posses:</span> 
     </span>
     <span class='ocr_line' id='line_1_34' title="bbox 326 4007 1395 4086; baseline -0.004 -24"><span class='ocrx_word' id='word_1_281' title='bbox 326 4011 451 4084; x_wconf 71' lang='lat' dir='ltr'>preclare</span> <span class='ocrx_word' id='word_1_282' title='bbox 473 4029 552 4065; x_wconf 71' lang='lat' dir='ltr'>cause</span> <span class='ocrx_word' id='word_1_283' title='bbox 572 4017 711 4066; x_wconf 71' lang='lat' dir='ltr'>atteruntur</span> <span class='ocrx_word' id='word_1_284' title='bbox 730 4035 736 4064; x_wconf 93' lang='lat'><strong>:</strong></span> <span class='ocrx_word' id='word_1_285' title='bbox 755 4013 837 4086; x_wconf 88' lang='lat' dir='ltr'>primo</span> <span class='ocrx_word' id='word_1_286' title='bbox 887 4013 913 4064; x_wconf 88' lang='lat' dir='ltr'>bi</span> <span class='ocrx_word' id='word_1_287' title='bbox 927 4011 993 4064; x_wconf 83' lang='lat' dir='ltr'>enim</span> <span class='ocrx_word' id='word_1_288' title='bbox 1011 4009 1147 4081; x_wconf 80' lang='lat' dir='ltr'>sliqusndo</span> <span class='ocrx_word' id='word_1_289' title='bbox 1162 4007 1206 4060; x_wconf 70' lang='lat' dir='ltr'>fils·</span> <span class='ocrx_word' id='word_1_290' title='bbox 1221 4009 1255 4061; x_wconf 82' lang='lat' dir='ltr'>ab</span> <span class='ocrx_word' id='word_1_291' title='bbox 1266 4009 1339 4062; x_wconf 77' lang='lat' dir='ltr'>bne</span> <span class='ocrx_word' id='word_1_292' title='bbox 1351 4027 1395 4058; x_wconf 79' lang='lat' dir='ltr'>ve-</span> 
     </span>
     <span class='ocr_line' id='line_1_35' title="bbox 327 4085 1397 4162; baseline 0.001 -26"><span class='ocrx_word' id='word_1_293' title='bbox 327 4085 369 4137; x_wconf 89' lang='lat' dir='ltr'>ille</span> <span class='ocrx_word' id='word_1_294' title='bbox 378 4088 451 4139; x_wconf 87' lang='lat' dir='ltr'>nobis</span> <span class='ocrx_word' id='word_1_295' title='bbox 461 4089 577 4161; x_wconf 86' lang='lat' dir='ltr'>prodesse</span> <span class='ocrx_word' id='word_1_296' title='bbox 591 4105 685 4162; x_wconf 87' lang='lat' dir='ltr'>potest,</span> <span class='ocrx_word' id='word_1_297' title='bbox 699 4091 739 4144; x_wconf 88' lang='lat' dir='ltr'>eui</span> <span class='ocrx_word' id='word_1_298' title='bbox 750 4091 837 4142; x_wconf 83' lang='lat' dir='ltr'>iresce·</span> <span class='ocrx_word' id='word_1_299' title='bbox 887 4091 955 4143; x_wconf 81' lang='lat' dir='ltr'>niem</span> <span class='ocrx_word' id='word_1_300' title='bbox 968 4088 1030 4162; x_wconf 72' lang='lat' dir='ltr'>greti</span> <span class='ocrx_word' id='word_1_301' title='bbox 1043 4101 1124 4140; x_wconf 85' lang='lat' dir='ltr'>eruat.</span> <span class='ocrx_word' id='word_1_302' title='bbox 1137 4087 1299 4160; x_wconf 79' lang='lat' dir='ltr'>Quapropter</span> <span class='ocrx_word' id='word_1_303' title='bbox 1312 4107 1347 4139; x_wconf 80' lang='lat' dir='ltr'>ne</span> <span class='ocrx_word' id='word_1_304' title='bbox 1359 4105 1397 4136; x_wconf 83' lang='lat' dir='ltr'>es-</span> 
     </span>
     <span class='ocr_line' id='line_1_36' title="bbox 325 4163 1395 4232; baseline -0.001 -17"><span class='ocrx_word' id='word_1_305' title='bbox 325 4183 429 4232; x_wconf 81' lang='lat' dir='ltr'>remur;</span> <span class='ocrx_word' id='word_1_306' title='bbox 451 4179 504 4220; x_wconf 84' lang='lat' dir='ltr'>tum</span> <span class='ocrx_word' id='word_1_307' title='bbox 524 4167 590 4220; x_wconf 80' lang='lat' dir='ltr'>lsrns</span> <span class='ocrx_word' id='word_1_308' title='bbox 610 4169 750 4221; x_wconf 77' lang='lat' dir='ltr'>clementie</span> <span class='ocrx_word' id='word_1_309' title='bbox 771 4165 836 4218; x_wconf 88' lang='lat' dir='ltr'>nulli</span> <span class='ocrx_word' id='word_1_310' title='bbox 886 4163 1395 4221; x_wconf 79' lang='lat' dir='ltr'>tendssirsmetialiberosissinicorum:</span> 
     </span>
     <span class='ocr_line' id='line_1_37' title="bbox 323 4245 1398 4321; baseline -0.005 -24"><span class='ocrx_word' id='word_1_311' title='bbox 323 4265 376 4297; x_wconf 86' lang='lat' dir='ltr'>uon</span> <span class='ocrx_word' id='word_1_312' title='bbox 395 4247 463 4298; x_wconf 86' lang='lat' dir='ltr'>utilis</span> <span class='ocrx_word' id='word_1_313' title='bbox 477 4261 528 4311; x_wconf 85' lang='lat' dir='ltr'>est;</span> <span class='ocrx_word' id='word_1_314' title='bbox 549 4249 665 4321; x_wconf 81' lang='lat' dir='ltr'>deinceps</span> <span class='ocrx_word' id='word_1_315' title='bbox 677 4291 683 4314; x_wconf 83' lang='lat'><strong><em>‚</em></strong></span> <span class='ocrx_word' id='word_1_316' title='bbox 698 4249 722 4300; x_wconf 84' lang='lat' dir='ltr'>si</span> <span class='ocrx_word' id='word_1_317' title='bbox 736 4248 837 4318; x_wconf 76' lang='lat' dir='ltr'>qnando</span> <span class='ocrx_word' id='word_1_318' title='bbox 887 4247 934 4300; x_wconf 86' lang='lat' dir='ltr'>boc</span> <span class='ocrx_word' id='word_1_319' title='bbox 945 4263 1009 4299; x_wconf 70' lang='grc' dir='ltr'>ηοω</span> <span class='ocrx_word' id='word_1_320' title='bbox 1021 4265 1121 4316; x_wconf 83' lang='lat' dir='ltr'>qaoque</span> <span class='ocrx_word' id='word_1_321' title='bbox 1132 4245 1266 4316; x_wconf 67' lang='lat' dir='ltr'>sequeuth</span> <span class='ocrx_word' id='word_1_322' title='bbox 1278 4265 1342 4298; x_wconf 77' lang='lat' dir='ltr'>mm</span> <span class='ocrx_word' id='word_1_323' title='bbox 1356 4263 1398 4294; x_wconf 86' lang='lat' dir='ltr'>sa·</span> 
     </span>
    </p>
   </div>
   <div class='ocr_carea' id='block_1_6' title="bbox 0 0 1460 4954">
    <p class='ocr_par' dir='ltr' id='par_1_8' title="bbox 0 0 1460 4954">
     <span class='ocr_line' id='line_1_38' title="bbox 0 0 1460 4954; baseline 0 1"><span class='ocrx_word' id='word_1_324' title='bbox 0 0 1460 4954; x_wconf 95' lang='lat' dir='ltr'> </span> 
     </span>
    </p>
   </div>
  </div>
 </body>
</html>
