2910 4954
299 483 360 548 136
692 489 795 575 ,ne
831 487 921 555 raa

290 609 367 677 'erat
381 659 391 691 ,
411 633 527 679 vocem
540 612 760 698 aubmittere,
782 613 875 708 loqui
892 616 1053 709 parciua3
1070 616 1256 710 apparebat
1278 633 1350 683 tunc

292 723 395 825 illum
406 725 472 794 sibi
491 726 638 797 obstare.
660 729 990 823 Deprehendebatur
1012 731 1127 822 itaque
1145 755 1165 800 a
1184 731 1350 800 familiari·

292 841 378 924 but,
395 839 430 910 et
439 845 689 938 coarguebatur
699 869 715 932 ς’
725 871 790 916 neo
801 862 876 916 erat
889 847 939 915 illi
949 849 1165 941 exprobratio
1179 853 1186 884 ¹
1198 849 1350 916 latitantia

294 961 353 1028 irae
379 961 525 1054 ingrata.
552 962 685 1054 Quidni
709 963 893 1057 gauderet,
924 963 1017 1058 quod
1039 967 1124 1034 iram
1147 989 1240 1036 auum
1263 964 1351 1034 multi

295 1076 549 1168 intelligerent,
566 1103 665 1148 nemo
681 1083 823 1161 sentiret
838 1083 854 1149 P
871 1083 1038 1151 Senaiaaet
1051 1098 1165 1153 autem
1179 1088 1206 1165 ³,
1228 1082 1292 1150 niti
1302 1081 1352 1173 juo

293 1191 411 1261 amicia
428 1193 634 1288 objurgandi
654 1219 690 1264 ae
711 1194 882 1282 dedisset,
905 1199 993 1267 sicut
1009 1199 1083 1292 ipae
1100 1197 1165 1266 eibi
1184 1199 1219 1266 in
1237 1197 1354 1266 amiooa

254 1323 270 1376 ³
294 1325 496 1403 sumpserat.
514 1311 653 1405 Quanto
670 1316 778 1408 magia
800 1315 865 1383 boc
882 1316 981 1384 nobie
1003 1313 1194 1385 laciendum
1211 1331 1263 1383 eat
1276 1317 1291 1382 l
1303 1337 1355 1382 ro·

296 1449 414 1520 gemus
427 1429 667 1500 amicissimum
680 1455 873 1524 quemque,
889 1445 928 1500 ut
944 1447 1026 1500 tunc
1041 1433 1184 1499 maxime
1200 1430 1355 1500 advertua

191 1525 195 1532 ¹
294 1568 357 1611 noa
369 1545 526 1615 libertate
544 1563 678 1630 utatur,
696 1571 801 1640 quum
814 1549 952 1618 minime
966 1548 1058 1616 illam
1071 1549 1142 1640 pati
1153 1549 1353 1642 poterimus,

295 1685 359 1730 nec
384 1664 589 1732 assentiatur
613 1664 673 1733 irae
697 1680 845 1751 nostre,
867 1681 985 1734 canu-a
1008 1680 1129 1758 potens
1154 1665 1299 1748 malum,
1326 1677 1357 1730 et

295 1776 387 1870 apud
402 1801 463 1845 noa
482 1779 664 1870 gratiosum
680 1829 689 1862 ,
708 1777 789 1846 dum
806 1773 1065 1872 conspicimm',
1086 1775 1166 1845 dum
1183 1778 1291 1848 nostri
1307 1801 1358 1844 au-

296 1917 370 1960 mue
385 1944 394 1976 ,
411 1893 624 1963 advocemus.

343 2009 440 2100 xlv.
461 2008 534 2102 Qui
552 2011 668 2077 vinum
685 2010 771 2078 male
786 2012 919 2096 ferunt,
934 2027 969 2080 et
982 2013 1157 2082 ebrietatis
1171 2036 1241 2079 auae
1260 2025 1361 2077 terne·

219 2195 221 2206 ,
295 2125 430 2192 ritatem
441 2147 482 2191 ac
492 2122 713 2217 petulantiam
727 2141 902 2209 metuunt,
922 2127 1084 2195 mandant
1094 2127 1185 2208 auia,
1201 2137 1240 2191 ut
1252 2147 1273 2191 e
1286 2145 1364 2189 con-

295 2241 385 2310 vivio
395 2241 595 2310 auferantur
607 2267 614 2306 ι
628 2241 921 2336 intemperantiam
934 2245 970 2312 in
982 2244 1100 2313 morbo
1111 2268 1204 2312 auam
1217 2239 1360 2335 experti,

295 2384 418 2454 parcre
447 2360 511 2427 eibi
531 2360 567 2426 in
584 2358 726 2427 adverae
742 2359 937 2430 valetudine
961 2378 1088 2432 vetant.
1117 2361 1296 2454 Optimum
1314 2371 1363 2424 eat

297 2477 387 2544 notia
404 2477 495 2544 vitiis
511 2474 754 2569 impedimenta
770 2473 1001 2572 prospicere‘,
1027 2496 1064 2547 et
1083 2493 1161 2547 ante
1186 2478 1300 2546 omnia
1323 2475 1367 2542 itu
1386 2559 1390 2570 ⁴

298 2615 500 2684 componere
516 2593 690 2676 animum,
712 2609 751 2662 ut
763 2595 865 2662 etiam
882 2595 1091 2688 ‘gravissimia
1107 2593 1211 2662 rebus
1227 2590 1367 2662 cubitia-

299 2731 366 2801 que
393 2733 574 2778 coneuaaua
599 2711 684 2778 iram
705 2727 765 2778 aut
787 2735 855 2780 non
878 2710 1024 2794 tendat,
1051 2727 1110 2779 aut
1131 2707 1369 2804 magnitudine

299 2827 480 2920 inopinata
503 2827 638 2919 injuriae
665 2841 814 2894 exortam
831 2829 868 2896 in
885 2828 991 2896 altum
1009 2819 1197 2908 retrahat⁵,
1220 2849 1288 2894 nec
1307 2822 1368 2890 do·

297 3000 425 3068 ἆοργησίαν
439 3011 464 3050 et
483 2998 546 3051 Cato
564 2998 703 3051 admiratur
717 3011 754 3050 eat
769 3018 809 3072 ap.
856 2999 1137 3052 annuntiantibus
1153 2995 1193 3048 bia
1204 3014 1310 3066 equum
1325 3011 1371 3044 ao-

298 3073 426 3128 Plutarch.
436 3075 479 3140 11,
498 3097 522 3150 p.
539 3077 594 3130 58&
615 3075 692 3129 Plura
710 3075 742 3128 de
761 3075 809 3130 bae
857 3089 902 3130 nat
911 3095 993 3146 mque
1008 3077 1079 3130 ultus
1094 3077 1206 3129 sentiret.
1225 3075 1309 3128 Ullus
1322 3092 1374 3125 an-

298 3152 352 3226 ajua
361 3153 453 3208 virtute
465 3153 564 3208 dabunt
573 3153 690 3228 Xanopb.
699 3153 808 3208 Memor.
857 3167 908 3208 tem
919 3156 971 3208 lare
984 3154 1053 3208 idem
1062 3166 1099 3207 eat
1108 3173 1137 3206 ae
1145 3155 1256 3221 aliquis.

298 3233 437 3298 socelli,
457 3233 493 3286 13.
508 3233 615 3308 Epictat.
630 3232 697 3304 apud
709 3233 809 3286 Arrian.
890 3231 915 3284 3.
928 3231 1116 3300 Compicimua·
1126 3232 1147 3286 l.
1158 3251 1180 3283 e.
1192 3229 1259 3283 dnm
1276 3227 1372 3280 malum

297 3311 424 3376 Diaelv,
437 3315 461 3364 5.
478 3312 591 3384 Diogen.
607 3307 726 3364 Laertll
739 3347 746 3374 ,
760 3330 808 3375 nt,
858 3307 922 3362 illud
944 3309 972 3362 in
993 3321 1128 3382 conspeetu
1147 3321 1235 3360 nostro
1261 3305 1373 3382 poaitum

296 3391 332 3444 ib.
350 3391 455 3465 illenag.
473 3389 502 3444 si
521 3392 612 3443 Noater
626 3390 767 3443 accuratior
781 3390 809 3444 in
859 3400 910 3452 est,
930 3387 991 3440 dum
1010 3386 1132 3440 advenire
1144 3385 1273 3440 videmur.
1292 3385 1373 3437 Gran.

295 3467 423 3522 historicis
433 3466 808 3542 tradendiafuiaaet,nonopar
856 3467 1016 3532 mtptmus
1036 3465 1177 3528 emendat,
1199 3463 1375 3518 archaiamnm

297 3561 360 3601 eaaet
370 3547 515 3601 teatimonia
524 3546 586 3599 talia
599 3545 736 3611 adbibere,
752 3567 809 3618 qu
859 3539 901 3592 hic
912 3554 1021 3612 captant.

297 3647 349 3680 non
366 3625 399 3680 ad
415 3625 558 3680 doctrinam
575 3623 750 3678 ostentandam
766 3624 809 3678 bie
893 3619 963 3672 xlv.
978 3625 1047 3676 Anu.
1060 3621 1201 3674 Utilitatem
1216 3617 1377 3672 moderatio·

297 3705 406 3761 adducta
416 3718 481 3758 aunt.
859 3697 899 3751 nia
925 3697 999 3752 docet
1022 3699 1137 3771 exemplo
1165 3697 1306 3771 Cambysu
1334 3697 1376 3767 qui

333 3782 811 3856 1.Latieami⁸.vulgmlentio.m-
860 3776 996 3850 Prnmpis
1007 3777 1090 3833 filiam
1099 3777 1189 3847 aagitta
1197 3777 1298 3830 oceidit
1308 3776 1377 3848 ,jua-

297 3862 388 3914 danus
398 3860 478 3933 Lipaii
492 3861 548 3914 cod.
559 3857 676 3926 exbibet,
688 3861 773 3924 unde,
788 3862 809 3914 ai
859 3853 939 3925 sitque
953 3873 979 3907 aa
988 3855 1087 3910 laudari
1098 3855 1214 3908 amisero
1223 3869 1309 3928 patre.

299 3937 361 4009 quid
380 3938 531 3994 mutandum
548 3953 626 4005 earet,
643 3939 699 3994 lieri
713 3954 809 4013 postet:
892 3935 916 4000 4.
938 3935 1135 4004 [inpedimenta
1150 3937 1312 4003 pmptoere.
1339 3935 1376 3986 lta

298 4017 488 4068 laudarum,
499 4015 551 4069 Sed
563 4036 695 4092 nonopm.
859 4009 992 4084 providere
1003 4025 1031 4066 nt
1041 4025 1182 4085 opponatur
1192 4013 1326 4084 quiddam
1336 4011 1380 4066 ob·

333 4093 572 4148 ademissetottm.
581 4095 808 4166 Subandalr'puta,
858 4090 955 4144 statuli-

299 4191 354 4226 naa
371 4191 462 4236 nerto,
475 4172 543 4244 qaod
554 4186 640 4226 tamen
655 4173 682 4226 in
697 4173 809 4246 proxim
892 4175 915 4224 ⁵.
932 4173 970 4225 Ia
983 4175 1070 4226 altum
1087 4174 1211 4226 retrahat.
1223 4170 1255 4222 ld
1275 4183 1332 4234 eat,
1351 4171 1379 4222 in

298 4251 388 4326 suipra
399 4253 481 4320 φρέασι
493 4250 600 4306 invenis.
613 4254 646 4306 llt
655 4251 702 4304 illo
712 4252 741 4304 in
752 4250 808 4304 loeo
869 4269 911 4302 mo
924 4250 1030 4323 pectoris
1041 4269 1136 4304 aarum
1147 4247 1284 4304 recondat.
