2930 4956
316 487 406 576 lxxvj
500 489 531 554 J.
558 489 715 558 LIPSII
740 489 1201 565 MANUDUCTIONIS

277 627 280 634 '
317 629 449 692 brevitas
463 630 555 694 etiarn
565 632 652 693 decet
666 655 673 690 :
688 633 823 714 adeoque
835 653 896 695 non
913 633 1016 696 abnuit
1029 636 1112 698 Zeno
1129 650 1180 700 aut
1193 651 1333 715 excusat,
1356 653 1388 702 ot

317 735 436 800 cuidam
447 737 601 820 objicienti
619 735 754 799 «Brevia
771 760 837 801 esse
855 740 919 822 cius
933 740 1021 803 dicta.
1038 775 1078 788 -
1092 739 1241 819 Omnino,
1258 764 1389 828 respon-

316 843 408 922 derit,
426 864 497 906 nam
508 857 539 906 et
551 842 682 928 syllabas
691 843 959 928 philosophorum,
975 847 1000 908 si
1018 847 1049 908 id
1060 861 1181 932 posset,
1200 849 1308 912 breves
1323 871 1392 913 esse

319 963 433 1035 optem.
447 977 462 1004 n
478 948 569 1014 Mens
584 951 708 1034 copiosa
722 964 753 1013 et
766 945 934 1014 exttberaus
945 952 1004 1028 sit,
1023 973 1124 1015 senno
1137 969 1284 1038 temperet
1295 969 1325 1018 et
1334 959 1394 1019 atl-

318 1055 453 1140 stringat.
466 1054 529 1119 set
542 1059 579 1119 tle
592 1055 707 1119 Verbis
720 1057 802 1120 satis.
824 1056 905 1120 Rern
916 1059 1008 1122 otiam
1023 1079 1153 1123 accusas.
1172 1057 1255 1140 Quiri
1266 1061 1389 1122 autem?

319 1161 459 1225 universe
473 1163 551 1232 tuo,
570 1159 785 1240 'l'euuitatem,
801 1176 832 1225 et
844 1160 1036 1248 Superbiant.
1051 1163 1102 1226 De
1117 1163 1296 1241 Tenuitate,
1311 1161 1393 1228 baud

321 1269 395 1330 satis
409 1269 518 1352 capio;
540 1267 734 1331 subtilitatem
748 1269 777 1358 si
798 1271 843 1330 vis
864 1283 894 1332 et
913 1272 1136 1334 accurationem
1149 1271 1181 1333 in
1196 1269 1391 1348 Dividenda,

318 1375 472 1436 stantiam
486 1375 578 1437 etiarn
588 1372 770 1437 Definiendo
785 1399 793 1433 ε
810 1376 996 1440 vindicamus
1006 1391 1036 1439 et
1045 1379 1211 1462 jactamus,
1224 1399 1313 1462 super
1324 1399 1394 1440 orn-

320 1501 374 1542 nes
389 1481 441 1562 qui
458 1481 683 1565 philosophiam
697 1479 872 1565 attigerunt.
885 1481 936 1544 Au
948 1485 1074 1546 modmn
1088 1505 1150 1545 nou
1166 1503 1318 1560 servasse,
1332 1481 1397 1546 ltoc

320 1585 385 1648 vis?
401 1601 527 1670 possunt
542 1608 608 1650 esse
622 1589 776 1668 quaedam,
795 1601 847 1650 aut
859 1589 955 1651 videri
968 1587 1056 1652 nobis
1069 1590 1141 1652 talia
1154 1612 1163 1650 a
1179 1609 1287 1672 parom
1300 1589 1397 1650 tirmi-

318 1705 484 1756 testamen
498 1693 679 1777 judicanda,
698 1714 716 1755 e
729 1693 834 1776 paucis
849 1693 914 1758 istis
928 1695 1099 1778 sparsisque
1113 1695 1247 1777 reliquiis
1262 1695 1399 1778 scripto-

320 1819 398 1859 rum.
412 1795 528 1860 Ontitte
543 1798 602 1862 hoc
617 1798 728 1882 igitur,
740 1799 1128 1883 negandmnealaoilitatc,
1141 1821 1200 1883 qua
1213 1800 1397 1863 affirmatur.

320 1903 371 1968 De
388 1903 538 1988 Superbia
555 1906 652 1989 majus
669 1918 736 1984 est,
761 1919 792 1968 et
810 1905 950 1971 colorem·
968 1907 1099 1990 aliquem
1119 1929 1137 1970 e
1162 1907 1265 1991 paucis
1286 1927 1398 1969 eorum

322 2011 403 2076 scitis
416 2011 527 2090 habet,
540 2015 593 2077 sed
607 2012 753 2077 colorem.
769 2009 876 2096 Magni
891 2012 985 2075 animi
997 2032 1049 2076 eos
1060 2013 1151 2076 l'uisse
1161 2059 1175 2092 ,
1187 2026 1217 2076 et
1231 2016 1269 2075 aul
1284 2013 1346 2076 alta
1360 2035 1399 2077 ac

321 2139 432 2203 magna
446 2119 563 2183 (luxisse
576 2163 589 2196 ,
600 2119 779 2203 profitemur
792 2144 800 2190 ;
817 2133 847 2181 et
865 2119 932 2200 quis
945 2121 1087 2195 damnet,
1105 2119 1165 2182 nisi
1177 2120 1228 2201 qui
1240 2117 1399 2181 Virtutem

322 2223 439 2309 ipsam,
455 2238 486 2287 et
498 2244 679 2308 generosum
693 2223 769 2287 illud
780 2222 973 2301 Honestum,
989 2225 1131 2287 damet?
1153 2221 1220 2302 Eo,
1233 2245 1294 2286 nou
1308 2224 1373 2287 alio
1387 2270 1397 2301 ,

323 2345 432 2395 vocant
454 2355 462 2388 z
485 2330 544 2394 boc
565 2329 715 2408 sublime,
737 2329 948 2414 splendidum,
968 2331 1083 2392 illustre
1101 2329 1311 2394 constituunt:
1336 2329 1399 2393 lroc

323 2439 407 2502 omni
419 2438 583 2502 verborum
592 2437 867 2519 sententiarumque
874 2438 992 2501 bonore
1004 2439 1162 2522 adaugent.
1169 2436 1211 2499 At
1221 2435 1400 2500 «Dolorem

321 2567 384 2610 non
399 2545 537 2608 malurn»
552 2543 664 2608 dicunt.
687 2542 720 2607 0
733 2543 809 2607 viles
823 2544 950 2606 animae!
975 2544 1046 2625 quid
1060 2544 1156 2627 ergo?
1177 2563 1246 2606 cum
1259 2539 1400 2626 Epicuro

323 2681 338 2708 u
349 2652 546 2736 Voluptatem
564 2651 687 2714 unicum
698 2648 822 2712 Bonum
833 2696 842 2728 ,
858 2663 889 2712 et
900 2649 988 2712 illmn
1001 2647 1121 2712 Malum
1135 2677 1150 2704 n
1166 2649 1322 2713 dicemus?
1336 2650 1401 2712 cal-

323 2761 385 2822 cari
400 2759 439 2821 ab
452 2758 577 2823 homine
590 2759 654 2823 baec
666 2758 821 2834 humana,
843 2758 1014 2842 etpedibus
1028 2757 1152 2841 subjici,
1174 2757 1239 2820 sine
1253 2757 1399 2840 soperbia

324 2887 385 2928 nou
401 2867 511 2930 vultis?
536 2865 616 2929 Mitti
630 2887 666 2928 ea
679 2866 852 2956 contingat,
870 2876 901 2926 ct
916 2878 996 2926 stare
1010 2864 1041 2925 in
1056 2864 1172 2926 virtutis
1191 2863 1245 2925 illa
1258 2884 1330 2925 arce
1345 2885 1401 2925 se-

250 3017 252 3022 ·
326 2993 432 3036 curum
443 3017 453 3044 ,
465 2995 556 3057 super
565 2970 716 3034 Dolorem
727 3018 736 3044 ,
748 2969 915 3048 latit-iam,
932 2969 1046 3055 Spem,
1063 2969 1202 3046 Metam,
1221 2983 1252 3032 et
1260 2969 1400 3050 turbines

325 3079 397 3140 istos
413 3077 594 3140 animorum.
604 3078 647 3141 At
657 3076 795 3142 Divitem
807 3093 838 3141 et
850 3077 970 3162 Regem
983 3077 1085 3140 dictmt
1094 3075 1280 3160 Sapientem.
1292 3056 1400 3156 Quem

327 3205 401 3267 ergo
417 3183 539 3268 potius?
555 3182 721 3264 Crassmn,
738 3199 790 3248 aut
799 3183 950 3248 Pacorum
961 3229 971 3261 ,
983 3198 1035 3246 aut
1045 3182 1221 3246 Neronem?
1235 3181 1312 3246 Haec
1322 3182 1400 3244 alibi

327 3291 502 3378 explicanda
523 3303 611 3362 suut,
638 3291 857 3375 sapientissime
877 3291 955 3354 dicta
978 3317 985 3351 ε
1006 3313 1063 3354 nec
1085 3291 1142 3353 nisi
1159 3290 1198 3352 ab
1216 3289 1329 3372 ignaris
1345 3301 1400 3350 ant

329 3399 425 3462 stultis
438 3399 573 3462 ridenda.
587 3395 715 3475 Simile,
734 3397 980 3479 quatetenus,
997 3397 1159 3482 Iniuriam,
1174 3393 1362 3480 Opinionem
1381 3417 1399 3457 a

328 3525 401 3567 vero
408 3501 664 3589 Sapiente(nota,
676 3505 871 3580 aero)arceut
880 3526 887 3564 :
897 3503 1088 3566 semihorulae
1095 3503 1191 3587 spatio
1199 3501 1400 3586 approbanda

328 3611 394 3686 tibi,
404 3611 466 3673 imo
481 3610 666 3674 admiranda.
675 3607 737 3672 set
747 3610 819 3690 quid
832 3611 896 3672 est?
908 3613 1053 3673 damnare
1063 3609 1224 3688 malumus,
1237 3630 1329 3690 quam
1337 3609 1401 3670 dis-

331 3739 399 3780 cere
414 3742 422 3777 :
443 3730 473 3780 et
486 3731 597 3782 veteres
611 3719 714 3792 avias,
733 3730 767 3778 ut
780 3716 833 3778 ille
847 3717 909 3794 ait,
922 3717 1059 3800 displicet
1070 3739 1089 3778 o
1099 3718 1349 3794 pulnrsnerevcllr'.
1363 3715 1400 3776 ln

330 3823 439 3886 scholis
445 3845 506 3885 non
515 3825 579 3887 haec
589 3824 738 3898 dicuntur,
748 3836 799 3884 aut
807 3823 977 3885 discuntur:
991 3843 1063 3906 ergo
1072 3823 1136 3885 sine
1145 3821 1335 3904 inquisitione
1344 3845 1402 3885 re-

329 3929 458 4011 jicimus,
469 3943 499 3990 et
510 3929 579 3991 illos
588 3951 718 4012 quoque,
729 3929 755 3991 si
766 3929 816 4010 qui
828 3931 937 3992 docere
949 3943 1104 3993 conantur.
1116 3929 1257 3992 Addebas
1265 3930 1304 3992 ‹lc
1316 3930 1402 3991 Con-

330 4035 459 4097 tmnacia
485 4056 608 4118 gruum
636 4034 861 4116 objectionem,
892 4049 922 4098 et
951 4035 1030 4098 banc
1053 4058 1088 4098 ex
1112 4035 1220 4098 arbore
1248 4037 1306 4098 ista
1331 4055 1401 4098 esse

331 4139 470 4203 srucnun.
485 4139 558 4202 Non
574 4141 763 4224 agnoscimus
779 4165 787 4201 :
805 4142 860 4204 etsi
880 4141 972 4224 objici
990 4143 1052 4225 jam
1066 4141 1139 4204 olim
1155 4141 1215 4206 lroc
1231 4142 1355 4205 scimus.
1371 4141 1400 4202 Α

332 4247 439 4327 quibus
452 4247 576 4308 autem?
599 4247 638 4308 ab
653 4247 800 4330 improbis
816 4262 867 4311 aut
882 4249 1041 4312 servilibus
1054 4247 1162 4310 animis
1180 4272 1187 4308 :
1204 4249 1314 4330 quibus
1331 4250 1400 4310 dis-

243 4440 248 4454 ·
332 4353 444 4436 plicet,
460 4353 603 4435 quitquid
612 4351 760 4435 probum,
774 4368 925 4431 erectum,
942 4369 972 4418 et
984 4356 1142 4419 honestum
1152 4369 1206 4417 est.
1223 4355 1316 4418 Tales
1327 4377 1405 4417 nos-
