2886 4958
331 469 395 542 362
489 467 561 540 DE
584 473 936 546 CONSTANTIA
960 474 1251 545 SAPIENTlS

329 617 402 672 tum
418 616 532 672 sutem
548 605 710 690 interest,
726 623 843 676 utrum
868 609 1056 701 sapientem
1073 621 1171 675 extra
1192 603 1391 700 indignatio-

329 741 410 789 nem
425 723 452 802 ¹,
464 743 510 788 an
520 735 617 789 extra
626 721 788 815 iujuriam
799 745 919 818 ponas.
931 725 1018 792 Nam
1031 723 1061 791 si
1075 722 1162 791 dicis
1176 721 1275 791 illum
1310 741 1393 811 equo

328 833 443 904 animo
462 833 634 920 laturum,
655 837 789 906 nullum
806 837 912 907 babet
926 837 1166 931 privilegium
1187 836 1334 929 contigit
1352 831 1391 898 illi

330 971 387 1019 res
396 948 570 1044 vulgaris,
585 967 622 1022 et
634 976 710 1046 quae
724 953 869 1023 discitur
881 956 954 1048 ipsa
966 953 1171 1048 injuriarum
1185 949 1390 1024 assiduitate,

329 1069 508 1162 patientia.
529 1070 566 1139 Si
584 1094 691 1166 negas
706 1087 929 1167 aooepturum
942 1072 1127 1165 injuriam,
1144 1069 1182 1139 id
1200 1088 1277 1153 est,
1297 1065 1392 1136 nemi·

330 1207 411 1252 nem
436 1184 487 1254 illi
511 1201 720 1257 tentaturum
746 1188 881 1274 lasere3
905 1187 1062 1258 omnibus
1081 1187 1217 1256 relictis
1237 1182 1390 1278 negotiis.

289 1315 308 1386 4
331 1301 464 1372 Stoicus
480 1303 539 1373 fio.
560 1329 579 1369 »
594 1307 666 1399 Ego
680 1329 762 1376 vero
775 1307 962 1400 sapientem
977 1329 1046 1374 nou
1059 1303 1269 1398 imaginario
1279 1303 1394 1370 honore

331 1417 514 1492 verborum
535 1443 701 1490 exornare
720 1423 902 1505 constitui,
923 1420 984 1491 sed
1004 1443 1045 1490 eo
1063 1421 1140 1490 looo
1160 1442 1315 1516 ponere,
1338 1435 1394 1507 quo

331 1533 426 1604 nulla
441 1536 660 1630 permittatur
672 1537 812 1632 injuria.
831 1564 848 1604 o
864 1538 961 1632 Quid
973 1563 1056 1632 ergo
1069 1541 1085 1608 l
1097 1561 1200 1607 nemo
1211 1539 1279 1605 erit
1291 1534 1348 1627 qni
1359 1531 1394 1598 la

331 1665 462 1736 cusat,
483 1652 543 1744 qui
562 1654 730 1724 tentetis
751 1654 847 1722 Nihil
860 1655 897 1722 iu
917 1677 1033 1723 rerum
1047 1670 1172 1722 natura
1188 1669 1261 1720 tam
1276 1668 1392 1718 suerum

331 1783 384 1838 est
397 1820 408 1853 ,
424 1769 519 1864 qnod
535 1770 740 1865 sacrilegum
753 1792 824 1840 nou
839 1770 991 1840 inveniat
1007 1795 1017 1840 ι
1037 1770 1183 1840 sednon
1200 1767 1280 1836 ideo
1296 1765 1393 1834 divina

331 1889 448 1958 miuus
463 1891 500 1958 in
518 1888 660 1962 sublimi
674 1904 776 1973 sunt,
792 1889 820 1958 si
835 1889 999 1958 exsistunt
1036 1888 1097 1983 qui
1111 1884 1391 1982 magnitudinem,

292 2021 308 2072 5
333 2004 475 2074 multum
493 2005 583 2074 ultra
596 2031 633 2076 se
644 2008 808 2101 positum,
828 2029 898 2074 non
910 2005 1013 2074 icturi
1031 2018 1198 2098 appetant
1209 2007 1238 2071 ².
1255 1997 1395 2070 Iurulue

332 2117 441 2188 rabile
455 2132 526 2201 est,
545 2143 615 2190 nou
634 2117 727 2213 quod
738 2144 808 2189 non
827 2119 969 2202 feritur,
990 2117 1051 2188 sed
1063 2116 1157 2211 quod
1174 2139 1247 2184 uon
1258 2111 1393 2182 laeditur.
1433 2143 1434 2190 t

331 2237 381 2304 Ex
402 2234 468 2305 hae
490 2235 554 2304 tibi
572 2251 653 2306 nota
671 2237 857 2330 sapientem
878 2234 1035 2305 exhibeo.
1063 2231 1244 2326 Numquid
1268 2228 1395 2298 dubium

332 2367 406 2436 est,
431 2355 517 2446 quin
542 2356 671 2424 certius
694 2353 801 2424 robur
819 2355 882 2438 sit,
907 2351 1001 2448 quod
1019 2377 1088 2422 non
1105 2353 1282 2433 vincitur,
1308 2369 1396 2440 quam
1433 2351 1434 2424 l

332 2466 425 2560 quod
442 2493 511 2538 non
527 2467 729 2538 lacessitur?
745 2493 850 2563 quum
867 2467 980 2538 dubiae
997 2467 1066 2536 siut
1081 2467 1175 2536 vires
1190 2465 1394 2556 inexperte,
1433 2447 1434 2522 l

331 2605 373 2652 ae
395 2585 518 2652 merito
537 2584 726 2654 certissima
749 2585 891 2654 firmitas
911 2583 1097 2666 habeatur,
1118 2603 1197 2674 quae
1217 2599 1336 2646 omues
1352 2574 1398 2639 ln·
1433 2593 1434 2626 l

332 2721 455 2766 cursus
468 2699 600 2792 respuit
610 2691 636 2768 ⁵.
652 2700 709 2768 Sic
723 2715 762 2768 tu
779 2699 967 2793 sapientem
983 2695 1131 2766 melioris
1150 2693 1237 2763 scito
1252 2714 1329 2759 esse
1344 2710 1399 2754 ua·

293 2839 310 2895 5
334 2828 438 2896 turae,
460 2815 488 2883 si
508 2815 637 2883 nullius
656 2815 707 2883 illi
727 2814 853 2908 injuria
873 2829 990 2898 nocet,
1012 2810 1157 2905 quamsi
1173 2807 1272 2877 nulla
1290 2808 1346 2874 sit.
1365 2806 1401 2871 Et

332 2929 431 2998 illum
445 2931 564 2999 fortem
578 2933 689 3000 virum
704 2928 835 3013 dicam,
851 2953 953 3022 quem
965 2927 1134 2996 bellunen
1147 2923 1335 3016 subigunt,
1346 2940 1401 2986 nec
1433 2909 1434 2954 ³

333 3042 468 3115 admota
489 3049 541 3116 vis
559 3047 692 3116 hostilis
713 3060 862 3116 exterret
878 3071 887 3130 3
908 3067 977 3112 non
995 3043 1051 3112 cui
1064 3043 1194 3136 pingue
1212 3039 1323 3107 otium
1340 3050 1399 3108 est,

334 3163 427 3232 iuter
439 3163 574 3232 desides
592 3163 761 3258 populos:
780 3158 979 3253 hujusmodi
995 3159 1102 3252 igitur
1116 3155 1309 3250 sapientem
1326 3149 1401 3218 nulli
1433 3131 1434 3168 ³

335 3304 409 3349 esse
426 3281 562 3375 injuriae
579 3281 761 3349 obnoxium
773 3271 802 3347 ⁴.
822 3280 941 3370 Itaque
956 3300 1024 3344 nou
1038 3274 1166 3356 refert,
1184 3295 1289 3364 quam
1305 3267 1401 3338 multa

336 3399 373 3467 in
390 3398 486 3466 illum
507 3397 734 3490 conjiciantur
752 3395 839 3478 tela,
858 3417 963 3486 quum
990 3393 1034 3460 sit
1056 3390 1142 3460 nulli
1166 3387 1398 3482 penetrabilis.

296 3554 310 3605 ⁷
336 3510 518 3605 Quomodo
534 3507 758 3604 quorumdam
778 3506 929 3604 lapidum
947 3501 1219 3599 inexpugnabilis
1232 3499 1330 3568 ferro
1345 3497 1402 3565 du·

337 3724 393 3780 hec
403 3735 526 3802 precepta
537 3725 569 3778 ad
580 3721 696 3778 animum
709 3731 733 3775 el
743 3719 847 3773 virtutes
896 3737 954 3784 ors,
970 3737 1027 3770 eum
1042 3733 1096 3768 uon
1112 3731 1197 3768 euram
1214 3709 1360 3779 iniuriam,
1375 3727 1402 3762 sn

337 3815 494 3877 spectarent,
508 3801 619 3857 maleth
635 3799 692 3854 aliis
708 3799 790 3870 iisque
802 3796 849 3850 ad·
897 3793 996 3866 injuria
1008 3814 1059 3846 nou
1073 3812 1123 3845 esse
1133 3789 1283 3844 obnoxium.

339 3880 453 3933 veneriis
463 3879 660 3934 intellectarixas
671 3887 819 3952 pepererunt
827 3885 852 3927 et
932 3895 956 3928 a.
974 3875 1035 3928 Non
1048 3876 1125 3927 icturi
1140 3879 1278 3940 appelant.
1296 3871 1322 3922 E
1337 3864 1403 3922 codd

339 3958 746 4034 exprobrationeszquibusdamex
755 3955 785 4008 iis
793 3973 850 4026 qun
897 3951 993 4007 redusit
1005 3951 1118 4003 Gronov.
1130 3953 1210 4000 Antea
1221 3956 1329 4015 perant.

339 4039 454 4091 dicerent
475 4058 490 4090 a
513 4037 695 4092 consuetudine
727 4032 849 4106 loquendi
930 4029 954 4082 3.
966 4027 1104 4096 Numquid
1119 4025 1292 4078 dubiorum...
1305 4025 1402 4092 respuit.

340 4115 531 4170 abhorrentibus
550 4116 600 4182 (de
621 4111 733 4170 Benefic.
751 4111 795 4164 lib.
807 4110 848 4176 ll,
898 4105 938 4162 (ll.
950 4107 981 4158 de
994 4103 1172 4170 Providentia,
1183 4101 1275 4172 capi.
1433 4163 1434 4166 Ἴ

339 4213 393 4268 esp.
407 4193 463 4261 35).
476 4191 516 4246 Εἰ.
531 4192 719 4246 Cir-Paradox.
733 4188 776 4242 lib.
790 4189 821 4240 V.
929 4181 1167 4249 4Hu1'usmodi.....
1183 4181 1341 4232 odmrt'tem
1359 4179 1403 4229 Ne·
1433 4179 1434 4258 l

376 4293 395 4324 1.
410 4271 627 4340 Indignationem.
641 4272 660 4322 l.
675 4287 697 4321 e.
711 4280 794 4320 utrum
810 4263 850 4316 di·
898 4275 964 4336 petas
976 4281 1004 4313 ex
1012 4255 1215 4313 antecedentibus
1227 4258 1327 4308 ὦσαι.
1433 4281 1434 4344 p
