2926 4958
274 451 778 525 ADSTOIC.PH1LOS.
804 447 901 520 LIB.
928 447 1006 518 ΙΙΙ.
1055 450 1167 520 clxxix

97 599 152 666 bec
169 602 350 676 mordetur,
375 598 493 675 uritur,
519 596 620 668 dolet;
642 595 739 657 altera
761 592 961 656 Rationalis:
983 593 1041 658 hae
1062 595 1170 657 incon-

98 731 193 771 cussas
206 707 368 791 opiniones
381 703 491 779 habet,
507 701 658 786 intrepida
673 714 720 764 est
732 712 762 762 et
773 700 930 761 indomita.
942 727 957 754 u
976 697 1054 783 (Ep.
1065 699 1168 782 exul.)

98 813 160 896 lpsa
173 827 280 876 tamen
293 812 350 874 ista
364 830 456 894 pars,
475 807 506 870 in
521 805 687 892 repentinis
701 805 901 890 impulsibus,
921 833 936 860 u
948 805 1057 868 sentiet
1068 805 1169 868 levem

98 923 255 1002 quemdam
267 933 448 997 tenuemque
465 927 592 976 motum.
606 911 710 990 Nam,
727 927 761 974 ut
771 913 845 974 dixit
856 912 959 988 Zeno,
975 913 1007 974 in
1020 910 1172 996 Sapientis

98 1047 212 1107 quoqne
226 1025 349 1099 animo,
362 1023 454 1084 etiam
466 1041 561 1102 quum
573 1019 681 1082 vulnus
695 1034 834 1082 sanatum
847 1035 910 1098 est,
928 1020 1050 1082 cicatrix
1060 1033 1173 1082 manet.

97 1129 210 1194 Sentiet
222 1131 326 1213 itaque
342 1127 529 1212 suspiciones
543 1128 689 1208 quasdam
703 1140 734 1188 et
748 1125 873 1188 umbras
887 1123 1083 1204 Affectuum,
1099 1125 1173 1210 ipsis

97 1239 242 1301 carebit.»
256 1235 415 1318 (Seneca,
428 1232 506 1298 lDe
516 1233 585 1311 Ira,
596 1255 663 1318 cap.
678 1231 1172 1312 16.)1tnsententtan0sua‚nou

98 1367 131 1408 ca
144 1345 256 1408 duritie
271 1357 323 1406 aut
335 1341 542 1412 immanitate,
559 1361 618 1422 qua
636 1355 768 1404 censent.
788 1337 846 1403 Est
864 1341 948 1402 enim
961 1341 1071 1424 duplex
1087 1340 1175 1424 Apa-

100 1452 172 1524 mia,
184 1471 281 1534 quam
294 1447 433 1512 Laertius
442 1449 555 1532 tangit,
568 1461 599 1510 et
608 1447 761 1531 distinguit
774 1472 782 1508 ι
797 1475 813 1503 «ι
825 1447 938 1526 Aiunt,
953 1446 1175 1530 inquit,stoici

97 1558 249 1643 Apathem
263 1555 327 1618 sive
343 1554 518 1618 affectuum
535 1568 691 1637 expertem
709 1575 775 1616 esse
789 1552 989 1637 Sapientem,
1012 1555 1082 1617 ideo
1103 1554 1174 1637 quia

100 1681 142 1728 est
151 1665 273 1728 stabilis
288 1677 319 1726 ct
330 1683 348 1724 a
362 1663 450 1746 lapsu
464 1674 610 1725 remotus·
627 1660 723 1724 Aiunt
735 1677 766 1724 et
778 1660 910 1725 Stultum
920 1683 987 1726 esse
999 1662 1172 1747 ripemunt,

100 1775 177 1853 qnod
189 1770 274 1832 valet
282 1789 319 1832 ac
333 1769 359 1832 si
368 1769 468 1846 dieas,
480 1772 590 1832 durum
602 1783 633 1831 et
642 1769 843 1830 immobilem.
853 1797 869 1824 u
884 1753 1007 1853 Duplex
1017 1769 1073 1832 ista
1087 1771 1178 1854 signi-

101 1878 198 1942 ficatio
214 1877 308 1941 etiarn
320 1876 350 1937 in
358 1873 484 1940 Seneca.
493 1873 643 1959 «Stilponi
654 1897 808 1939 summum
814 1875 930 1938 borum
937 1877 1036 1938 visum
1046 1890 1092 1939 est
1101 1877 1177 1938 Ani-

103 2007 168 2047 mus
180 1983 354 2068 impatiens.
370 1981 407 2044 ln
426 1983 652 2068 ambiguitatem
671 1984 864 2046 incidendum
879 1997 944 2062 est,
968 1985 994 2046 ti
1008 1985 1179 2068 exprimere

103 2099 230 2156 druidas
240 2111 303 2152 nno
318 2089 414 2152 verbo
426 2089 499 2153 scite
510 2089 711 2168 voluerimus,
724 2105 755 2152 et
764 2090 990 2175 lmpatientiam
1001 2093 1112 2156 dicere.
1122 2091 1182 2155 Po-

103 2201 170 2262 terit
190 2199 277 2262 enim
295 2195 481 2261 contrarium
500 2196 553 2276 ci,
576 2199 658 2278 quod
679 2197 848 2280 significare
864 2198 1024 2272 volumus,
1046 2199 1182 2284 intelligi.

103 2307 168 2372 Nos
182 2307 270 2370 enim
284 2327 378 2388 quum
393 2304 531 2367 votunus
549 2304 671 2382 dicere,
694 2305 746 2385 qui
764 2318 888 2390 respuat
909 2307 1008 2369 omnis
1025 2307 1099 2368 mali
1115 2329 1183 2370 sen·

104 2437 184 2486 snm;
193 2411 361 2496 accipietur
370 2411 413 2487 is,
422 2411 473 2494 qui
483 2410 601 2472 nullum
610 2410 706 2494 possit
716 2411 797 2473 serre
806 2412 930 2475 malum.
936 2412 1017 2475 Vide
1027 2433 1100 2497 ergo
1109 2429 1182 2476 unnt

104 2523 195 2586 satius
206 2521 261 2598 sit,
279 2534 331 2582 ant
343 2517 596 2582 invulnerabilem
607 2517 743 2580 animum
751 2518 871 2596 dicere,
888 2533 940 2581 aut
954 2517 1049 2582 Extra
1060 2540 1184 2584 omnem

104 2627 283 2712 patientiam
297 2625 439 2709 positum.
456 2621 527 2688 Hoc
545 2623 625 2686 iuter
640 2644 697 2686 nos
711 2638 742 2686 et
757 2623 827 2688 illos
844 2626 976 2688 interest
996 2625 1112 2690 Noster
1124 2625 1185 2690 Sa-

105 2735 191 2818 piens
208 2732 304 2796 vincit
317 2731 439 2813 quidem
453 2731 681 2794 incommodum
691 2752 802 2809 omne,
819 2736 873 2795 sed
886 2733 974 2795 sentit
987 2733 1131 2797 :illorum
1144 2757 1184 2798 ne

111 2844 201 2906 sentit
220 2841 378 2924 quidem.»
393 2837 474 2924 (Ep.
491 2842 555 2917 tx.)
568 2838 646 2900 Vult
659 2839 742 2901 enim
758 2840 802 2902 ibi
815 2841 1024 2905 discriminare
1040 2841 1186 2927 Stilponis

107 2955 236 3014 &auduus
247 2969 267 3009 a
277 2945 451 3009 Stoicorum
464 2969 471 3004 :
485 2945 659 3030 etprimum
670 2946 842 3008 denomino
853 2948 972 3028 querit,
984 2950 1186 3034 possitnepro

108 3070 210 3118 mente
221 3053 371 3138 Stilponis
380 3051 487 3116 Latine
501 3051 694 3136 lmpatientia
705 3052 785 3114 dici?
801 3051 916 3137 Negat,
929 3054 999 3136 qnia
1009 3055 1185 3139 planissime

108 3166 140 3226 in
159 3160 349 3228 contrarium
368 3161 552 3224 consuetudo
575 3159 763 3242 loquentium
780 3161 877 3223 ducat.
894 3158 977 3224 Nam
1000 3164 1065 3246 ejus
1078 3184 1186 3241 mens,

107 3270 184 3332 ndtil
192 3269 270 3354 pati,
283 3280 334 3329 aut
343 3267 454 3330 sentire
465 3263 641 3349 Sapientem
656 3288 663 3326 :
676 3265 756 3349 uxlgi
767 3265 798 3326 in
809 3287 847 3328 eo
857 3265 964 3345 verbo,
973 3267 1023 3331 rel
1034 3268 1188 3332 levissima

108 3377 306 3442 incommoda
324 3373 456 3448 sentire,
474 3393 532 3436 nec
547 3371 638 3434 ferre.
653 3369 740 3456 Ergo
752 3373 861 3435 melius
879 3399 895 3428 «ι
909 3370 1185 3450 lnvulnerabilem,

108 3485 229 3566 inquit,
249 3496 301 3545 aut
321 3479 418 3544 Extra
435 3481 612 3564 patientiam
626 3481 759 3565 positum
769 3507 784 3534 n
807 3480 952 3544 dieamus.
967 3478 1113 3544 Ceterum
1125 3505 1188 3545 non

108 3593 152 3653 ita
166 3589 289 3653 Stoicus
302 3586 431 3673 Sapiens
446 3611 454 3646 ι
470 3586 522 3670 qui
539 3607 662 3649 sensum
676 3585 751 3648 mali
766 3585 876 3665 habet,
890 3588 943 3648 sed
957 3587 1075 3648 ratione
1089 3589 1190 3652 vincit.

107 3697 231 3760 Abbac
245 3697 311 3777 ejus
322 3701 452 3771 ἀπάθεια,
466 3715 528 3756 non
544 3691 649 3755 abillo
664 3695 751 3756 dueta
766 3705 795 3754 et
805 3693 894 3755 dieta.
909 3689 972 3754 Sed
982 3695 1064 3773 quod
1073 3691 1190 3760 Seneca

107 3801 243 3887 Stilponi
254 3801 333 3863 istud
344 3798 589 3877 adscribatbaud
599 3798 794 3862 commemini
803 3798 880 3860 alios
890 3797 990 3860 lacere
999 3800 1191 3889 :magisPyr-

111 3905 268 3970 rbonilta
277 3907 359 3970 enim
366 3909 404 3968 de
411 3906 468 3970 isto
476 3903 605 3969 Cicero:
622 3903 782 3966 «Aristoni
792 3902 1069 3968 summumBonum
1081 3921 1142 3985 est,
1158 3909 1190 3970 in

111 4014 207 4077 rebus
220 4013 330 4076 mediis
346 4025 486 4074 neutram
503 4011 534 4073 in
548 4023 667 4093 partem
682 4011 799 4072 moveri
815 4033 822 4069 :
838 4033 902 4092 qnae
917 4009 1058 4096 s‘dtapepc'a
1072 4014 1112 4076 ab
1124 4016 1192 4099 ipso

113 4121 225 4184 dicitur
241 4144 249 4180 ε
262 4117 382 4204 Pyrrho
400 4131 519 4195 antem,
535 4139 571 4180 ea
589 4137 628 4178 nc
649 4117 760 4178 sentire
775 4117 898 4197 quidem
913 4115 1110 4201 Sapientem,
1126 4145 1191 4204 quae

114 4217 233 4293 Δέιάθιια
241 4227 426 4290 nominatur.
437 4255 452 4280 u
462 4223 644 4304 (IVAcad.)
656 4221 805 4286 Nominat
815 4237 844 4286 et
855 4222 972 4289 Plinius
984 4210 1088 4312 :buius
1098 4230 1193 4294 verba

113 4337 173 4400 toti
183 4336 254 4399 buic
263 4336 319 4397 rei.
338 4363 352 4390 ι
364 4331 437 4396 Erit
446 4332 496 4396 bie
510 4331 604 4394 animi
619 4345 708 4394 tenor
720 4331 914 4412 (aequalitas)
925 4333 1085 4414 aliquando
1100 4338 1130 4398 in
1144 4339 1191 4399 ri-
