2926 4958
276 479 762 557 insumentum.
791 484 885 552 mn.
912 484 963 552 11.
1112 485 1154 572 ctj

83 635 175 697 obiter
189 647 220 696 et
234 634 399 695 lustremus
414 653 421 689 :
440 628 586 712 eligamus
600 627 713 704 etiarn,
734 627 760 689 oi
777 626 850 707 quid
863 629 902 688 ad
917 640 1055 690 nostrum
1069 627 1156 690 illum

83 738 246 818 (Senecam
259 739 320 804 scis
329 759 381 800 me
391 736 508 813 dicere]
521 747 573 796 aut
582 733 700 818 priscos
710 745 861 810 auctores,
877 733 929 814 qui
942 733 1034 796 bodie
1048 734 1080 796 in
1090 756 1157 797 ma-

83 847 186 923 nibus,
202 846 285 910 iacit.
301 842 464 928 Multiplex
481 855 511 904 et
522 841 661 904 intricata
675 836 797 902 Divisio
814 853 860 903 eat
870 837 1066 919 (Stoicorum
1079 863 1156 926 pro-

83 953 145 1036 pria
157 953 224 1016 baec
238 945 422 1034 acumina),
436 951 489 1012 sed
502 969 559 1033 ego
578 947 738 1030 disponam
756 960 787 1009 et
800 949 972 1030 sejungam,
988 969 1053 1030 qim
1067 961 1159 1012 tene-

82 1058 149 1120 bras
167 1072 221 1120 aut
233 1057 447 1121 confusionem
465 1053 598 1116 babeant
616 1054 721 1115 mixta.
736 1052 879 1129 Videsis,
899 1042 929 1116 et
945 1055 1112 1138 patienter,
1133 1057 1158 1118 si

82 1181 139 1221 non
154 1159 308 1236 libenter,
322 1158 386 1221 haec
399 1155 478 1218 audi.
489 1152 594 1216 Prima
609 1154 759 1217 distinctio
774 1176 782 1214 t

367 1301 389 1354 1.
429 1299 456 1352 Α
466 1318 517 1368 quo
530 1297 638 1350 Utilitas
647 1311 690 1350 :ot
699 1311 735 1351 est
742 1297 837 1351 Virtus.
848 1297 937 1352 Graeee
946 1299 1117 1370 efferunttdu'
1130 1299 1157 1356 ab

453 1387 569 1456 oupssoim
583 1389 717 1456 ὥφιλιΐσθαι
726 1397 828 1456 totque,
840 1388 895 1454 boc,
903 1397 934 1444 u!
940 1393 1056 1460 aprima
1065 1409 1156 1446 causa.

369 1479 403 1534 ΙΙ.
432 1478 488 1532 Per
498 1477 683 1548 quodUtt'iitas
690 1497 698 1530 .·
706 1477 746 1545 ὑφ’
759 1473 787 1529 οὗ
795 1478 912 1547 erubuisti
922 1482 1105 1548 umbrantur
1114 1483 1158 1536 ite·

452 1588 509 1620 rum
520 1569 552 1621 V
548 1572 631 1630 riou,
644 1580 668 1620 et
677 1567 798 1642 amplius,
806 1571 946 1622 secuudum
954 1589 1015 1624 eam
1026 1576 1159 1628 Actiones.

90 1643 319 1699 “bilrifflffifflflii
370 1661 418 1713 111.
435 1655 517 1728 Quod
521 1668 606 1726 potest
621 1657 690 1711 Utile
701 1675 772 1725 erse,⁸
781 1657 853 1722 aive,
867 1679 920 1712 uno
931 1661 1026 1730 verbo,
1041 1663 1157 1718 Utibite:

450 1767 479 1800 ιο
492 1745 542 1802 rior
553 1749 689 1816 ὠφελῆσθαι
700 1760 742 1799 :ut
751 1745 818 1800 dicta
827 1747 879 1820 jam
888 1750 953 1817 duo,
962 1752 1073 1825 itemque
1084 1755 1157 1808 Ami·

452 1858 496 1892 cus
511 1839 652 1892 Verbonus
665 1875 674 1903 ,
688 1836 740 1892 Dii
752 1849 779 1890 et
790 1836 942 1892 Daemones.
1090 1829 1094 1838 ’

145 1529 252 1583 Bonum

84 1991 174 2054 Vides
187 2012 255 2072 quae
270 1987 382 2066 Bona,
407 2001 437 2050 et
456 2009 517 2071 quo
532 2007 622 2050 sensu
639 1989 792 2072 graduque
810 1987 947 2050 dicantur
967 2013 975 2048 ε
992 2012 1029 2052 ex
1048 1993 1156 2073 quibm

85 2097 186 2161 Virtus
202 2098 308 2160 omnia
323 2109 464 2180 permeat
485 2119 492 2155 ε
513 2096 677 2179 permeat?
694 2095 757 2158 imo
780 2109 812 2157 et
828 2111 967 2160 contactu
983 2118 1038 2160 suo
1054 2104 1157 2164 omnia

85 2205 158 2268 iacit.
176 2205 262 2268 Nam
281 2204 335 2266 itta
360 2231 375 2258 «
387 2203 478 2265 fontis
491 2202 588 2266 ricem
601 2201 694 2264 babet
703 2228 721 2258 κ
739 2225 747 2261 :
765 2202 807 2264 ab
823 2223 859 2264 ea
876 2203 933 2266 rivi
949 2218 981 2267 ct
999 2226 1105 2288 aqum,
1127 2223 1158 2272 et

85 2309 224 2390 quidquid
235 2307 361 2390 irrigat,
375 2304 545 2380 humectat,
566 2318 597 2366 et
613 2325 632 2366 a
648 2325 681 2366 se
698 2317 788 2386 atque
802 2326 838 2366 ex
857 2327 889 2368 sc
908 2305 1059 2370 fecundat.
1082 2307 1157 2374 Haec

84 2411 135 2472 ista
148 2431 166 2472 e
181 2407 353 2471 Stoboeanis
366 2405 490 2489 colliges
504 2450 513 2483 ,
526 2417 557 2467 ct
567 2402 648 2468 Sext.
660 2403 818 2490 Empirico
831 2429 839 2467 a
851 2406 962 2470 licebat
972 2421 1002 2470 et
1015 2431 1051 2471 ex
1063 2408 1157 2474 Laer-

84 2509 142 2586 tio,
156 2509 217 2571 nisi
232 2507 339 2570 mutila
350 2507 381 2567 in
396 2527 433 2568 eo
444 2505 627 2590 legerentur.
636 2504 743 2568 Verba
754 2506 818 2588 ejus
832 2529 839 2564 ε
855 2504 982 2590 «Ipsam
989 2507 1154 2590 Virtutem,

86 2617 198 2696 etquod
208 2616 274 2698 ejus
281 2611 453 2697 participat,
466 2610 616 2674 trifariam
627 2611 737 2673 dicunt.
743 2609 798 2688 Ut,
810 2609 933 2674 Bonum
943 2634 962 2674 a
973 2634 1033 2695 quo
1042 2616 1156 2678 contin·
1266 2621 1271 2636 “

85 2719 162 2802 gii...
176 2720 255 2783 sicut
265 2717 429 2782 Actionem
440 2719 604 2780 secundum
619 2716 817 2780 Virtutem...
829 2715 890 2780 Per
899 2721 980 2800 quod
990 2721 1033 2780 uti
1043 2720 1156 2786 Virum

86 2819 196 2883 boumn
206 2817 543 2885 consortemVirtntis.»
554 2816 603 2901 (ln
614 2817 797 2897 Zen.)ltane
809 2817 974 2897 insoniam?
984 2821 1066 2902 atqui
1075 2822 1155 2886 bifa-
1177 2885 1181 2894 ,

86 2927 129 2988 ria
138 2940 246 2990 tuaest
257 2925 381 3003 divisio,
390 2945 447 2988 nec
456 2924 544 2986 ultra.
554 2922 624 3009 {psa
634 2924 773 3008 exempla
784 2937 923 3007 peccant:
936 2937 966 2987 et
974 2926 1027 2988 ubi
1036 2931 1157 2994 notulas

87 3034 190 3115 posui,
210 3034 286 3098 scito
298 3033 431 3095 deiectus
448 3052 534 3109 esse,
553 3031 670 3094 facilen
688 3033 752 3113 jam
767 3031 853 3094 dictis
866 3033 1038 3117 explendos.
1050 3034 1157 3101 Altera

88 3136 213 3205 Divisio.

370 3257 390 3310 1.
420 3257 458 3309 In
464 3256 563 3310 Animo
576 3269 622 3310 :ut
636 3259 752 3311 Virtutes
765 3257 837 3311 Boni
847 3257 960 3322 babitus,
973 3265 999 3312 et
1008 3219 1145 3314 laudabile

133 3355 274 3412 Bonoso!
453 3352 574 3402 artam.

179 3468 227 3522 ὦ
370 3437 406 3492 li.
423 3437 517 3492 Extra
527 3457 587 3492 eum
601 3451 647 3490 :ut
658 3439 760 3505 Amici,
772 3439 919 3508 Discipuli,
931 3451 956 3492 et
966 3439 1067 3492 similia.
1152 3463 1158 3472 ¹

370 3527 417 3580 111.
428 3530 547 3582 Neutro:
562 3540 592 3583 nt
601 3530 666 3582 Viri
672 3528 750 3598 probi
755 3569 763 3593 ,
779 3539 804 3581 et
815 3533 923 3583 uirtutes
935 3523 1035 3599 odebti.

90 3675 161 3743 Har
168 3702 287 3764 quoqne
300 3677 422 3744 Divisio
433 3704 471 3745 ex
481 3679 626 3753 Stobaeo,
642 3696 673 3744 et
686 3681 778 3746 Sexto
791 3707 798 3744 :
816 3685 949 3766 itemque
962 3685 1109 3769 exempla.
1122 3683 1159 3746 ln

91 3785 150 3849 iotis
158 3789 276 3852 variare
293 3788 409 3870 aliquid
418 3785 561 3852 Laertius
573 3791 692 3853 ridetur
704 3837 713 3863 ,
726 3791 894 3874 praesertim
910 3793 939 3852 in
951 3803 1105 3857 extremo:
1121 3813 1160 3854 an

91 3893 253 3976 explicare?
265 3894 317 3957 Tu
327 3916 399 3958 emn
407 3895 487 3959 vide.
497 3895 604 3960 Tertia
613 3896 722 3959 divisio
734 3919 742 3957 ε
756 3897 819 3960 sire
829 3897 1004 3961 subdivisio.

138 4061 272 4120 nomn„
371 4050 391 4102 l.
425 4048 706 4122 Affectr'onesesse:ut
720 4053 836 4106 Virtutes
849 4071 945 4106 omnes.

112 4161 310 4204 euersum,
372 4139 411 4192 Π.
436 4139 958 4215 Habt'teas,nonoffectiones:utstudio.

179 4225 226 4280 alia
372 4229 420 4283 111.
428 4233 549 4287 Neutro:
562 4245 591 4285 ut
604 4235 726 4287 Actiones
736 4235 877 4287 secundum
889 4234 1030 4286 Virtutem.

97 4355 197 4426 Haecin
207 4365 330 4430 Stobaeo
340 4368 464 4432 :iterum
474 4367 612 4434 Laertius
621 4371 719 4448 aliter,
732 4384 762 4432 et
770 4371 801 4433 in
809 4371 914 4434 ordine
925 4370 1038 4452 aliquid
1046 4369 1165 4431 turbat:
