2926 4958
337 480 449 568 cxlviij
526 481 556 547 J.
585 479 743 562 LlPSll
767 482 1222 557 MANUDUCTIONIS

336 623 440 706 eligi.»
456 620 531 708 (Ep.
545 623 632 705 κου.)
642 624 748 694 Vade,
762 627 817 687 ista
830 630 977 692 notanda:
990 643 1144 704 nonsunt,
1157 629 1402 708 sedbunfflnm,

334 752 351 792 a
368 732 446 794 bene
469 731 598 816 eligente
616 745 645 794 et
661 746 760 794 utente
775 757 782 793 ε
797 733 828 794 id
843 748 904 811 est,
922 755 939 795 a
955 732 1118 798 Prudentia
1135 756 1204 798 mea
1219 751 1249 798 et
1264 727 1404 812 Virtute,

333 861 396 920 qoae
418 839 483 901 sola
500 868 514 892 α
526 839 692 923 perlectum
713 838 834 902 Bonum
852 854 913 917 est,
935 842 1018 924 cnjus
1042 856 1183 906 contactu
1204 843 1263 905 alia
1287 865 1404 927 quoque

331 945 420 1008 Bona
433 946 540 1008 fiunt.»
556 943 633 1030 (Ep.
648 949 779 1024 cxvttt.)
791 945 900 1028 Neque
915 947 1006 1009 aliter
1020 948 1092 1010 alibi
1103 946 1191 1012 Plato
1206 952 1334 1027 censuit,
1349 974 1405 1034 pro

330 1055 414 1135 cujus
428 1067 529 1115 mente
544 1053 691 1136 Apuleius
708 1077 715 1113 :
732 1049 934 1136 «Corporum
948 1054 1130 1131 sanitatem,
1146 1053 1255 1130 Vires,
1269 1055 1404 1118 lodolen·

329 1162 426 1236 dam,
441 1173 600 1242 ceteraque
612 1161 759 1242 ejusmodi
770 1158 857 1222 Bona
871 1161 1000 1222 extraria
1014 1207 1022 1238 ,
1042 1161 1115 1222 item
1130 1159 1262 1223 Divitias
1277 1208 1286 1238 ,
1300 1175 1328 1224 et
1339 1185 1405 1244 qua

329 1263 470 1326 Fortunae
492 1268 652 1329 commoda
671 1266 817 1341 dicimus,
845 1287 879 1328 ea
901 1285 963 1327 nort
984 1267 1162 1350 simpliciter
1182 1266 1269 1329 Bona
1288 1289 1404 1331 nuncu-

329 1373 428 1454 panda
443 1393 518 1436 esse.
529 1371 611 1434 Nam
628 1374 652 1434 si
669 1373 735 1454 quis
749 1395 784 1434 ea
797 1373 953 1456 possidens
964 1395 1020 1436 usu
1034 1395 1067 1436 se
1081 1375 1209 1450 abdicet,
1220 1395 1255 1436 ea
1270 1375 1326 1437 sibi
1342 1377 1406 1436 iuu-

328 1478 392 1540 tilia
407 1493 494 1542 eruut
521 1502 529 1540 t
556 1480 580 1542 si
603 1479 670 1562 quis
690 1493 791 1544 autent
811 1499 918 1542 eorum
942 1501 1031 1542 usum
1050 1482 1232 1544 couverterit
1250 1485 1287 1543 ad
1309 1483 1405 1543 malas

328 1599 428 1662 artes,
449 1605 485 1648 ea
503 1585 548 1646 illi
566 1585 657 1648 etiam
672 1585 762 1646 noxia
773 1585 987 1647 videbuntur.»
1006 1583 1075 1662 (De
1092 1584 1230 1670 Pbilos.)
1244 1585 1286 1648 Et
1299 1603 1406 1650 contra

331 1703 390 1778 est,
403 1691 434 1751 in
447 1691 483 1753 iis
499 1713 565 1773 quae
581 1691 662 1753 mala
678 1691 817 1774 eorporis
831 1703 883 1752 aut
896 1704 1019 1753 externa
1037 1705 1217 1756 censentur:
1234 1715 1300 1774 qnae
1316 1692 1405 1754 Bona

328 1781 426 1860 bonus
437 1799 555 1860 animus
566 1799 644 1861 facit
657 1796 713 1859 llle
728 1811 792 1870 est,
809 1798 851 1859 ait
860 1796 1021 1860 Sallustius
1032 1825 1047 1853 u
1060 1801 1119 1860 dux
1134 1812 1223 1879 atque
1237 1801 1407 1880 imperator

328 1905 396 1966 vitae
406 1906 593 1984 mortalium,
607 1907 657 1988 qui
666 1904 853 1988 ubillirtutis
865 1906 913 1966 ria
922 1907 960 1968 ad
969 1905 1099 1989 gloriam
1109 1919 1272 1990 grassatur,
1286 1906 1406 1968 abunde

327 2012 447 2096 pollens
468 2027 636 2096 potensque
658 1991 704 2074 est
711 2009 740 2090 ,⁰¹
751 2034 850 2094 neque
871 2009 1011 2074 Fortunae
1041 2024 1117 2097 eget.
1129 2041 1144 2067 ιι
1169 2011 1317 2096 Agnoscis
1343 2014 1407 2075 bane

327 2120 452 2184 Stoica?
469 2123 591 2204 reponit
613 2144 620 2179 ε
644 2147 658 2174 «e
668 2119 817 2204 Corporis
831 2134 863 2184 et
875 2118 1019 2182 Fortuna
1033 2120 1185 2184 bonorum
1200 2122 1243 2183 uti
1260 2121 1384 2184 initium
1398 2170 1406 2198 ,

326 2229 367 2289 ita
384 2227 451 2289 linis
464 2239 524 2300 est,
543 2229 703 2308 omniaque
713 2241 784 2289 'orta
799 2228 939 2290 occidnut
952 2241 982 2288 et
992 2240 1078 2290 aucta
1092 2242 1260 2291 senescunt.
1275 2229 1408 2291 Animus

326 2336 540 2418 incorruptus,
562 2347 712 2412 aetemus,
727 2347 828 2397 rector
843 2333 967 2396 humani
982 2335 1119 2418 generis,
1136 2335 1198 2417 agit
1211 2349 1299 2416 atque
1312 2335 1410 2397 babet

328 2454 454 2516 cuncta,
473 2461 571 2522 aeque
591 2439 656 2522 ipse
671 2435 807 2502 habetur.
818 2467 833 2493 »
851 2437 883 2502 0
898 2453 988 2502 rectae
1005 2453 1035 2502 et
1049 2453 1156 2503 erecta
1171 2460 1260 2502 voces
1274 2445 1409 2520 (audac-

325 2561 374 2610 ter
390 2548 512 2626 dicam)
533 2569 594 2630 prae
609 2546 796 2618 multorum,
818 2547 868 2628 qui
885 2544 1064 2630 Philosophi
1081 2547 1199 2608 titulum
1214 2547 1407 2611 inscribunt!

327 2656 482 2716 audiamus
501 2677 508 2712 ι
529 2664 559 2714 et
573 2675 643 2715 cum
656 2649 799 2715 llelvidio
812 2652 912 2736 (apud
927 2652 1058 2715 alterum
1074 2651 1284 2731 llistoricum)
1302 2683 1317 2707 u
1327 2657 1409 2718 doc-

328 2775 409 2821 tores
428 2757 589 2841 Sapientiae
606 2779 786 2840 sequamur,
802 2759 852 2839 qui
875 2757 939 2820 sola
961 2757 1049 2820 Boua
1060 2779 1124 2840 qtae
1140 2755 1298 2836 Honesta,
1317 2759 1409 2822 Mala

330 2873 445 2920 tantum
461 2879 526 2940 quae
535 2857 658 2942 'Turpia
676 2883 683 2929 ;
697 2857 868 2920 Potentiam
884 2904 893 2934 ,
910 2856 1129 2934 Nobilitatem,
1147 2871 1307 2939 ceteraque
1320 2873 1408 2920 extra

327 2963 494 3066 Animum,
515 2985 611 3046 neque
630 2964 725 3026 Bonis
750 2985 847 3046 neque
867 2963 960 3026 Malis
979 2967 1187 3027 adnumerant.
1201 2993 1216 3018 »v
1238 2964 1342 3046 (Tac.
1360 2963 1408 3025 lV

329 3069 443 3132 llistor.
455 3069 467 3152 l

624 3307 955 3372 DtssEttTaTto
982 3307 1103 3371 XXll.

412 3492 484 3572 Qua
498 3495 585 3569 r'gr‘tnr
595 3494 700 3554 Bnnu?
715 3506 799 3574 atque
815 3515 851 3552 ea
866 3493 1028 3566 subtiliter,
1049 3505 1076 3553 et
1091 3507 1199 3562 Στοικῶς
1217 3493 1319 3552 ὀίοιέα.

366 3725 449 3788 Aen.
464 3725 629 3791 Audiamus
647 3753 653 3787 ε
672 3730 723 3810 qui
737 3743 838 3792 tamen
851 3730 977 3792 tirmiter
994 3744 1024 3792 et
1037 3751 1142 3793 secure
1155 3750 1333 3813 possumus,
1348 3733 1413 3792 nisi

325 3829 460 3890 distincte
476 3829 564 3922 Boua
579 3829 723 3912 Malaque
740 3832 898 3892 norimus?
916 3829 983 3908 Ea,
1005 3853 1076 3893 tneo
1094 3832 1215 3908 animo,
1232 3831 1286 3892 tibi
1304 3835 1414 3916 expli—

326 3938 419 3997 canda
434 3949 516 4014 sunt,
528 3950 558 3998 et
570 3937 677 3998 linibus
689 3937 750 3998 suis
764 3936 968 4018 limitibusque
982 3938 1156 4001 claudenda.
1168 3936 1415 4022 LtusAEquum

327 4063 416 4119 oras,
444 4043 499 4104 etsi
519 4040 699 4104 Etbicorum
712 4041 762 4105 hic
777 4043 902 4128 proprie
918 4045 1002 4106 locus
1020 4059 1065 4106 est
1085 4070 1092 4105 ε
1112 4060 1214 4108 tamen
1231 4059 1340 4108 notare
1357 4047 1416 4110 bic

325 4167 422 4229 opus,
450 4148 554 4208 autin
580 4145 627 4208 bis
655 4135 906 4231 sequentibusque
933 4163 1046 4212 natare.
1074 4147 1219 4214 Socrates
1245 4151 1299 4214 ille
1327 4153 1415 4214 olim

328 4277 342 4305 α
352 4252 429 4314 banc
444 4249 604 4314 Summam
620 4253 693 4315 dixit
707 4275 772 4316 csse
789 4253 998 4338 Sapientiam,
1020 4256 1107 4319 Bona
1125 4257 1271 4340 Malaque
1293 4259 1418 4320 distin-

326 4379 427 4442 guere.
440 4387 455 4415 »
471 4357 562 4442 (Scn.
573 4357 671 4442 Epist.
686 4365 792 4442 ιω.)
804 4361 908 4438 Vere,
927 4364 995 4444 quia
1010 4364 1075 4426 sine
1087 4385 1122 4426 ea
1133 4365 1260 4438 notitia,
1276 4387 1333 4428 nec
1346 4367 1413 4428 illa
