2926 4958
254 495 884 568 aDsTolc.Pfl1'Los‚LIB.
911 496 961 565 11.
1057 501 1142 586 exvij

76 644 192 718 dieunt,
211 641 285 722 quia
302 655 347 702 est
360 642 444 720 sequi
461 654 609 702 naturam.
624 637 737 702 Fabius
751 639 809 701 hoc
822 653 903 702 recte
921 663 928 698 :
948 665 962 695 α
981 638 1088 701 Brevis
1103 653 1149 703 est

79 751 222 810 institutio
241 749 309 810 ritae
324 747 639 827 honestatemque,
654 747 680 808 si
690 749 803 810 eredas.
815 744 931 808 Natura
947 746 1028 808 enim
1043 768 1098 808 nos
1111 749 1149 809 ad

78 856 224 936 optimam
244 867 380 915 mentem
400 853 503 936 genuit
520 876 527 910 ε
546 853 680 933 adeoque
699 853 814 915 discere
835 851 963 914 meliora
982 853 1151 918 volentibus

78 972 257 1042 promptum
277 973 338 1036 est,
355 971 389 1020 ut
409 981 478 1022 vere
498 959 624 1020 intuenti
641 957 715 1019 illud
736 957 832 1041 magis
847 959 960 1020 mirum
976 960 1034 1035 sit,
1053 961 1151 1024 malos

78 1085 140 1126 esse
158 1079 228 1125 tam
251 1063 373 1126 multos.
387 1090 402 1119 a
417 1063 532 1139 Recte,
547 1064 671 1144 iuquam
687 1087 694 1122 ε
712 1065 765 1126 sed
777 1077 806 1125 ct
818 1063 893 1125 illud
907 1086 943 1126 ex
959 1067 1067 1127 eodem
1083 1065 1152 1127 sub-

78 1183 212 1246 seratur,
234 1197 251 1223 n
270 1169 438 1245 Virtutem,
454 1171 509 1232 etsi
523 1171 651 1253 impetus
667 1171 812 1250 quosdam
827 1190 844 1230 a
859 1184 966 1233 natura
982 1172 1086 1249 sumit,
1104 1185 1154 1234 ta-

78 1298 148 1338 men
162 1275 385 1360 perficiendam
406 1277 540 1338 doctriua
564 1297 639 1340 esse.
657 1304 672 1330 n
689 1257 762 1338 Haec
778 1290 846 1338 sunt
858 1297 1001 1360 germane
1024 1274 1126 1339 Stoica
1143 1303 1150 1349 ;

79 1383 251 1465 igniculos,
268 1382 433 1460 scintillas,
452 1382 582 1452 semina,
600 1383 729 1464 impetus
744 1384 782 1444 ad
792 1383 931 1446 virtutem
942 1383 1107 1446 hahemus:
1123 1397 1158 1444 ut

78 1487 176 1569 ipsam
184 1487 531 1562 habeamus‚excitauda
544 1487 597 1548 illa
614 1487 695 1548 velut
710 1485 783 1548 flatu
798 1488 922 1550 rationis
936 1501 1003 1550 suut
1017 1502 1047 1551 et
1061 1489 1153 1551 disci-

79 1594 178 1674 plioae.
195 1591 241 1653 Et
257 1591 437 1654 Aristoteles
454 1593 495 1654 ita
515 1593 670 1654 verissime
693 1616 700 1649 ε
720 1621 735 1645 ιι
752 1591 859 1673 Neque
877 1613 895 1654 a
917 1605 1024 1655 natura
1043 1594 1153 1678 igitur,

79 1721 176 1780 neque
198 1712 313 1782 praeter
333 1711 472 1758 naturam
494 1697 635 1760 inseritur
657 1699 792 1760 virtus.»
816 1698 869 1778 (ΙΙ
894 1696 1014 1778 Ethic.)
1037 1697 1154 1762 Seneca

80 1819 184 1868 noster
208 1827 216 1864 ε
243 1833 258 1858 o
282 1803 435 1866 Omoibus
456 1818 562 1866 natura
588 1806 669 1867 dedit
689 1805 881 1866 fundamenta
904 1826 1065 1886 semenque
1092 1807 1156 1868 vir-

80 1925 195 1971 tutum:
210 1931 321 1971 omnes
333 1913 370 1970 ad
379 1911 481 1972 omnia
491 1911 547 1971 ista
555 1911 617 1972 nati
628 1931 729 1972 sumus
743 1935 750 1970 ι
765 1932 856 1991 quum
870 1911 1005 1974 irritator
1016 1913 1154 1990 accessit,

82 2031 150 2082 ome
165 2017 220 2078 illa
236 2017 332 2077 animi
349 2016 439 2091 hona,
456 2015 538 2078 velut
554 2017 651 2099 sopita
666 2018 866 2079 excitantur.»
882 2013 994 2100 (Epist.
1011 2019 1097 2099 xcv.)
1113 2018 1159 2081 lr-

84 2123 190 2184 ritator
203 2135 310 2183 autem
327 2135 371 2182 est
384 2121 518 2183 doctriua
531 2167 540 2193 ,
554 2142 618 2202 quse
630 2121 785 2182 scientiam
799 2121 871 2182 boui
885 2121 1018 2204 malique
1033 2123 1155 2200 dividit,

85 2241 113 2288 et
129 2249 169 2289 ne
187 2227 221 2287 in
238 2227 378 2308 eligendo
393 2227 517 2286 aberres
533 2224 613 2288 l'acit.
633 2224 754 2287 Bonum
770 2239 875 2288 natura
897 2228 959 2290 vis?
982 2228 1096 2290 malum
1110 2229 1159 2290 ri-

85 2347 130 2394 tas
144 2334 156 2394 ?
172 2351 247 2395 ecce
261 2331 322 2392 hoc
336 2331 396 2392 tale
414 2353 448 2392 re
463 2344 493 2392 et
506 2332 622 2392 ratione
636 2343 699 2408 est,
715 2331 789 2392 illud
803 2332 954 2414 opinione.
972 2361 987 2387 a
1007 2332 1090 2395 Artis
1104 2335 1159 2418 igi-

85 2453 133 2500 tur
147 2453 215 2516 est,
232 2439 314 2518 quod
329 2438 371 2498 ait
383 2434 510 2509 Cicero,
530 2440 567 2499 a'd
579 2459 615 2498 ea
627 2437 796 2519 principia,
810 2459 875 2518 quae
890 2459 907 2498 a
921 2451 1028 2499 natura
1041 2441 1158 2523 accepi·

85 2567 175 2620 mus,
203 2543 418 2624 consequentia
446 2543 624 2624 exquirere,
646 2545 742 2604 donec
765 2543 815 2620 id,
843 2545 923 2624 quod
944 2545 1098 2622 volumus,
1120 2547 1162 2608 sit

87 2651 243 2714 effectum.
255 2677 270 2703 n
297 2648 345 2724 (V
363 2645 413 2710 De
430 2645 551 2730 Finib.)
574 2647 680 2709 Virtus
702 2661 800 2710 amata
818 2648 906 2710 nobis
926 2651 1084 2728 omuibus,
1102 2672 1161 2714 oa-

86 2769 154 2816 tura
172 2769 237 2831 est,
260 2755 418 2814 honesteun
433 2751 564 2835 optabile
588 2777 595 2812 :
618 2755 670 2814 sed
690 2772 751 2815 nou
775 2751 866 2815 iacies
886 2756 1038 2837 utriusque
1059 2759 1159 2820 statim

86 2875 170 2923 nota.
180 2859 302 2922 Tamen
311 2859 384 2935 levi,
396 2873 430 2920 ut
440 2859 515 2926 dixi.
526 2871 636 2921 conatu
645 2871 676 2920 et
684 2860 914 2922 manuductione
924 2864 1066 2945 aperitur.
1075 2865 1159 2928 Zeno

86 2969 154 3050 ipse
174 2968 205 3027 in
219 2967 348 3046 quadam
360 2966 488 3048 epistola
503 2987 510 3024 ι
526 2993 541 3019 ιι
557 2965 643 3026 Boua
654 2973 764 3028 ‘natura
778 2968 964 3031 mediocrem
979 2972 1163 3034 exercitatio-

85 3095 163 3135 nem
186 3085 291 3144 nacta,
316 3085 347 3132 et
361 3083 581 3154 praeceptorem
597 3072 723 3134 candide
738 3074 896 3136 docentem
916 3074 1003 3139 facile
1024 3080 1105 3140 venit
1124 3084 1163 3142 ad

85 3182 259 3264 perlectam
279 3179 396 3240 virtutis
409 3179 721 3263 comprehensionem.
736 3208 750 3233 v·
766 3179 836 3258 (Ad
849 3180 1065 3266 Antigonum.)
1088 3185 1161 3252 Haec

84 3287 207 3356 oostri;
224 3285 296 3366 quid
309 3285 500 3350 Academici?
519 3285 612 3369 patilo
623 3286 733 3348 diversi
754 3301 833 3348 eunt.
857 3289 938 3351 Nam
955 3313 1011 3373 pro
1026 3291 1161 3355 Platonis

83 3415 184 3457 suasu
204 3393 267 3454 teet
286 3393 455 3476 Apuleius:
477 3389 644 3453 Hominem
660 3391 699 3453 ab
718 3393 810 3476 stirpe
829 3395 894 3478 ipsa
911 3417 1008 3478 ueque
1028 3398 1163 3462 absolute

84 3503 227 3577 bom,
243 3519 300 3562 nec
313 3498 427 3559 malum
443 3489 527 3559 nasci
543 3520 551 3557 :
565 3499 618 3560 sed
631 3500 670 3559 ad
684 3511 843 3581 utrumque
855 3501 990 3583 proclive
1008 3503 1160 3586 ingenium

85 3630 168 3672 esse.
185 3605 313 3668 Habere
327 3605 446 3685 quidem
461 3603 577 3666 semina
589 3606 931 3688 quadam-utrarumque
946 3629 1069 3687 rerum,
1092 3635 1161 3675 cum

85 3713 238 3778 nascendi
252 3711 368 3794 origiue
382 3695 538 3792 copulata,
555 3729 619 3790 que
631 3711 813 3772 educationis
826 3712 982 3794 disciplina
993 3715 1024 3774 iu
1035 3715 1162 3781 alteram

85 3819 224 3881 debeant
237 3829 356 3899 partem
372 3815 541 3877 emicare.»
557 3811 625 3890 (De'
636 3812 861 3899 Philosophia.)
874 3815 1014 3895 Semina,
1030 3843 1118 3902 ecce,
1135 3840 1165 3887 et
1264 3841 1269 3853 ·

86 3926 145 4006 ipsi
156 3933 349 4006 agnoscunt:
366 3919 464 3982 sedin
476 3939 537 4000 quo
553 3919 732 3982 ffiaerimen?
747 3923 828 4001 quod
843 3921 887 3982 illi
901 3943 938 3984 ea
960 3924 990 3984 in
1005 3941 1162 4010 utrumque

88 4032 197 4094 valere
221 4027 345 4104 volunt,
365 4027 479 4088 Ιιοειπιι
499 4025 672 4108 malumque
694 4051 701 4085 ε
722 4026 834 4103 nostri,
854 4030 885 4089 in
903 4028 1016 4092 bonum
1038 4047 1163 4097 tuntum.

88 4137 175 4198 Nam
189 4147 302 4196 natura
315 4133 379 4215 ipsa
396 4151 516 4214 semper
530 4132 568 4192 iis
584 4131 674 4192 hona.
691 4129 772 4192 Hinc
785 4131 837 4193 illa
848 4134 957 4210 verba,
971 4157 1036 4216 quae
1052 4152 1082 4201 et
1095 4155 1163 4203 ante

89 4243 177 4326 attigi
198 4263 207 4294 ε
230 4267 246 4292 «ι
263 4237 348 4300 Nulli
368 4237 512 4320 praeclusa
527 4250 572 4298 est
589 4237 700 4312 virtus,
720 4237 859 4300 omuibus
875 4253 974 4321 patet,
991 4265 1097 4307 omues
1115 4249 1166 4308 ad-

89 4349 196 4410 mittit.
219 4373 234 4400 a
251 4343 346 4424 (Seu.
362 4343 413 4406 De
427 4343 532 4406 Beuel'.
547 4341 610 4419 tlt,
627 4363 690 4426 cap.
707 4343 751 4406 18.
758 4344 769 4427 l
782 4343 822 4406 Et
836 4345 963 4408 stoicum
977 4349 1085 4432 dogma
1096 4353 1164 4419 Ga.
