2896 4954
332 373 492 444 LIBER
516 375 554 460 l,
581 375 688 442 CAP.
715 373 808 442 XII.
1039 401 1099 444 aar

60 515 117 578 rint
128 517 151 592 ¹,
164 509 348 599 liberisque
355 529 396 574 ac
409 504 589 598 nepotibus
603 501 808 572 tradiderint
818 525 936 596 regna,
954 519 1109 600 tyranno·

60 652 123 693 rum
137 621 351 692 exsecrabilis
372 643 413 688 uc
431 621 546 688 brevis
563 635 710 713 potestus
729 635 780 688 est
795 625 807 656 ²
822 617 945 710 iQuid
969 622 1111 690 interest

58 740 135 806 inter
148 753 327 832 tyrannum
346 749 381 801 et
394 720 509 826 iugem
529 733 684 826 (species
709 732 799 800 enim
818 733 891 825 ipsa
908 733 1051 802 lortunae
1070 759 1110 802 nc

60 854 183 922 licentia
192 851 340 947 pareat),
356 851 421 918 nisi
435 849 526 941 quod
541 851 677 942 tyranni
690 850 727 916 in
740 849 911 942 voluptate
927 843 1106 932 ³soeviunt,

60 995 145 1064 reges
160 995 229 1038 non
243 968 364 1036 nisiex
379 990 480 1034 causa
498 991 538 1034 nc
556 967 754 1034 necessitate
765 960 798 1032 ‘t

98 1089 173 1156 ΧΠ.
200 1113 217 1152 «ι
237 1085 332 1177 Quid
358 1083 468 1176 ergo?
495 1107 563 1150 nou
587 1105 688 1176 reges
711 1105 848 1174 quoque
876 1084 1031 1152 occidere
1056 1111 1111 1155 so·
1138 1111 1148 1143 ¹

58 1201 145 1268 lent?
166 1227 182 1264 u
207 1199 275 1270 Sed
291 1200 422 1291 quoties
446 1198 482 1266 id
507 1199 582 1266 lieri
606 1193 742 1290 publicu
760 1197 888 1266 utilitas
906 1199 1109 1292 persuadet:

59 1318 201 1409 tyrannis
221 1316 347 1384 saevitia
366 1315 461 1384 cordi
481 1330 543 1384 est.
567 1316 750 1407 Tyrannus
766 1331 879 1384 autem
898 1341 919 1385 u
937 1343 1019 1412 rege
1042 1319 1113 1388 dis-

57 1447 98 1502 tat
119 1434 238 1518 lactis,
267 1456 335 1502 nou
354 1434 504 1502 nomine.
533 1433 617 1500 Nam
633 1449 668 1500 et
688 1433 871 1524 Dionysius
888 1431 1018 1527 major⁵
1032 1439 1113 1530 jure

56 1547 236 1640 meritoque
255 1545 409 1640 praelerri
429 1547 543 1614 multis
560 1545 700 1638 regibus
718 1562 853 1639 potest3
870 1561 904 1614 et
924 1551 964 1615 L.
988 1550 1113 1619 Sullam

54 1664 213 1756 appellari
238 1679 417 1756 tyranuum
436 1661 521 1754 quid
543 1661 724 1754 prohibet,
743 1663 799 1729 cui
816 1662 993 1732 occidendi
1012 1667 1115 1736 finem

56 1782 128 1851 lecit
149 1782 267 1877 iuopia
286 1782 460 1850 hostium?
484 1777 707 1850 Descenderit
731 1779 811 1847 lioet
836 1781 1011 1850 Dictatura
1032 1789 1112 1866 stin,

55 1987 132 2026 mento
142 1995 198 2027 non
211 1993 292 2048 egere.
303 1995 317 2018 u
330 1971 461 2046 copiosius
470 1972 559 2024 Noster
609 1982 651 2021 aut
663 1970 801 2043 primorum
817 1971 950 2025 auctoritas
964 1975 1078 2048 regebat,
1090 1975 1117 2028 vi

52 2051 130 2123 paullo
149 2053 241 2104 infra:
260 2051 411 2117 «Securitas
431 2049 560 2101 securitate
609 2065 716 2120 regnum
737 2061 908 2122 occupaverat.
933 2049 1011 2118 Quod
1034 2066 1117 2105 nostra

54 2143 134 2182 mutua
149 2127 301 2203 paciscenda
317 2139 361 2180 est.
374 2127 433 2178 Non
445 2145 508 2199 opus
525 2137 562 2178 est
609 2141 657 2177 vox
668 2135 825 2192 usur-pateus·
837 2145 890 2178 non
904 2127 970 2181 male
988 2129 1116 2196 redderet;

54 2207 206 2260 immaerein
214 2205 292 2258 altum
303 2203 381 2256 editas
394 2222 477 2267 arces,
488 2216 534 2255 stc.
547 2225 561 2248 n
610 2221 754 2275 quanquam
766 2225 818 2258 nou
829 2227 916 2260 omnes
932 2207 949 2260 ii
961 2211 1061 2282 tyranni
1072 2231 1120 2263 vo-

85 2307 104 2338 ι.
119 2285 198 2358 Quid
210 2287 280 2338 enim
292 2291 347 2344 est,
363 2301 409 2334 aar
422 2299 563 2349 regestus·-
610 2283 730 2335 cabautur
740 2284 831 2354 quibus
839 2287 904 2359 apud
912 2307 958 2339 nos
968 2290 1119 2362 usurpatoris

53 2365 203 2418 mucuns?
218 2361 295 2430 Quod
306 2359 420 2434 tyrannis
431 2376 488 2412 raro
504 2377 562 2411 eve·-
611 2379 705 2411 nomeu
724 2363 876 2416 conveniret.
891 2364 991 2435 Siquis
1008 2367 1074 2418 euim
1093 2368 1120 2419 in

51 2443 91 2494 nit.
107 2441 206 2494 'l'lsales
222 2441 389 2510 interrogalus
405 2439 436 2490 Τί
451 2433 563 2496 mestos
611 2438 659 2492 lsoc
675 2439 781 2510 imperio
800 2441 840 2494 cui
860 2441 934 2496 unius
950 2445 1065 2497 voluntas
1081 2447 1121 2500 lex

52 2521 237 2588 zinnlsaps'sse.
246 2518 345 2586 Γέροντα
354 2553 362 2580 ,
371 2512 561 2582 {postumus
612 2529 664 2582 ast,
676 2517 702 2568 in
721 2517 813 2569 solium
832 2519 857 2570 vi
876 2519 1005 2589 evehitur,
1023 2521 1066 2576 ille
1080 2543 1121 2576 rex

51 2598 106 2666 quid
127 2595 240 2650 difficile
257 2595 378 2657 vidisset,
399 2593 563 2664 Tyrannum,
612 2607 663 2660 est,
674 2613 727 2646 non
738 2607 867 2684 tprannus.
880 2597 922 2650 Sic
934 2599 1000 2672 apud
1014 2601 1119 2668 Persas,

51 2673 143 2744 inquit,
153 2691 256 2726 anem.
265 2671 305 2724 Ad
317 2670 367 2722 ltoe
375 2669 436 2722 lacit
446 2669 563 2722 Juvenal.
613 2673 705 2724 Darius
718 2674 730 2722 i
741 2676 885 2740 Υστάσπου,
897 2695 939 2727 rer
947 2676 1034 2729 audiit.

51 2751 98 2802 Sat.
117 2754 158 2816 X,
179 2749 299 2822 quamvis
314 2767 386 2820 reges
403 2759 427 2800 et
444 2760 564 2820 tyrannos
646 2751 703 2801 xlt.
720 2749 863 2804 Discrimen
882 2751 948 2805 inter
969 2775 1054 2828 regem
1078 2771 1122 2830 ty-

49 2849 97 2882 m
109 2832 278 2884 distemus:
290 2850 304 2874 ι
315 2827 357 2880 Ad
376 2843 498 2899 generum
514 2824 566 2876 Ce-
614 2847 779 2899 rennurnque.
792 2828 832 2880 Cl.
847 2829 945 2881 Platon.
963 2831 1003 2885 De
1016 2833 1122 2908 Repulsi.

50 2909 106 2960 reris
117 2910 174 2962 siue
186 2908 259 2960 cede
271 2918 296 2958 et
305 2904 410 2956 uulnere
420 2900 493 2975 pauci
508 2901 566 2952 De·
614 2906 658 2959 lib.
671 2906 735 2957 Vlll
754 2919 778 2958 et
797 2907 847 2970 lx,
868 2907 927 2960 indc
947 2929 960 2960 a
979 2929 1036 2986 pag.
1058 2931 1122 2978 sao,

47 2986 170 3040 scendunt
178 2983 358 3056 regesetsicca
367 2993 448 3034 morte
456 2979 566 3053 tyranni.
614 2983 713 3034 mvn.
722 2981 780 3056 Rip.

80 3083 102 3114 a.
115 3063 393 3129 Breviapotestasest.
402 3057 494 3110 Poeta:
505 3079 518 3103 u
528 3056 567 3108 lu·
649 3060 672 3110 5.
683 3059 828 3131 Dionysius
838 3065 932 3129 major.
947 3064 1000 3132 Qui
1010 3065 1124 3140 Syracu-

49 3138 97 3190 tisa
124 3161 210 3194 nemo
233 3136 338 3212 isuperia
359 3135 462 3188 retinuit
482 3133 536 3186 diu.
552 3155 566 3182 »
602 3155 735 3200 ,sanorum
743 3151 862 3211 tyrannus
872 3140 1006 3215 imperium
1017 3143 1071 3196 lilio
1079 3157 1124 3196 tra·

47 3215 75 3268 Et
86 3219 122 3270 sic
139 3221 199 3272 lere
214 3215 343 3272 Aristotel.
353 3213 451 3266 Politic.
462 3213 487 3265 Χ
498 3227 505 3263 :
518 3211 567 3263 Δύο
617 3213 696 3279 didit,
713 3233 765 3267 uon
780 3232 916 3271 servaturo.
933 3221 979 3273 lllc
997 3222 1064 3295 apud
1078 3241 1124 3274 nos

47 3296 69 3346 st
87 3301 147 3350 «tels
165 3299 247 3350 ‘telas
269 3296 302 3348 δι’
319 3297 347 3354 ὃς
364 3291 500 3345 lesddssles
518 3301 568 3352 ταῖς
616 3294 811 3347 vocaturDem's
819 3301 844 3350 le
855 3298 1033 3367 Tymn‚lilius
1041 3302 1124 3353 Dens's
1222 3313 1230 3320 ·

46 3379 201 3444 capsulas,
217 3377 284 3443 pleae
294 3377 330 3426 sal
344 3373 518 3442 rumpimus.
616 3371 744 3426 leJetme,
754 3374 831 3442 Quod
841 3387 925 3427 autern
935 3376 966 3428 de
975 3397 1004 3429 eo
1013 3379 1124 3431 Annaeus

78 3456 101 3506 3.
114 3457 155 3508 Ιιι
166 3458 311 3523 volupia&
322 3455 437 3505 susim
447 3453 504 3504 lloc
515 3464 567 3513 est,
617 3448 829 3522 dicit,lsuuejure
838 3454 949 3525 prtelcrri
958 3474 1029 3528 posse
1038 3455 1124 3508 multis

47 3533 108 3586 inter
125 3534 280 3606 voluptates
298 3547 355 3583 snas
367 3529 497 3581 habentes
515 3548 570 3580 nn·
618 3528 735 3600 regibus,
759 3531 939 3601 quadamtenus
964 3551 1053 3586 rernm
1077 3548 1125 3598 est,

44 3627 143 3666 merant
159 3609 332 3666 subditorum
344 3607 467 3679 gemitus,
480 3607 570 3678 gratis-
618 3609 660 3661 sed
679 3621 702 3660 et
720 3610 904 3678 quadamtenus
921 3611 1020 3664 lalsum.
1039 3615 1123 3674 Nam,

45 3691 136 3744 simum
148 3701 250 3764 putant
260 3686 356 3740 sevire.
619 3701 647 3739 nt
665 3686 702 3738 rei
719 3687 835 3739 militaris
846 3689 939 3761 peritus
958 3702 981 3742 et
997 3690 1125 3743 literarum

75 3769 98 3834 4.
125 3768 214 3840 Quid
235 3770 391 3818 turenses...
413 3767 570 3816 necessitate.
620 3781 707 3816 amans
725 3777 749 3816 et
762 3766 966 3820 administrandus
982 3769 1126 3842 reipublice

45 3847 131 3910 Nora,
145 3848 169 3898 si
191 3843 231 3897 ad
252 3842 306 3894 lsaec
323 3854 436 3914 tempora
456 3840 571 3914 respicias
620 3842 742 3915 imprimis
761 3843 898 3905 studiosus,
909 3845 945 3896 sic
962 3845 1005 3897 ille
1020 3847 1127 3900 crudelis

44 3925 200 3988 distinctio,
231 3931 257 3972 et
277 3937 334 3989 quae
353 3920 384 3970 ad
405 3919 570 3970 recentiorem
620 3919 1129 3992 luitergainimicos,immoetnonnun·

43 4004 202 4074 opinionem
221 3996 307 4070 potius
321 4015 397 4066 quam
409 3995 440 4048 ad
453 3997 572 4048 Veterum
622 4017 698 4070 quam
711 4018 769 4070 erga
782 4018 825 4051 eos
837 4019 899 4071 qnos
911 4001 938 4053 in
949 4002 1036 4056 amicis
1046 4004 1128 4057 habe-

44 4094 129 4132 mus
154 4091 207 4132 est.
222 4077 292 4128 Nam
312 4087 432 4147 tyrannus
451 4071 493 4123 hie
510 4071 581 4123 olim·
621 4073 680 4139 bat,
693 4093 774 4145 neque
787 4077 1126 4154 unquamulliussanguiui,

43 4160 90 4212 luit
109 4158 159 4231 qui
172 4158 206 4210 in
229 4153 330 4208 civius·
346 4171 423 4222 mam
435 4163 477 4203 aut
488 4151 573 4222 populi
623 4151 753 4224 paeonias,
766 4153 930 4226 religionibus
941 4159 1056 4230 pepercit
