2910 4954
321 461 474 528 LIBER
500 463 560 540 ll,
588 463 700 527 CAP.
729 463 877 527 XXIX.
1087 463 1129 552 93

82 593 276 684 satisjustam
291 617 424 661 causam
440 608 537 685 putat
547 591 704 674 amandi,
721 592 813 684 quod
827 593 939 662 aliena
953 609 1025 676 cst,
1042 592 1132 661 idem

82 733 201 776 uxorem
213 734 307 776 suam
316 706 445 802 adspici
456 733 524 776 non
534 709 626 792 vult3
642 724 676 776 et
690 707 771 776 fidei
783 712 969 778 acerrimus
983 724 1130 788 exactor,

83 843 125 892 est
143 826 289 918 perfidus
308 854 317 911 3
340 843 373 893 et
393 825 570 893 mendacia
587 826 830 917 persequitur,
852 828 924 919 ipse
946 826 1106 919 perjurus
1122 854 1132 910 3

83 943 208 1011 stlitem
224 943 288 1010 sibi
303 943 423 1011 inferri
436 944 613 1036 aegerrimc
627 941 849 1010 calumniator
868 943 1007 1035 patitur.
1027 941 1134 1010 Pudi·
1182 957 1185 970 ·

84 1059 181 1126 citiam
203 1060 419 1128 servulorum
443 1083 579 1126 suorum
601 1059 760 1126 attentari
778 1083 851 1125 non
871 1058 959 1140 vult,
982 1060 1043 1150 qui
1066 1083 1135 1126 nou

84 1179 220 1268 pepercit
238 1201 319 1245 soae.
343 1177 464 1251 Aliena
481 1177 563 1244 vitia
584 1180 590 1209 ¹
615 1177 651 1243 in
670 1176 776 1244 oculis
795 1176 958 1244 habemus
975 1204 984 1261 3
1001 1202 1021 1242 a
1038 1192 1134 1268 tergo
1159 1189 1176 1242 t

83 1311 182 1362 nostra
206 1309 296 1362 suut.
318 1293 403 1360 lude
431 1308 502 1374 est,
532 1291 625 1385 quod
650 1292 869 1384 tempestiva²
896 1291 958 1359 filii
983 1291 1135 1360 convivia

82 1426 167 1502 pater
179 1411 328 1478 deterior
337 1411 407 1478 filio
420 1411 574 1503 castigat.
586 1408 680 1476 Nihil
692 1409 810 1476 alienae
823 1409 964 1476 luxutiae
975 1410 1133 1501 ignoscit,

82 1531 132 1618 qui
148 1529 231 1596 nihil
246 1553 315 1595 sure
335 1529 497 1621 negavit3
520 1542 555 1593 ct
574 1524 752 1593 homicidae
770 1541 934 1618 tyrannus
948 1527 1106 1594 irascitur
1123 1555 1133 1611 3

81 1661 110 1710 et
125 1650 217 1737 punit
232 1647 321 1712 furta
335 1643 533 1736 sacrilegus.
552 1646 677 1735 Magna
691 1665 770 1734 pars
782 1641 956 1708 hominum
971 1658 1042 1723 est,
1060 1665 1136 1734 quae
1162 1671 1174 1718 7

81 1783 143 1826 non
160 1761 306 1852 peccatis
325 1761 502 1840 irascitur,
525 1757 585 1824 sed
603 1757 834 1851 peccantibus.
852 1756 969 1824 Faciet
984 1781 1049 1824 nos
1063 1781 1136 1824 mo-

82 1873 255 1945 deratiores
273 1893 448 1970 respectus
461 1875 589 1957 nostri,
606 1875 634 1956 si
648 1872 917 1941 consuluerimus
928 1897 989 1940 nos
1009 1899 1015 1938 :
1032 1875 1139 1940 Num-

82 1992 156 2084 quid
186 2011 220 2061 et
256 1994 320 2087 ipsi
355 1991 487 2084 aliquid
519 1991 584 2058 tale
611 1991 864 2058 commisimus?
889 1987 1062 2081 Numquid
1090 1991 1138 2056 sic

82 2112 283 2179 erravimus?
310 2109 497 2202 Expeditne
526 2109 624 2175 uobis
651 2108 716 2176 ista
747 2106 928 2175 damnari?
955 2108 1138 2176 Maximum
1163 2121 1178 2174 t
1231 2199 1233 2209 1

83 2229 256 2296 remedium
287 2243 338 2296 est
362 2223 444 2308 ir‘ae,
473 2251 578 2294 mora.
608 2229 679 2292 Nec
701 2225 745 2292 ab
764 2225 822 2292 illa
847 2241 925 2318 pete
953 2227 1070 2308 initio,
1102 2242 1140 2293 ut

83 2342 245 2433 ignoscat,
262 2339 321 2409 sed
340 2357 378 2409 ut
387 2339 520 2432 judicet
536 2369 545 2426 3
562 2340 714 2420 desinet,
735 2341 763 2406 si
777 2354 947 2432 exspectat
961 2363 969 2404 ε
985 2364 1050 2407 nec
1062 2341 1140 2406 uni-

81 2482 202 2526 versam
230 2459 321 2526 illam
351 2458 533 2526 tentaveris
562 2456 698 2538 tollere;
721 2479 840 2547 graves
865 2455 970 2523 habet
995 2457 1140 2548 impetus

81 2577 197 2667 primos
210 2605 220 2660 3
242 2592 312 2644 tota
327 2577 505 2655 vincetur,
528 2573 609 2642 dum
627 2573 782 2665 partibus
795 2574 959 2666 carpitur.

125 2694 256 2760 XXIX.
278 2696 326 2760 Ex
344 2693 398 2760 his
418 2715 493 2784 quse
508 2715 573 2760 nos
591 2689 792 2771 offendunt,
815 2691 881 2756 alia
901 2690 1141 2758 renuntiantur
1168 2731 1178 2763 ι

80 2809 192 2890 nobis,
212 2810 278 2877 alia
297 2811 363 2902 ipsi
379 2808 556 2890 audimus,
576 2824 636 2874 sut
653 2806 818 2876 videmus.
841 2809 903 2876 His
915 2831 991 2900 qqae
1005 2825 1142 2876 narrata

115 3012 134 3046 r.
150 2995 245 3047 Aliena
267 2997 342 3046 vitia.
366 2995 431 3045 Nota
451 2992 536 3045 tabula
554 3012 583 3044 ex
632 2991 799 3054 Florianum,
818 3011 870 3066 cap.
883 2993 916 3056 6,
935 2995 1033 3047 futilem
1048 2995 1141 3048 hancce

83 3070 583 3146 ffsopoetCatull.Carm·XXll,rs.aa:
633 3067 837 3132 distinctionem,
860 3082 884 3121 et
904 3071 1056 3140 ubicumque
1080 3071 1140 3123 olim

85 3170 97 3192 α
105 3147 153 3200 sed
164 3169 215 3201 non
226 3149 342 3202 videmus
352 3148 467 3201 mantica
480 3147 548 3219 quod
558 3148 584 3199 in
634 3147 762 3220 legebatur
773 3152 952 3216 intempestivo
963 3152 1085 3210 convivia,
1100 3150 1143 3202 le-

84 3237 149 3298 trrgo
160 3239 201 3278 est.
211 3251 224 3274 κ
233 3228 266 3279 Et
275 3225 372 3278 Phaedr.
382 3225 426 3278 lib.
435 3220 482 3290 lv,
496 3224 566 3277 [ὼ
577 3265 583 3288 ,
634 3227 746 3298 gendum
768 3232 926 3296 tempestiva.
951 3227 1028 3296 Cuius
1050 3247 1063 3279 e
1083 3242 1142 3281 nota

83 3307 204 3370 narrarit,
226 3305 271 3378 qui
290 3321 375 3358 umen
395 3307 489 3358 Nostro
511 3318 585 3358 notus
635 3303 678 3356 illa
687 3315 782 3355 tautum
792 3303 941 3376 excipimus:
952 3327 964 3350 u
976 3303 1046 3370 Quid
1058 3305 1143 3357 euim?

82 3383 193 3436 nonfuit.
339 3405 341 3410 ’
636 3401 722 3434 annon
735 3381 878 3454 tempestiva
890 3381 1005 3434 couviu'a
1016 3421 1022 3444 ,
1035 3394 1062 3434 ut
1074 3395 1143 3433 tem-

114 3482 136 3511 α.
153 3461 322 3530 Tempestira.
336 3461 402 3528 Quae
413 3475 471 3514 ante
491 3474 586 3531 tempus
632 3458 716 3530 porius
735 3456 820 3521 finiri,
838 3457 873 3510 sic
890 3471 914 3509 et
929 3458 1007 3510 serius
1025 3456 1094 3510 finiri
1112 3457 1142 3510 de

81 3539 128 3593 diei
139 3541 240 3594 solitum
255 3540 318 3592 inire
327 3539 440 3592 solebant
449 3558 454 3591 :
464 3539 587 3592 demedio
633 3553 703 3586 more
718 3535 785 3587 fuit?
800 3534 872 3586 Adeo
882 3535 1004 3606 quidem,
1022 3549 1051 3587 ut
1068 3536 1143 3587 etiarn

80 3631 161 3686 potare
177 3617 218 3670 die
237 3630 274 3669 est
291 3617 357 3690 apud
380 3616 586 3680 Heraclion,
633 3614 661 3665 in
679 3615 784 3668 multam
804 3629 903 3668 noctem
923 3616 1142 3689 protraherentur,

80 3698 129 3748 Sat.
145 3713 215 3762 rut,
234 3695 258 3747 3.
281 3697 320 3748 Cf.
332 3697 397 3770 Lips.
410 3697 470 3749 Exc.
483 3697 521 3748 Ν
533 3735 540 3762 ,
552 3697 585 3749 ad
635 3709 659 3747 et
674 3717 753 3768 usque
773 3698 805 3749 ad
824 3697 884 3770 galli
906 3711 1015 3750 cantum.
1033 3699 1070 3750 Ita
1090 3719 1144 3751 mos

79 3773 156 3828 Taciti
167 3774 263 3828 Arnai.
277 3775 348 3838 xlv,
362 3795 414 3847 cap.
422 3777 458 3836 ll,
467 3775 586 3827 editionis
636 3775 703 3826 cuim
721 3775 748 3826 in
760 3775 811 3826 istis
823 3777 942 3826 festorum
954 3775 1086 3827 hominum
1100 3775 1146 3828 di-

81 3851 152 3925 bujus
164 3866 272 3916 nostrae,
286 3854 316 3905 T.
330 3854 410 3926 1V,p.
422 3855 478 3906 518.
491 3853 587 3905 Distin·
635 3872 745 3923 rumque
753 3853 832 3926 epulis
842 3891 848 3916 ‚
858 3865 882 3903 et
891 3852 1027 3925 temporius
1038 3853 1146 3906 discum·
1188 3871 1194 3884 '

80 3931 218 4000 guebautur
239 3920 302 3982 olim
321 3949 335 3981 a
357 3929 506 3982 doctissimis
528 3929 587 3981 viris
637 3931 731 3995 bendi,
752 3945 775 3983 et
796 3931 897 3983 nonnisi
915 3931 994 3983 muita
1010 3932 1060 4002 iam
1073 3947 1146 3987 nocte

80 4017 226 4080 impertitae
234 4010 352 4063 convivia
358 4010 389 4062 ab
396 4011 587 4078 intempestivis,
638 4009 669 4060 de
681 4009 798 4062 convivio
809 4007 938 4082 surgendi.
951 4031 964 4054 s

81 4088 111 4140 ita
121 4103 147 4140 ut
159 4089 306 4162 tempestiva
320 4087 411 4140 diurna
422 4087 515 4139 suerint
526 4125 532 4151 ,
544 4087 589 4138 in·
673 4089 768 4139 xxix.
784 4089 850 4140 Atto.
861 4088 970 4139 Differat
985 4087 1028 4140 irre
1042 4089 1149 4160 explen-

82 4169 222 4239 tempestira
239 4179 324 4220 autem
342 4179 473 4218 nocturna.
490 4167 524 4218 At
541 4165 590 4216 de-
641 4167 678 4218 dm
686 4179 791 4238 tempus,
803 4179 827 4216 et
835 4165 902 4238 prius
910 4164 1013 4236 judices,
1023 4185 1078 4235 quse
1089 4168 1150 4218 affc-

84 4247 224 4298 monstrarit
236 4248 291 4298 fus'e
303 4244 440 4296 Salmasius
450 4243 481 4294 ad
492 4243 590 4314 Vopisci
642 4255 742 4305 rantur,
761 4263 836 4312 quam
857 4241 980 4294 ultionem
995 4255 1096 4313 repetas.
