2886 4958
459 457 636 526 eaeor
661 457 774 528 vm.
1084 464 1145 558 ³⁷¹

93 587 196 679 aliqua
209 611 264 654 res
277 584 471 682 depellere,
488 603 523 656 et
535 589 570 654 in
585 586 697 656 medio
714 589 938 683 intercipere,
954 605 993 658 ut
1008 591 1151 662 etfama

94 705 171 784 sint,
192 725 258 770 neo
272 717 432 796 accepte.

134 821 221 890 VIII.
238 819 407 888 Praeterea
419 817 507 894 nihil
520 817 684 910 injustum
693 819 827 910 justitia
839 821 908 912 pati
922 837 1053 914 potest,
1070 825 1151 917 quio
1179 853 1191 886 ι

95 959 155 1002 non
173 950 298 1004 coeunt
322 933 492 1003 contraria
514 960 522 1000 :
546 934 671 1026 injuria
694 949 807 1003 autem
830 959 898 1004 non
917 951 1028 1030 potest
1051 941 1149 1023 fieri,

92 1051 151 1119 nisi
168 1051 315 1144 injuste3
337 1073 421 1144 ergo
438 1051 583 1143 sapienti
602 1050 730 1141 injuria
751 1073 819 1120 non
839 1068 952 1146 potest
972 1056 1061 1123 ficri.
1081 1058 1174 1126 Neo

91 1181 138 1232 est
158 1163 251 1258 qood
269 1165 425 1248 mireris,
448 1164 476 1232 si
502 1185 604 1231 nemo
631 1179 742 1254 potest
760 1165 811 1232 illi
831 1167 992 1259 injuriam
1017 1169 1150 1252 lacere,

92 1305 151 1352 neo
162 1280 342 1378 prodesse¹
361 1280 500 1374 quidem
514 1281 696 1373 qnisquam
709 1297 820 1375 potest
832 1311 841 1370 ς
859 1301 893 1352 et
907 1288 1051 1379 sapienti
1065 1287 1154 1356 nihil

93 1394 199 1480 deest,
216 1396 307 1490 quod
320 1399 475 1490 occipere
489 1398 596 1490 possit
608 1397 683 1466 looo
696 1400 847 1467 moneris
864 1425 872 1467 ι
895 1415 929 1468 et
942 1401 1049 1470 malus
1066 1403 1154 1470 nihil

91 1529 195 1606 potest
210 1515 364 1584 tribuere
373 1515 533 1606 sapienti.
550 1511 685 1582 Habere
700 1516 790 1583 enim
804 1517 901 1608 prius
915 1516 1035 1602 debet,
1053 1543 1156 1611 quarn

91 1627 168 1698 dare
183 1655 192 1696 t
209 1630 298 1698 nihil
314 1645 428 1698 autem
449 1629 575 1712 habet,
592 1626 685 1722 qnod
702 1630 747 1698 ad
767 1655 804 1699 se
824 1634 1002 1702 transferri
1021 1633 1160 1728 sapiens

92 1749 265 1850 gavisurus
281 1749 337 1816 sit.
358 1751 434 1815 Non
455 1761 570 1840 potest
582 1771 667 1842 ergo
687 1749 866 1840 qnisquam
880 1767 940 1819 ant
957 1775 1081 1822 nocere
1100 1777 1156 1822 sa·
1181 1779 1197 1812 2

90 1863 217 1953 pienti,
239 1877 299 1929 aut
320 1859 481 1954 prodesse
501 1885 510 1926 ι
530 1859 814 1952 quemadmodum
832 1862 947 1932 divina
963 1889 1028 1934 nec
1041 1866 1156 1957 juvari

90 1974 310 2059 desiderant,
339 2001 405 2044 neo
430 1974 508 2044 loedi
532 1991 694 2069 possunt3
723 1977 858 2070 sapiens
887 1993 998 2046 autem
1024 1980 1157 2050 vicinus

92 2092 329 2184 proximusque
342 2091 417 2160 Diis
434 2092 608 2172 consistit,
625 2103 764 2182 excepta
778 2090 981 2182 mortalitate
993 2097 1020 2174 ²,
1038 2093 1157 2162 similis
1254 2131 1255 2138 κ

90 2207 170 2274 Deo.
188 2205 245 2274 Ad
258 2205 317 2272 illa
329 2208 443 2276 nitens
454 2227 671 2301 pergensque
687 2205 838 2288 excelsa,
852 2204 1030 2291 ordinata,
1050 2208 1157 2277 intre-

88 2323 166 2416 pido
179 2375 189 2408 ,
203 2327 329 2418 aeqnali
340 2341 375 2393 et
383 2324 544 2394 concordi
554 2347 657 2392 eursu
666 2323 830 2404 fluentia,
843 2347 980 2406 secura,
991 2323 1153 2418 benigna,

89 2437 175 2508 hono
193 2441 334 2535 publioo
352 2455 472 2524 namo,
489 2456 525 2508 et
542 2439 608 2508 sibi
626 2454 661 2506 et
679 2439 755 2506 aliis
773 2431 967 2522 salutaris³‚
989 2441 1078 2508 nihil
1095 2441 1159 2508 hu·

89 2555 165 2622 mile
183 2559 422 2650 concupiscet,
443 2556 531 2626 nihil
549 2555 666 2639 debit,
690 2556 750 2646 qni
769 2555 893 2622 rationi
913 2555 1073 2638 innixus,
1094 2577 1159 2650 per

88 2667 255 2741 humanos
266 2695 364 2740 ossus
383 2669 499 2740 divino
517 2670 654 2740 incedet
672 2671 796 2738 animo.
813 2673 888 2738 Non
906 2671 1011 2738 habet
1024 2671 1084 2739 ubi
1102 2687 1159 2738 act·

89 2788 190 2881 cipiat
207 2789 369 2882 injuriam
383 2814 392 2871 ;
406 2789 451 2857 ab
463 2789 601 2858 homine
616 2811 670 2856 me
684 2802 812 2854 tantum
827 2785 942 2854 dicere
961 2789 1082 2879 putas?
1094 2811 1159 2854 nee

87 2923 106 2967 a
124 2902 265 2972 fortune
284 2901 423 2996 quidem
445 2927 452 2969 :
475 2925 551 2994 quas
569 2901 725 2992 quotiens
738 2921 815 2966 cum
834 2900 961 2967 virtute
978 2921 1159 2992 congressa

88 3035 157 3103 est,
180 3046 359 3114 nunquam
386 3045 449 3114 par
472 3003 623 3088 recessit.
650 3018 687 3087 si
715 3017 894 3086 maximnm
921 3007 1044 3100 illud⁴‚
1068 3016 1198 3098 ultra3

87 3134 178 3226 quod
197 3137 290 3204 nihil
308 3136 438 3205 habent
455 3136 550 3202 iretoe
561 3134 672 3226 leges,
693 3145 752 3199 aut
765 3132 938 3199 saevissimi
956 3131 1082 3200 domini
1096 3135 1161 3200 mi-

88 3266 237 3335 nantur,
259 3251 297 3320 in
311 3277 379 3344 quo
397 3251 578 3344 imperium
591 3273 689 3316 sunm
703 3246 843 3314 fortuna
857 3249 1045 3330 consumit,
1061 3272 1159 3340 aequo

117 3465 191 3520 vm.
206 3468 283 3522 And.
297 3469 383 3524 Nemo
399 3463 506 3532 sapiemi
517 3481 600 3533 nequa
683 3461 707 3512 3.
720 3459 795 3512 Bono
803 3460 908 3528 publico
919 3469 1014 3522 natos,
1032 3467 1059 3512 el
1073 3460 1126 3512 siba·
1135 3471 1161 3513 el

86 3562 295 3615 ponemusque
314 3544 433 3618 proderes
452 3551 539 3614 potest.
560 3537 600 3591 Cl.
649 3537 1160 3612 allissolol0n'52exemend.Lipsii.An·

87 3620 118 3672 dc
130 3621 224 3676 Benel'.
239 3622 305 3684 Vll,
322 3623 377 3689 [μὶ
387 3619 505 3674 Ciceron.
518 3617 602 3670 Pm-
650 3626 707 3674 tu.
727 3617 979 3670 nata.....salntorio.
992 3614 1023 3666 Β.
1034 3615 1064 3666 Ρ.
1072 3616 1106 3666 Ν.
1118 3616 1160 3668 vel

85 3699 156 3753 don.
650 3691 723 3744 Mt.
736 3691 766 3743 Ρ.
779 3691 812 3742 N.
831 3691 872 3756 (i.
890 3713 911 3744 e.
925 3691 992 3744 hono
1015 3691 1160 3766 reipublice

122 3797 144 3830 ι.
155 3779 212 3832 Nec
220 3779 351 3846 prodesse.
369 3773 466 3828 Omnia
479 3771 548 3824 enim
558 3790 603 3822 sa·
651 3779 724 3820 natos
735 3771 745 3834 )
755 3767 906 3822 eslsormola
917 3770 944 3821 in
955 3769 1097 3843 principum
1108 3769 1161 3823 len-

88 3857 180 3930 pientia
188 3869 266 3912 sunt:
279 3854 351 3908 null·
358 3873 385 3906 re
396 3863 466 3926 eget,
480 3861 504 3901 et
514 3869 541 3902 se
550 3848 604 3922 ipso
654 3847 712 3899 dem
727 3845 810 3898 crebre
822 3844 849 3897 in
861 3845 966 3916 lapideis
978 3849 1160 3916 monumentis,

89 3927 605 3989 contentusestedbenevivendumntora
654 3943 729 3994 qoam
756 3923 799 3976 hic
827 3942 965 3996 expressum
989 3927 1086 3998 potavit
1113 3927 1162 3981 Vir

89 4025 213 4087 [mepte
228 4011 375 4065 Stoicorum
389 4019 454 4061 sunt.
655 4001 753 4054 doctus·
1059 3999 1061 4004 '

122 4089 455 4157 nh'xcepramorrattrare.
463 4083 606 4136 Stoicorum
688 4081 1162 4150 4-d’imcximumillrd.8e.mortem,

91 4187 142 4220 esse
164 4177 323 4242 preceptum
346 4165 413 4228 hoc,
433 4163 498 4215 inter
520 4179 608 4214 ornnes
657 4157 749 4231 qnippe
762 4177 818 4228 qna
828 4157 1040 4232 nltimaest‚qua
1055 4162 1165 4215 l'orlnnn

87 4257 205 4311 constet,
222 4258 248 4298 et
259 4263 322 4318 saepe
333 4241 407 4296 inhio
414 4239 485 4293 libris
491 4239 608 4314 legimur.
658 4235 790 4309 imperinm
799 4235 954 4288 terminatur.
