2896 4958
763 273 778 326 l

321 482 367 569 44
759 483 824 551 DE
853 483 945 550 IRA

317 615 440 684 Nescio
459 629 574 683 utrum
592 613 657 683 cibi
674 613 772 707 pejus
794 615 981 708 optaverit,
1007 627 1046 680 ut
1061 609 1139 680 odio
1157 626 1265 694 emet,
1286 634 1331 679 an
1347 625 1385 678 ut

318 733 443 800 timori.
458 727 626 801 Oderint!
648 731 809 801 Occurrit
823 731 894 815 illi,
915 731 1068 798 futurum
1084 745 1122 797 ut
1141 745 1380 810 exsecrentur,

316 848 540 934 insidientur,
570 851 786 943 opprimant:
810 847 895 940 quid
913 847 1058 941 adjicit?
1074 849 1130 917 Dii
1151 848 1202 916 illi
1227 848 1315 916 male
1334 848 1384 915 fa·

315 965 426 1047 ciant,
452 962 537 1030 adeo
561 963 690 1056 reperit
713 961 854 1056 dignum
880 960 959 1029 odio
982 959 1182 1030 remedium.
1211 958 1378 1030 Oderint!

313 1075 437 1169 Quid?
454 1073 536 1144 dum
560 1077 734 1168 pareant?
757 1100 853 1161 non,
876 1073 957 1144 dum
980 1076 1153 1168 probent?
1174 1099 1270 1144 non:
1296 1075 1382 1170 quid

313 1217 396 1286 ergo
406 1195 421 1261 l
432 1192 513 1261 dum
525 1195 678 1261 timeant.
692 1194 748 1262 Sic
758 1216 823 1261 nee
833 1195 939 1261 amari
951 1192 1089 1286 quidem
1100 1193 1236 1264 vellem.
1253 1197 1380 1289 Magno

311 1305 378 1375 boc
395 1304 523 1375 dictum
541 1306 663 1400 spiritu
680 1308 803 1400 putas?
820 1305 965 1392 falleris,
989 1331 1054 1375 nec
1071 1307 1161 1375 enim
1180 1307 1380 1401 magnitudo

250 1455 286 1509 ²7
311 1423 375 1492 ista
388 1437 457 1508 eet,
477 1421 538 1492 ced
550 1423 752 1492 immanitas.
768 1426 845 1491 Non
859 1439 911 1491 cet
924 1421 1016 1516 quod
1028 1423 1148 1492 credas
1160 1425 1378 1494 irascentium

309 1541 449 1626 verbio,
481 1566 627 1634 quorum
649 1542 810 1634 strepitus
831 1542 965 1634 magni,
990 1543 1138 1612 minaces
1164 1559 1259 1627 eunt,
1285 1545 1379 1614 intuo

308 1679 405 1724 mene
420 1655 637 1750 pavidiesima
648 1661 673 1725 ¹.
691 1660 767 1727 Non
783 1656 943 1751 estquod
960 1660 1129 1728 existimes
1143 1683 1263 1728 verum
1279 1685 1374 1744 esee,

308 1769 401 1862 quod
417 1771 509 1865 apud
529 1771 786 1840 disertissimum
801 1774 913 1842 virum
929 1774 1063 1842 Livium
1077 1777 1090 1807 ²
1106 1771 1232 1842 dicitur
1248 1801 1256 1840 :
1281 1802 1299 1839 ιι
1314 1777 1378 1843 Vir

311 1911 328 1949 o
342 1887 473 1979 ingenii
488 1889 606 1982 magni
622 1888 729 1982 magio
742 1911 843 1979 quam
859 1887 952 1954 boni.
970 1913 986 1951 o
1005 1891 1080 1956 Non
1093 1903 1204 1980 potest
1220 1888 1307 1955 illud
1321 1913 1377 1957 ee·

306 2003 443 2094 parari:
460 2019 519 2072 aut
535 2019 570 2072 et
585 2003 713 2072 bonum
727 2003 811 2086 crit,
831 2018 891 2072 aut
907 2027 972 2071 nec
987 2025 1148 2096 magnum
1158 1997 1185 2088 ³3
1204 2005 1286 2095 quia
1302 2029 1375 2072 ma-

306 2115 519 2210 gnitudinem
531 2121 636 2188 animi
651 2122 884 2188 inconcussam
896 2117 1069 2211 intelligo,
1087 2133 1122 2185 et
1137 2119 1304 2186 introreua
1318 2145 1375 2188 eo-

270 2255 273 2260 ·
304 2232 428 2318 lidam,
457 2236 501 2303 ab
525 2237 593 2304 imo
612 2261 730 2330 parem
758 2237 977 2332 firmamque,
1003 2233 1113 2325 qualis
1136 2235 1246 2302 inesse
1273 2236 1372 2304 malis

244 2377 279 2430 ,3
303 2347 451 2442 ingeniis
466 2372 536 2416 non
548 2364 669 2442 potest.
682 2349 867 2418 Terribilia
883 2350 975 2416 enim
990 2371 1080 2432 ecee,
1093 2364 1128 2416 et
1144 2350 1369 2435 tumultuosa,

302 2484 337 2535 et
350 2469 490 2536 exitiosa
503 2481 643 2560 poscunt
660 2493 667 2532 :
687 2464 954 2559 magnitudinem
969 2463 1125 2557 quidem,
1143 2465 1239 2558 cujus
1253 2466 1373 2536 firma·

300 2599 451 2651 mentum
473 2584 646 2676 roburque
664 2581 798 2651 bonitas
816 2594 885 2663 eet,
907 2604 976 2647 non
992 2580 1187 2665 habebunt,
1206 2597 1371 2650 cmterum

299 2722 466 2784 sermone,
483 2715 621 2781 conatu,
642 2713 677 2766 et
693 2699 785 2766 omni
802 2711 896 2764 extra
915 2689 1035 2789 paratu
1055 2698 1178 2766 sacient
1194 2701 1369 2792 magnitu-

240 2858 273 2911 ²9
299 2812 389 2884 dinis
414 2815 529 2885 iidem.
557 2816 769 2908 Eloquentur
786 2811 918 2906 aliquid
938 2812 1031 2906 quod
1049 2829 1086 2882 tu
1106 2816 1219 2908 magni
1236 2833 1366 2911 putee,

294 3039 389 3113 quippe
399 3041 444 3112 qui
453 3039 600 3094 exclamavit
609 3057 616 3092 :
625 3039 750 3094 «Utinam
759 3057 804 3112 po·
871 3057 893 3090 a.
902 3035 1013 3091 Lioimn.
1021 3037 1108 3091 Lirim
1119 3057 1150 3092 eo
1159 3041 1265 3093 nomine
1278 3041 1365 3097 delen·

294 3116 803 3193 puloliomanounumcaputesset,quod
853 3113 951 3168 dendus
974 3136 1025 3170 esse
1042 3117 1157 3182 videtur,
1171 3119 1240 3189 quod
1259 3111 1314 3172 non
1337 3137 1366 3175 ut

292 3215 346 3247 uno
355 3215 401 3267 ego
412 3196 464 3249 ieta
474 3195 645 3270 amputarem!
656 3219 669 3243 »
681 3197 732 3250 En.
851 3190 1120 3268 pbilosopbusstoicut,
1131 3197 1363 3264 sedutbistorirns,

311 3273 631 3338 1.lt11·nacessunt,intus
644 3295 717 3328 mens
726 3278 803 3344 paor·-
851 3269 893 3323 etii
907 3271 999 3338 iudicia
1011 3273 1111 3346 publica
1122 3293 1200 3346 eaque
1213 3279 1364 3331 communia

289 3355 412 3406 ds'ssr'ma.
423 3355 589 3428 Argutiuime
604 3355 715 3418 dicium}
732 3355 801 3424 quod
850 3346 1001 3415 bominum,
1020 3352 1134 3422 qumvis
1148 3352 1361 3427 pbilosophorum

289 3428 322 3481 de
343 3431 379 3482 lv
399 3432 531 3484 consulatu
553 3432 664 3484 Honorii
689 3431 800 3484 imitatus
849 3427 1091 3484 decretisintcrdum
1100 3430 1361 3499 baedeommon,

289 3507 462 3574 Claudianus,
477 3530 557 3579 quum
572 3508 603 3561 de
621 3508 695 3562 melis
707 3509 801 3584 princi·
847 3505 1127 3577 aequilieet,judicium
1135 3527 1208 3560 suum
1219 3529 1248 3560 en
1258 3510 1362 3582 ingenii

286 3586 360 3660 pibus
373 3588 409 3640 sic
420 3587 456 3640 ait
471 3609 496 3640 v.
508 3608 565 3662 291,
576 3609 629 3660 sqq.
642 3612 655 3636 ιι
664 3589 799 3643 Invideant
846 3584 943 3636 viribus
953 3585 986 3637 ad
998 3585 1105 3638 consilia
1115 3586 1273 3657 exsequend·
1288 3587 1361 3642 baud

285 3665 374 3730 claris,
390 3669 517 3738 sortesque
532 3668 658 3720 trucident
675 3690 682 3733 3
699 3669 796 3723 Munisi
846 3661 990 3734 vulgaribus
1007 3663 1126 3717 adhibitis
1140 3678 1283 3736 eventuque
1294 3687 1360 3720 ma-

284 3742 377 3812 gladiis
388 3744 484 3810 vivant,
495 3745 607 3819 septique
615 3747 796 3811 venenis;An·
845 3743 1005 3814 gniludintm
1015 3746 1130 3799 metiens.
1142 3745 1268 3800 Celerum
1276 3748 1361 3802 boni-

282 3823 371 3896 oipites
382 3822 491 3877 habeant
500 3839 564 3878 arm
575 3865 582 3891 ‚
592 3827 734 3900 trepidique
744 3828 795 3880 mi.
844 3833 920 3874 tatem
932 3843 960 3877 cx
967 3825 1079 3877 consiliis
1087 3824 1146 3898 ipsis
1154 3839 1267 3878 accurate
1276 3830 1359 3881 consi·

284 3901 792 3970 nentur.»NonabestnostrasChe'm'er,
843 3899 935 3952 dentis
954 3901 1075 3954 estimare
1095 3901 1234 3963 decemo„
1262 3917 1288 3956 el
1313 3906 1357 3958 nbi

283 3977 311 4030 in
321 3977 415 4032 eximio
430 3978 558 4035 dramate:
842 3977 925 4032 stricte
935 3977 1070 4032 dicendum
1081 3994 1134 4046 est,
1148 3981 1252 4036 Seneca
1263 4004 1358 4055 qnem-

279 4103 351 4144 'tibere
363 4107 374 4146 l
385 4121 414 4147 sea
435 4121 500 4148 mona
508 4109 552 4148 vois
563 4108 657 4148 l'anirera
666 4110 767 4150 trembler·
843 4075 942 4128 cunque
954 4078 1113 4112 mensurum
1126 4079 1177 4153 eise
1190 4073 1288 4132 Palem*

279 4165 306 4206 Et
315 4193 321 4212 ,
330 4122 540 4210 subindici-nem
550 4183 577 4210 ιιι
586 4170 704 4222 tyrannique
712 4139 794 4224 empire,
817 4146 821 4156 ¹
860 4133 883 4188 ³¹
895 4135 952 4188 Aut
964 4145 990 4188 Ἰ
1001 4139 1096 4190 imum
1105 4148 1167 4200 ’Μ’
1179 4149 1228 4192 ’ω
1237 4159 1283 4192 '¹²⁶
1291 4161 1354 4194 Μ’

278 4216 794 4286 lipmureeul'ordoeesetlalrayenrqu'ilinspira.
840 4234 931 4284 gnum·
959 4217 1036 4269 Hunc
1061 4217 1176 4271 lectionis
1206 4230 1353 4272 contextum

514 4305 596 4354 Tuta,
605 4316 644 4348 art.
655 4307 677 4360 Ι,
688 4307 737 4348 sen.
749 4323 765 4348 ι.
844 4312 901 4345 cum
912 4293 1030 4348 llubcnio
1041 4316 1089 4370 ego
1101 4295 1184 4370 recepi
1197 4319 1226 4351 cx
1237 4297 1311 4352 libris
1331 4313 1354 4350 et
