2910 4954
344 475 861 554 LIBER11,CAP.x1x.
1094 499 1134 564 77

85 597 182 684 derat;
203 601 301 670 facile
318 617 369 670 ost
385 605 475 672 enim
491 617 626 672 teneros
638 603 752 672 adhuc
769 604 899 672 animos
913 625 1132 695 componere.

85 715 253 789 difficulter
276 719 477 788 reciduntur
500 721 609 803 vitia,
637 743 714 811 quae
736 719 915 788 nobiscum
939 736 1132 788 creverunt.

86 833 365 928 Opportunissima
376 836 422 906 ad
433 835 645 906 iracundiam
658 835 897 905 fervidianimi
912 850 1034 928 natura
1047 840 1133 904 cst¹:
1163 840 1178 902 t

85 973 148 1017 nam
166 977 272 1043 quum
300 951 466 1022 elementa
491 953 559 1022 sint
579 967 742 1046 quatuor,
773 952 880 1044 ignis,
907 975 1019 1042 aqua,
1050 975 1133 1033 aer,

87 1083 114 1132 et
135 1083 246 1156 terra3
267 1083 448 1164 potestates
464 1075 476 1104 ²
503 1093 603 1162 pares
623 1068 678 1136 his
696 1041 796 1150 eunt,
814 1066 957 1160 frigida,
978 1067 1134 1152 fervida,

84 1185 164 1253 arida
180 1203 285 1279 atque
300 1186 454 1256 humida.
475 1189 517 1254 Et
536 1186 687 1254 locorum
705 1184 841 1275 itaque,
865 1199 899 1250 et
921 1185 1134 1264 animalium,

84 1313 113 1364 et
128 1324 324 1394 corporum,
348 1315 383 1370 et
408 1325 540 1372 morum
565 1299 763 1380 varietates,
792 1298 938 1368 mixtura
956 1296 1139 1368 elemento-

84 1437 148 1483 rum
164 1417 265 1500 facit,
291 1433 326 1488 et
345 1417 489 1510 proinde
508 1417 545 1484 in
564 1405 719 1508 aliquos³
742 1415 850 1507 magis
868 1413 1069 1484 incumbunt
1085 1414 1139 1482 in·

82 1532 194 1620 genia,
226 1549 328 1626 prout
360 1533 504 1624 alicujus
535 1530 694 1600 elementi
722 1529 829 1621 major
861 1530 912 1598 vis
938 1526 1135 1598 abundavit.

82 1643 155 1712 Inde
180 1647 345 1739 quasdam
367 1646 523 1718 humidas
549 1668 727 1742 vocamus,
753 1643 935 1737 aridasque
956 1644 1136 1736 regiones,

80 1763 276 1846 madidas,
306 1779 342 1831 et
360 1759 517 1857 frigidas.
544 1760 670 1830 Eadem
691 1761 887 1830 animalium
908 1778 944 1828 et
964 1761 1139 1830 hominum

80 1873 267 1948 discrimina
283 1895 376 1948 sunt.

120 1995 218 2064 xlx.
239 1996 359 2066 Refert
372 2011 534 2089 quantum
555 1995 701 2087 quisque
715 1991 848 2062 humidi
863 1995 900 2061 in
917 2016 952 2060 se
970 1992 1139 2085 calidique
1169 2025 1177 2056 ι

78 2114 243 2182 contineat
260 2139 268 2180 :
285 2115 383 2206 cujus
397 2114 433 2188 in
447 2113 506 2180 illo
520 2112 680 2180 elementi
693 2113 804 2206 portio
818 2111 1038 2206 praevalebit,
1059 2112 1139 2180 inde

81 2244 294 2297 moreserunt
304 2222 331 2295 ⁴.
345 2226 529 2296 Iracundos
545 2226 667 2296 fervidi
678 2228 822 2296 mixtura
840 2227 941 2296 faciet
960 2254 966 2293 ι
984 2243 1034 2296 est
1048 2230 1139 2296 enim

77 2358 226 2413 actuosus
240 2359 277 2413 et
292 2343 449 2438 pertinax
464 2343 566 2437 ignia
580 2343 712 2436 Frigidi
727 2345 873 2415 mixtura
886 2343 1021 2412 timidos
1037 2343 1136 2412 facit:
1169 2371 1182 2403 r

77 2460 206 2553 pigrum
230 2477 284 2530 est
311 2461 402 2530 enim
427 2475 704 2552 contractumque
731 2459 853 2554 frigus.
877 2460 1004 2528 Volunt
1026 2461 1140 2551 itaque

77 2577 207 2668 quidam
237 2603 279 2648 ex
300 2569 451 2648 nostris⁵
478 2579 562 2646 iram
591 2578 629 2644 in
651 2594 788 2671 pectore
811 2578 961 2658 moveri,
983 2577 1142 2644 efferves-

78 2793 190 2848 lnrlomm
213 2809 346 2868 ternpore,
369 2794 495 2855 occurrit3
518 2814 543 2845 v.
563 2814 584 2845 e.
634 2813 705 2848 versa
726 2793 908 2845 elementorum
928 2791 1036 2844 mixtura
1052 2792 1144 2843 diversi

74 2873 309 2944 apndSuetonium.
633 2871 767 2924 hominum
777 2891 859 2923 mores
870 2867 1069 2943 proficiscuntur.

106 2969 125 3002 ι.
149 2951 395 3022 Opportunissima.
415 2949 474 3005 vid.
495 2969 585 3023 snpra,
667 2951 691 3016 4,
708 2950 787 3012 Cuius
801 2952 829 3000 in
843 2951 944 3001 illo......
956 2958 1040 3000 erum.
1050 2947 1092 3000 En
1103 2948 1145 3002 lit

75 3035 193 3104 capri:
211 3031 348 3102 «Ingenia
368 3044 457 3084 natura
475 3029 587 3083 lortissi-
635 3028 780 3104 disceptatio
802 3028 889 3101 incipit
914 3027 1090 3102 physiologica
1113 3028 1145 3081 de

74 3125 126 3170 ms,
145 3122 191 3162 ete.
203 3133 218 3156 ι
637 3128 769 3182 corporum
782 3120 807 3158 et
817 3127 918 3159 mamm
929 3104 1144 3158 similitudinibus.

104 3207 125 3238 a.
138 3188 302 3242 Potestates.
314 3187 381 3240 Sunt
393 3197 588 3260 temperamenta
638 3185 722 3254 Quem
733 3197 763 3237 ut
776 3185 893 3238 subtilem
905 3197 929 3236 et
940 3185 1099 3255 ingeniosam
1110 3185 1147 3235 la-

73 3264 257 3332 audicimus.
637 3279 717 3327 teate,
729 3277 883 3316 caveumen
896 3282 928 3315 ne
938 3263 966 3315 in
974 3261 1091 3316 omnibns
1102 3283 1146 3314 ve·

104 3343 127 3395 3·
137 3349 267 3415 Aliquos.
283 3344 380 3418 Lipsius
392 3345 459 3416 conj.
469 3347 586 3414 aliquos.
636 3361 690 3394 rara
703 3341 789 3395 eredas
797 3352 822 3392 et
832 3339 938 3414 accipias
947 3357 954 3391 ι
964 3338 1070 3412 puerilia
1080 3357 1147 3408 quae-

72 3439 103 3474 w·
114 3437 250 3496 potestates
266 3424 311 3478 vel
323 3423 462 3478 varietates.
478 3425 537 3476 Μαι
549 3427 588 3475 in·
638 3421 697 3474 dam
707 3459 714 3486 ,
725 3421 788 3474 falsa
801 3419 897 3483 mults,
915 3419 970 3472 sine
981 3417 1145 3470 fundamento

71 3505 189 3558 curabunt
202 3507 332 3577 ingenia,
346 3503 390 3556 ubi
408 3503 492 3578 Lipsio
510 3504 537 3554 el
554 3506 591 3554 in·
638 3499 732 3552 omnia.
750 3500 818 3551 'l'um
834 3497 974 3551 istiusmodi
992 3493 1146 3568 argumentis

70 3585 144 3646 {esda
155 3583 334 3657 rejiciendum
349 3601 402 3634 esse
412 3580 512 3633 videtur
522 3597 528 3630 t
540 3599 590 3632 uns
639 3597 692 3630 non
703 3575 880 3631 erathiclocus
889 3597 895 3639 ;
905 3595 975 3638 nam,
984 3574 1046 3626 uam
1058 3571 1146 3626 autvi-

74 3657 145 3712 editio
159 3663 239 3714 Rom.
255 3659 309 3712 hoc
325 3659 424 3733 sprevit
439 3686 473 3698 -
483 3657 519 3710 In
533 3660 592 3710 att-
640 3666 691 3707 tare
703 3654 868 3708 auteolribere
879 3651 984 3715 volenti,
994 3669 1050 3721 quse
1061 3669 1147 3702 necer-

74 3755 146 3802 vws,
159 3757 305 3792 semor-es.
538 3741 541 3748 '
642 3732 700 3786 sitas
711 3732 739 3784 in
750 3732 860 3805 corporis
874 3729 953 3784 nostri
967 3729 1091 3782 elementa
1102 3726 1149 3778 di-

106 3813 174 3869 xlx.
181 3820 256 3870 Aac.
266 3815 310 3867 De
322 3813 523 3886 temperamentis
533 3831 591 3883 que·
642 3808 807 3884 ligentissime
818 3804 965 3880 inquirere?

74 3889 592 3966 tuor,quibus8toieiaccrustiususisunt,
678 3893 700 3942 5.
728 3887 847 3959 Quidam
868 3907 904 3942 ea·
924 3890 1026 3940 matris.
1051 3885 1150 3940 Stoicis.

74 3993 144 4044 qnam
164 3989 245 4030 antea
269 3972 364 4035 fiebat,
386 3971 418 4024 sd
437 3981 593 4030 momentum
646 3967 1148 4040 calling.hert.‚lib.vl1‚eap.ispe

74 4055 180 4126 eorporis
192 4055 222 4106 in
236 4051 358 4106 animum
372 4062 396 4101 et
413 4048 494 4121 ipsum
507 4065 593 4122 eorpo-
643 4044 824 4108 Plutarch.,de
833 4045 921 4098 Placit.
932 4042 1150 4107 Philos.,tib.1v,

75 4131 161 4195 nlem,
181 4128 392 4189 declarandum,
408 4125 537 4181 notissima
552 4123 594 4178 hic
644 4145 696 4199 esp.
717 4127 748 4187 5;
772 4124 823 4176 Cic.
842 4123 945 4176 Tuscnl.
964 4123 1043 4196 dispp.
1064 4121 1108 4176 lilt.
1123 4121 1150 4180 l.

75 4202 595 4284 adduxit,praetermissavinervorumad
645 4225 696 4276 esp.
715 4219 751 4254 ιο.
776 4201 867 4254 Claud.
885 4202 979 4272 paneg.
995 4201 1021 4252 in
1043 4200 1077 4250 lV
1092 4217 1152 4250 non·

76 4303 147 4344 totam
163 4291 233 4347 hue
256 4288 403 4344 minam
416 4327 423 4352 ‚
438 4298 484 4338 etr.
501 4285 538 4338 Ex
557 4284 596 4335 di-
645 4282 692 4334 sul.
712 4281 809 4331 Honor.
828 4281 873 4344 adr
887 4298 895 4334 t
907 4303 918 4323 a
933 4280 1001 4330 lnam
1018 4275 1151 4348 sanguinei
