2930 4956
450 433 756 504 PRAEFATIO.
1109 435 1145 502 ix

145 557 280 623 sProter
295 553 450 623 subsidia
462 603 473 638 ,
486 575 563 646 quae
577 551 678 622 modo
692 554 873 623 memoravi
880 602 892 638 ,
904 553 955 621 uti
970 553 1054 622 mihi
1066 577 1146 623 con-

108 672 174 764 tigit,
182 673 213 739 in
222 672 330 764 prima
341 670 405 738 lib'.
417 672 434 739 1
445 669 489 740 de
497 670 684 740 Clementia
694 685 804 764 parte,
816 668 995 739 collatione
1008 669 1145 740 Codicis

106 787 292 856 Bibliothecae
311 783 547 882 Amplouianse
563 783 608 855 sd
623 789 759 856 Portam
775 786 861 856 Coeli
876 836 888 870 ,
906 787 1113 858 Erfurtensis
1130 835 1141 870 ,

104 905 198 972 ellim
214 903 350 972 doctiss.
365 919 401 973 et
414 904 497 972 mihi
510 904 702 997 perplures
716 927 823 973 annos
835 903 1038 974 amicissimo
1052 907 1143 973 Mat·-

103 1016 181 1100 thie,
197 1019 340 1088 Profess.
363 1016 468 1112 dirig.
487 1021 663 1112 Gymnasii
680 1019 1144 1114 Leiningo-Grimstadiensis

102 1132 336 1230 diligentissime
355 1136 509 1206 conlecta
528 1151 564 1204 et
589 1159 722 1206 mecum
742 1138 1002 1208 communicata.
1029 1135 1143 1208 Codex

100 1250 147 1318 ille
161 1239 452 1336 membranaceus,
480 1250 587 1322 seculi
607 1253 674 1322 ΧΠ
691 1268 730 1322 ut
746 1251 904 1340 ridetur,
922 1252 1069 1325 necdum
1095 1251 1140 1322 ab

100 1363 155 1434 ullo
172 1365 338 1436 editorum
356 1383 558 1462 usurpatus,
580 1367 727 1462 scriptus
746 1382 799 1436 est
815 1367 924 1438 literis
946 1365 1145 1437 minusculis
1287 1405 1295 1418 ι

101 1479 246 1566 solitariis,
263 1509 297 1552 s.
315 1483 466 1570 minutis,
482 1505 552 1551 non
566 1484 722 1554 cursivis.
739 1485 863 1556 Literae
878 1483 1069 1578 majusculae
1082 1482 1146 1551 ini·

100 1595 137 1662 tio
154 1595 365 1689 periodorum
388 1611 468 1667 sunt
486 1597 610 1690 partim
628 1596 817 1692 capitales,
837 1599 961 1692 partim
983 1599 1000 1688 (
1010 1612 1045 1666 ct
1065 1595 1145 1692 plu·

99 1709 198 1800 rima)
214 1709 381 1781 unciales.
412 1712 552 1780 Constat
581 1735 648 1780 110
676 1710 781 1786 loliis,
805 1735 833 1781 s.
857 1711 969 1806 potius
988 1734 1059 1804 ²¹9
1082 1735 1143 1806 pp.

99 1823 179 1894 lorm.
195 1844 290 1920 quat.
306 1829 532 1899 Continentur
541 1849 582 1898 eo
592 1826 750 1922 Epistola
762 1827 899 1898 &necue
912 1830 974 1897 LII
986 1829 1118 1923 priores
1135 1853 1144 1895 s

99 1938 133 2008 de
145 1943 329 2014 Clementia
346 1945 385 2028 1,
405 1967 483 2039 cap.
508 1943 594 2010 1-18
614 1941 697 2012 incl.
722 1967 731 2010 s
750 1943 911 2039 Epistola
931 1945 1030 2015 Pauli
1042 1943 1148 2038 Apos-

100 2055 147 2124 toli
160 2057 201 2128 sd
219 2062 385 2130 mecam
404 2085 413 2130 s
434 2059 571 2130 tandem
587 2058 807 2155 Epitaphium
825 2074 861 2128 et
884 2075 1056 2162 excerpta.
1081 2061 1145 2131 se-

99 2169 164 2242 dulo
180 2191 213 2244 et
229 2200 309 2246 cum
330 2177 576 2270 conscriptus
600 2192 662 2244 cst.
692 2175 745 2244 ab
768 2175 835 2244 alia
852 2201 955 2248 manu
976 2177 1147 2273 adscripta

97 2301 270 2396 legrmtur:
261 2306 344 2372 ·.H
362 2306 418 2372 dei
435 2330 501 2398 gra
517 2305 598 2374 Rex
622 2301 748 2396 Anglle
772 2310 834 2377 dns
857 2309 1027 2404 Hyberny
1048 2305 1055 2403 Ι
1075 2308 1148 2375 dccx

96 2437 259 2536 Nomrarsy
282 2457 316 2507 et
340 2438 518 2536 Aqrtitany
544 2435 663 2510 Comes
684 2439 810 2534 Andeg
830 2437 837 2536 Ι
857 2445 921 2511 D.
963 2445 1010 2510 lto
1026 2441 1147 2533 inXpo

96 2555 196 2622 Fratri
212 2559 338 2628 Wreo.
358 2559 455 2624 Hanc
468 2554 594 2626 codicis
612 2555 874 2652 descriptionem
888 2559 996 2626 amico
1013 2557 1147 2625 laudato

96 2667 212 2756 debeo,
238 2675 302 2766 qui
324 2687 360 2741 et
383 2696 403 2741 e
426 2673 602 2742 literarum
619 2674 726 2742 forma
748 2687 783 2742 et
798 2697 818 2741 e
834 2673 949 2743 verbis
967 2673 1147 2768 adscriptis

96 2785 223 2882 colligit,
244 2813 319 2858 esse
337 2791 453 2858 foemm
468 2790 573 2859 seculi
589 2791 668 2858 XII.
688 2791 865 2859 Lectiones
881 2813 961 2859 saue
977 2813 1047 2857 non
1065 2813 1148 2856 con-

96 2905 278 2974 temnendas
292 2906 454 2974 continet.
474 2908 638 3000 Majorem
651 2923 763 2974 tamen
777 2929 917 2975 messem
934 2930 954 2975 e
967 2906 1066 2975 libris
1081 2907 1149 2974 cri·

96 3021 161 3088 ticis
169 3037 347 3091 nacturum
358 3047 499 3116 sperans
510 3021 801 3116 (quandoquidem
817 3047 880 3118 per
893 3039 1029 3092 centum
1041 3047 1149 3092 annos

95 3151 125 3200 et
134 3139 220 3228 qnod
232 3140 397 3222 excurrit,
411 3154 488 3232 post
496 3140 549 3206 Jo.
566 3138 665 3208 Frid'.
680 3141 890 3209 Gronovium
902 3140 1148 3234 praeterlapsos,

93 3250 203 3321 multos
227 3255 321 3322 viros
346 3251 461 3322 doctos
483 3253 631 3323 sciebam
651 3246 788 3324 Senecae
816 3279 953 3349 operam
971 3279 1065 3324 suam
1085 3279 1148 3322 na-

93 3371 222 3458 rasse),
242 3370 385 3438 multum
408 3371 569 3465 temporis
590 3372 632 3440 iis
658 3371 853 3442 evolvendis
878 3389 913 3440 et
940 3370 1150 3440 excutiendis

92 3481 235 3566 insumsi,
251 3486 424 3579 suppetias
435 3485 520 3553 mihi
533 3484 696 3555 afferente
708 3488 838 3555 Jureuc
853 3485 1039 3554 humaniss.
1055 3486 1087 3553 J.
1102 3487 1146 3554 G.

91 3602 288 3688 landesio,
316 3605 581 3701 Hamburgensi‚
604 3609 664 3700 qui
682 3583 856 3678 literarum
869 3608 1033 3676 bonarum
1050 3631 1151 3676 causa

91 3735 153 3789 tum
178 3724 353 3816 Gottingae
378 3723 658 3792 commorabatur.
689 3726 867 3794 Enimvero
891 3748 1010 3818 parum
1033 3725 1150 3792 auxilii

90 3835 165 3906 mihi
185 3839 388 3908 attuleruut.
407 3841 492 3908 Nam
513 3842 542 3908 si
565 3841 721 3923 aViris,
746 3840 826 3909 dum
848 3842 884 3912 in
903 3841 990 3909 vivis
1010 3857 1147 3922 esseut,

93 3949 287 4024 doctissimis
309 3971 346 4023 et
371 3955 674 4049 ingeniosissimis,
702 3959 734 4025 J.
762 3959 810 4025 M.
846 3956 1085 4051 Heusingero,
1116 3972 1151 4024 et

92 4067 253 4155 tulero,
276 4070 382 4139 altero
400 4072 608 4140 Iseuaceusis
624 4073 798 4164 Gymnasii
824 4072 1016 4154 directore,
1041 4073 1150 4141 altero

92 4185 228 4256 Proiess.
250 4187 487 4278 Vitebergens.
504 4238 512 4271 ,
530 4188 745 4272 discesserim
769 4191 823 4257 vix
844 4215 948 4259 unum
965 4191 1151 4259 alterumve
