2894 4954
449 462 625 564 capsur
659 409 730 530 rit.
1064 463 1129 530 sss

67 616 140 660 num
169 617 269 684 quam
300 591 479 674 timuerat,
511 595 711 686 spectavit'.
741 590 979 678 Ptolemaeum²
1007 588 1131 658 Atrion
1161 623 1190 659 ιο

67 730 198 800 regem,
223 705 393 774 Armenias
411 707 668 790 Mithridatem,
690 709 781 774 inter
804 707 947 776 Cainnas
965 705 1134 776 custodias
1165 795 1167 802 Ι

66 819 230 906 vidimus,
253 821 340 888 alter
358 823 394 887 in
418 820 572 890 exsilium
592 823 711 891 missus
732 837 801 905 est,
820 820 925 904 ulter,
946 837 985 890 ut
1002 822 1133 890 meliori

67 937 131 1008 lide
146 941 360 1020 mitteretur,
378 937 527 1032 optabat.
550 940 589 1008 In
603 955 695 1008 tanta
712 961 826 1008 rerum
842 962 974 1008 sursum
985 962 1025 1007 sc
1038 937 1134 1010 deor

67 1079 134 1122 sum
154 1057 308 1124 euntium
326 1054 537 1138 versatione,
555 1056 583 1122 si
600 1079 675 1124 non
699 1052 871 1146 quidquid
891 1054 967 1122 lieri
993 1071 1130 1148 potest,

67 1195 125 1262 pro
138 1172 256 1240 futuro
270 1170 396 1253 habes,
411 1169 471 1240 des
485 1173 522 1238 iu
535 1187 569 1240 te
582 1172 672 1240 vires
685 1171 789 1240 rebus
801 1170 970 1254 adversis,
983 1197 1067 1266 quas
1080 1175 1133 1242 in·

67 1287 182 1380 fregit,
213 1287 369 1380 quisquis
391 1289 487 1382 prior
505 1287 603 1356 vidit.
623 1289 816 1357 Proximum
836 1287 880 1356 ab
903 1289 957 1356 his
977 1289 1064 1372 erit,
1088 1314 1133 1359 ne

66 1403 167 1470 autin
181 1401 421 1494 supervacuis,
435 1416 494 1469 aut
506 1425 547 1469 cx
559 1425 768 1496 supervacuo
783 1402 975 1473 laboremus
991 1433 1001 1490 3
1018 1403 1129 1488 idest,

67 1539 107 1582 nc
122 1530 181 1583 sut
195 1539 272 1607 quae
287 1539 356 1582 non
369 1539 544 1606 possumus
558 1517 738 1608 consequi,
760 1517 1055 1610 concupiscamus3
1074 1535 1134 1588 aut

64 1629 194 1724 adepti,
213 1630 437 1723 cupiditatum
450 1631 631 1702 vanitatem
644 1647 836 1700 nostrarum
849 1655 944 1715 sero,
961 1650 1038 1725 post
1046 1635 1134 1704 mul-

66 1764 129 1816 tum
144 1747 332 1841 pudorem,
352 1745 580 1839 intellifflmus
597 1775 606 1833 3
628 1745 666 1814 id
684 1761 756 1827 est,
774 1770 818 1814 ne
832 1762 891 1814 aut
902 1746 999 1816 lslror
1013 1750 1133 1819 irritus

67 1865 135 1932 sine
154 1865 279 1935 effectu
297 1863 361 1943 sit,
383 1877 442 1932 ant
458 1862 598 1932 effectus
612 1861 728 1930 labore
743 1858 919 1954 indignus.
937 1863 1024 1932 Fere
1040 1866 1130 1932 enim

99 2077 118 2109 ι.
127 2055 290 2127 ‚Iugurtham
299 2095 306 2122 ,
316 2073 427 2126 quem.m
437 2057 570 2123 spectavit.
621 2051 749 2126 regionem
761 2071 950 2123 nuncupavere,
964 2071 1021 2123 quse
1034 2073 1047 2106 a
1061 2055 1131 2107 ldau·

23 2113 27 2134 ’
69 2133 105 2184 dd
122 2134 175 2187 lraec
194 2127 331 2201 Μὰρ]
335 2151 341 2185 :
361 2130 463 2184 Bellum
475 2131 572 2204 lugur-
620 2130 654 2182 ris
668 2141 692 2182 et
705 2129 876 2202 Carthagine,
891 2128 976 2202 Syrtes
988 2131 1056 2202 juxta
1068 2154 1132 2207 por»-

68 2212 179 2276 tlrinnm,
191 2212 264 2282 qnod
277 2209 423 2262 Sallustium
433 2208 572 2282 exposuisse
620 2221 700 2272 recta,
710 2208 846 2280 Cyreuaeos
856 2209 945 2282 tangit.
953 2209 1045 2264 Sermo
1056 2224 1092 2264 est
1100 2213 1131 2266 de

67 2305 175 2355 constat,
190 2290 267 2362 roepit
279 2307 338 2342 ann.
352 2289 385 2340 U.
400 2287 429 2340 C.
440 2285 490 2357 637
499 2324 506 2351 ,
515 2299 572 2340 ante
622 2285 759 2338 Ptolemaeo
770 2286 857 2350 ,Jubae
868 2285 936 2354 filio,
947 2300 972 2339 et
982 2289 1018 2339 M.
1027 2290 1132 2343 Antonii

68 2367 124 2422 Chr.
140 2382 192 2421 nat.
213 2388 276 2436 1173
295 2379 320 2418 et
338 2366 427 2438 quinto
439 2385 506 2418 anuo
518 2377 573 2438 post
622 2381 652 2416 ea
662 2362 753 2415 Selene
766 2361 819 2416 filia
832 2373 936 2437 nepote,
949 2364 1057 2436 ideoque
1070 2366 1131 2418 Caio

67 2445 215 2500 debellatum
239 2457 283 2498 est.
306 2443 396 2497 Noster
421 2443 498 2516 igitur
519 2462 573 2496 uon
621 2441 788 2500 consobrino,
808 2441 852 2511 qui
868 2440 958 2494 aCaio
968 2455 1069 2515 propter
1080 2443 1134 2514 ejus

68 2523 167 2576 omnino
183 2534 300 2575 accurate
319 2541 372 2574 rem
391 2520 501 2574 tradidit.
521 2520 572 2573 Sed
622 2519 736 2583 divitias,
747 2539 807 2572 ann.
818 2519 850 2572 U.
861 2519 889 2572 C.
900 2521 957 2590 793,
968 2519 1134 2592 interfitijus·

68 2619 115 2650 non
126 2599 235 2653 advertit
251 2599 291 2651 vir
308 2598 395 2652 doctus
412 2619 455 2670 per
466 2609 514 2652 tres
526 2617 573 2650 an·
620 2617 661 2650 sus
671 2609 714 2650 est
725 2597 828 2649 Sueton.
841 2595 951 2669 Caligul
961 2616 981 2649 e.
991 2597 1022 2649 afr
1033 2615 1040 2649 ε
1052 2599 1134 2650 «Pto-

67 2677 185 2730 nonnihil
205 2677 272 2732 bene
287 2697 316 2729 ac
328 2679 407 2730 lauste
423 2689 511 2742 corsua
526 2677 573 2730 Jn-
621 2675 739 2728 lemnum
750 2674 781 2726 de
789 2695 839 2744 quo
847 2675 936 2740 retuli,
949 2687 973 2727 et
985 2676 1133 2730 accersitum

68 2755 179 2824 gurtlram
194 2767 308 2828 gestum,
319 2774 397 2826 quum
409 2755 515 2828 pecunia
527 2755 573 2808 de·
621 2773 717 2825 regno,
729 2766 753 2804 et
766 2765 894 2824 acceptum
912 2751 1050 2806 honorilice
1060 2793 1067 2817 ,
1079 2774 1132 2807 non

68 2830 122 2882 ritti
140 2832 234 2898 dures,
255 2845 298 2884 aut
317 2833 389 2906 segni
408 2833 459 2886 otio
477 2845 573 2908 ternpus
622 2830 671 2885 alia
680 2830 711 2883 de
721 2841 900 2902 causarepente
911 2831 1132 2903 percussit,qnam

71 2921 255 2974 consumerent,
264 2923 308 2962 aut
314 2911 367 2964 acie
379 2910 506 2963 interdum
518 2909 574 2962 vin·
622 2911 707 2982 quod,
721 2911 810 2964 edente
826 2928 852 2960 se
869 2927 980 2975 munus,
991 2910 1133 2983 ingressum

69 2998 184 3038 serentur.
202 2986 320 3040 Metellus
337 2988 440 3060 quidem
451 2989 495 3060 qui
514 3007 573 3041 ann.
622 2987 760 3062 spectacula
771 2987 920 3038 convertisse
930 2986 1063 3040 hominurn
1074 3009 1133 3042 ocu·

72 3067 112 3130 μή
131 3065 209 3128 (belli
228 3069 336 3137 quarto)
355 3065 432 3140 copiis
456 3066 572 3139 prseluit,
623 3065 660 3119 los
682 3066 781 3140 fulgore
811 3082 940 3138 purpurea
963 3063 1052 3118 abollae
1077 3067 1134 3118 ani-

70 3161 192 3195 armorum
223 3146 349 3196 lonunarn
380 3143 503 3208 mutavit3
531 3141 576 3196 sed
624 3143 766 3196 madvertit.
779 3165 792 3190 r
813 3141 1022 3196 Discussttiu.
1041 3143 1072 3196 R.
1089 3144 1133 3198 lib.

70 3238 142 3288 quum
153 3218 212 3272 iniit
221 3220 380 3272 consulatum
391 3219 504 3284 lllarius,
516 3239 576 3271 ann.
626 3223 684 3274 ux
695 3262 701 3288 ,
711 3241 764 3295 cup.
774 3225 805 3274 25
816 3239 823 3274 t
834 3225 903 3281 ΓαἺος
913 3221 937 3272 dl
947 3221 970 3271 ἓν
982 3219 1054 3288 τούτῳ
1061 3221 1099 3273 τόν
1109 3245 1132 3275 τι

74 3297 130 3362 113,
154 3311 179 3348 et
201 3295 333 3350 Numidici
353 3296 414 3349 belli
430 3297 480 3349 dux
497 3298 575 3350 lanus
625 3304 766 3368 Πτολεμαῖον
779 3303 818 3356 ela
834 3308 875 3352 τοῦ
888 3289 901 3352 l
908 3295 952 3350 lde
967 3300 1042 3352 παῖδα
1061 3301 1134 3368 palu-

71 3385 113 3434 est,
131 3373 216 3428 adhuc
234 3373 367 3426 timebatur
385 3373 519 3446 Jugut'llte.
535 3375 575 3426 De
625 3381 717 3448 πίμψας
724 3382 761 3432 καὶ
772 3383 848 3447 μαθὼν
859 3380 892 3431 d'lr
902 3380 1132 3443 winitmundus:

70 3464 209 3520 quotamett
218 3449 574 3524 paucismenslbmvltlorlim
624 3458 1004 3526 aalsillouenallolepal’udeod.
1012 3458 1074 3510 Item
1082 3459 1134 3510 Zo-

71 3529 168 3604 adeptus
181 3543 219 3582 est
231 3544 255 3582 et
267 3529 431 3602 triumphurn.
625 3526 768 3589 ussandida
782 3538 818 3587 aul
832 3539 871 3586 ele
883 3539 1026 3602 Πτολεμαῖον
1039 3537 1079 3602 elur
1091 3543 1132 3586 τοῦ

101 3627 123 3658 2.
133 3608 317 3662 Prolemoeum.
328 3607 435 3660 Nullum
447 3627 461 3658 θ
474 3607 574 3680 Lagidls
624 3598 1134 3678 lc'Suwidaparuo‘lstldusrueo‘rerrluu‘lsds·

72 3683 94 3735 lr.
101 3683 118 3737 l.
125 3685 236 3758 intelligi
245 3697 325 3756 patet,
334 3697 388 3737 tum
396 3684 464 3756 quod
471 3685 575 3738 illorum
615 3712 653 3742 ea
660 3697 759 3754 κῲωῖιος
766 3691 888 3743 deialrsss.
898 3689 1063 3762 Augustusei,
1073 3708 1133 3742 ann.

72 3781 194 3831 genscum
202 3763 335 3836 Cleopatra
344 3763 440 3816 Auletes
445 3761 507 3827 filia,
515 3763 576 3816 llio·
625 3767 657 3818 U.
666 3765 694 3818 C.
703 3769 750 3833 pal,
760 3806 766 3832 ,
777 3766 934 3839 Cleopatram
944 3767 1042 3833 (Dione
1051 3781 1134 3822 aucto·

73 3841 132 3911 nysii
148 3854 173 3894 et
183 3840 317 3894 Ptolemaei
326 3839 399 3914 pueri
414 3859 516 3903 sorore,
533 3840 577 3892 illa
608 3865 611 3870 ¹
626 3863 653 3896 re
664 3882 671 3909 ,
682 3842 725 3894 lib.
740 3843 786 3907 Ll,
800 3845 1134 3920 c.15,lin.)cnjuseogno-

72 3937 129 3989 gens
140 3919 261 3971 exstincta
273 3929 322 3981 eat,
334 3929 388 3970 tum
402 3915 470 3988 quod
482 3917 510 3968 in
521 3918 578 3970 Ε·
626 3937 685 3972 rnen
693 3919 741 3971 tuis
753 3919 844 3975 Selene
857 3921 944 3984 (Suet.
953 3921 970 3974 l.
978 3922 1012 3988 l.)
1025 3936 1133 3996 nuptum

72 4010 144 4070 gypso
165 3996 270 4070 lagidae
292 4008 479 4070 regnaverant,
501 4015 577 4066 quam
608 3997 803 4051 locaverat·
820 3999 989 4053 Mithridates
1003 4001 1133 4054 aTiberio

75 4075 160 4130 clinica
172 4088 269 4150 partem
283 4094 335 4128 esse
349 4073 460 4126 Romani
471 4073 578 4127 dubita·
627 4075 748 4128 Amenia
758 4074 986 4151 donatus,sedpost
994 4097 1009 4130 a
1017 4077 1133 4150 Caligula

74 4149 142 4218 bant,
154 4165 221 4207 certe
234 4152 344 4206 Africam
355 4151 579 4224 nunquamappel·
627 4155 655 4206 in
671 4153 773 4207 vincula
790 4153 917 4224 conjectus
930 4173 936 4207 :
951 4175 1010 4208 mox
1028 4176 1087 4208 vero
1105 4155 1133 4207 in

74 4229 158 4284 lavere.
179 4233 263 4284 lrnmo
282 4230 374 4289 Africa
397 4248 491 4284 nomeu
512 4229 578 4282 hant
627 4230 1133 4302 regnum,Claudiomonente,remeavit.
