2926 4958
258 531 326 599 lo
351 530 524 600 suotc.
551 531 762 602 ramos.
789 531 887 602 Lm.
914 534 987 601 111.
1030 533 1151 600 clxxxv
1272 493 1274 500 ’

84 685 182 734 artem
202 673 363 734 exercere?
386 673 417 733 in
438 672 601 754 tranquillo
616 675 786 737 tutiuserit.
801 674 889 737 Utin
905 697 1039 759 praeceps
1062 673 1154 758 lapsis

93 778 274 861 corporibus
286 779 404 840 nullum
421 781 466 842 sui
486 781 644 843 arbitrium
658 795 720 855 est;
737 783 893 867 rapiuntur
909 807 916 842 ι
935 784 978 846 sic
992 783 1110 845 animus
1124 783 1155 844 in

89 885 263 962 libidinem,
277 907 436 965 amorem,
452 888 530 948 iram
541 889 712 971 projectus,
727 909 789 951 non
803 891 879 953 sistit
890 911 922 953 se
935 890 989 953 ubi
1003 890 1085 966 vult,
1101 903 1155 951 aut

80 1015 170 1073 mum
186 993 271 1070 vult,
287 996 340 1056 sed
353 1014 413 1075 quo
428 1015 489 1057 nou
504 996 568 1058 vult
580 995 685 1059 fertur.
699 995 820 1060 Deinde
834 1044 843 1073 ,
858 997 996 1061 Allectus
1014 997 1039 1060 si
1055 997 1152 1069 malit

80 1099 170 1160 etiam
183 1098 309 1176 modici,
320 1100 473 1164 modicum
482 1115 563 1164 certe
578 1103 696 1165 malum
711 1118 800 1166 erunt
813 1127 820 1162 :
834 1105 900 1186 quis
913 1104 945 1166 id
958 1104 1083 1187 apponit
1096 1101 1157 1166 Su-

80 1206 196 1287 pieuti?
215 1233 231 1260 s
241 1204 346 1288 Itaque
362 1206 437 1270 salsa
450 1220 495 1270 est
508 1208 564 1270 ista
575 1210 789 1287 mediocritas,
803 1209 955 1272 etinutilis
968 1211 1156 1289 :eodemque

81 1315 149 1376 loco
163 1313 326 1393 habenda,
343 1337 404 1397 quo
419 1316 444 1378 si
459 1315 525 1396 quis
539 1315 675 1394 diceret,
693 1315 816 1381 lllodice
831 1317 1064 1393 insaniendmu,
1080 1313 1157 1376 Μο-

81 1420 146 1482 dice
159 1421 378 1504 aegrotandum
394 1449 408 1476 o
433 1417 592 1507 (Epistola
607 1427 748 1503 cxxxv.)
759 1421 865 1486 Tertia
891 1423 984 1486 etiam
1006 1423 1086 1484 ratio
1101 1445 1108 1494 ;
1132 1421 1158 1483 si

82 1526 144 1588 istis
159 1529 215 1588 das
224 1527 343 1604 locum,
357 1556 372 1582 s
381 1529 518 1610 qumvis
531 1530 630 1614 exigui
643 1530 720 1601 sint,
732 1530 764 1590 in
780 1531 877 1613 majus
891 1531 1044 1593 excedent.
1053 1527 1158 1591 Num-

83 1654 173 1714 quam
180 1633 354 1716 peruiciosa
369 1638 634 1700 servantmodum.
644 1635 713 1699 »At
727 1637 809 1698 enirn
824 1650 892 1699 suut
905 1650 938 1698 ut
948 1636 1034 1699 bonoe
1047 1637 1157 1721 plantae
1182 1693 1185 1702 ,

85 1741 112 1800 iu
135 1761 224 1824 agro.
246 1740 361 1803 Ronae?
380 1741 439 1804 boc
453 1763 532 1826 nego
552 1766 560 1802 ι
578 1756 647 1805 sont
667 1742 797 1826 plantae,
822 1745 875 1806 sed
896 1765 1025 1828 vepres,
1043 1745 1156 1829 spinae,

84 1847 173 1924 rubi,
191 1848 258 1908 nati
275 1849 315 1910 ad
332 1835 492 1910 delendam
513 1863 566 1911 aut
587 1843 811 1933 prohibendam
827 1869 950 1912 omnem
964 1850 1078 1914 bonam
1091 1851 1159 1912 lra-

85 1977 161 2037 gem.
179 1955 324 2036 Denique
347 1955 432 2037 quies
454 1969 484 2018 et
503 1957 720 2039 tranquillitas,
738 1970 772 2019 ut
791 1959 964 2031 docuimus,
982 1955 1158 2042 Sapientem

88 2064 169 2126 decet
183 2075 216 2124 et
232 2061 367 2143 sequitur
384 2085 391 2120 ι
408 2075 440 2123 tu
455 2062 608 2136 viseum,
627 2076 660 2124 ut
675 2083 762 2125 mare
778 2063 901 2146 aliquod
914 2084 1057 2148 asperum
1071 2087 1158 2142 esse,

88 2171 212 2232 assiduis
232 2167 407 2232 Affectuum
423 2168 592 2230 turbinibus
608 2169 776 2253 agitatum?
800 2167 914 2234 Careat
929 2171 1038 2255 igitur,
1061 2172 1086 2234 si
1100 2193 1161 2257 po-

89 2290 142 2337 test
162 2300 170 2336 :
187 2276 273 2358 atqui
294 2288 401 2360 potest.
414 2273 488 2337 Nou
502 2288 570 2338 nmt
589 2277 671 2338 enim
688 2278 862 2357 naturales,
884 2293 918 2340 ut
937 2279 983 2340 illi
996 2279 1160 2360 volebant,

88 2403 183 2463 neque
200 2381 329 2444 rationis
347 2395 494 2465 expertes.
510 2379 544 2443 Si
561 2384 643 2444 enim
659 2404 679 2444 a
694 2381 831 2461 Natura,
848 2384 921 2446 boui
938 2399 1037 2448 essent
1058 2389 1162 2468 :quod

90 2488 177 2550 etiam
195 2489 257 2572 ipsi
272 2502 405 2572 negant,
426 2491 479 2552 sed
499 2490 539 2552 ad
556 2488 680 2551 Ronum
699 2492 841 2552 duntaxat
862 2490 918 2553 ire.
936 2490 1072 2570 Deinde,
1089 2492 1161 2574 quid

90 2625 104 2648 ι
114 2611 158 2658 est
172 2595 344 2672 Naturale,
359 2600 440 2680 quod
453 2599 536 2661 idem
547 2597 677 2660 nimium
690 2619 756 2660 esse
771 2599 885 2682 possit?
898 2627 914 2654 a
929 2600 1015 2680 (Cic.
1026 2598 1074 2661 lv
1083 2599 1162 2662 Tus-

90 2703 160 2786 ent.)
177 2704 223 2765 At
235 2704 285 2766 isti
312 2704 405 2767 iidem
423 2718 561 2768 resecant
580 2717 610 2766 et
631 2704 868 2783 circumcidunt,
888 2718 923 2766 ut
935 2703 1163 2789 superfluentes.

89 2809 193 2875 Tertio
207 2858 217 2887 ,
235 2833 290 2875 cur
303 2831 364 2873 non
375 2811 467 2874 iidem
481 2812 513 2873 in
528 2811 684 2890 omnibus,
698 2825 728 2874 et
738 2812 806 2895 pari
819 2813 934 2876 modo?
947 2810 1062 2875 Merito
1073 2833 1161 2898 ergo,

91 2917 195 2981 obbas
205 2916 340 2998 aliasque
351 2905 457 2980 causas
469 2917 595 2980 dicimus
607 2963 617 2996 ,
634 2931 794 2979 «nontam
804 2917 922 2980 Natura
935 2918 1059 2996 insitos,
1071 2941 1164 3001 quarn

93 3044 183 3104 prava
196 3019 352 3106 Opinione
367 3036 530 3107 susceptos.
540 3051 555 3078 o
575 3021 727 3096 (Laetam.
741 3023 806 3100 Vl,
824 3045 890 3108 cap.
911 3023 978 3107 ιι.)
991 3023 1042 3087 Ab
1057 3025 1115 3088 bae
1128 3025 1166 3087 iis

92 3129 197 3214 origo:
214 3130 343 3210 ideoque
358 3129 443 3191 Zeno
454 3129 535 3212 apud
548 3127 732 3194 Ciceronem
745 3129 844 3214 pergit
856 3151 1013 3207 asserere,
1025 3132 1168 3194 volunta-

92 3237 155 3299 rios
174 3257 241 3300 esse
253 3283 262 3314 ,
284 3234 473 3318 Quomodo?
491 3236 561 3319 quio
582 3236 622 3298 ab
641 3237 805 3320 opinione,
825 3250 859 3298 ut
878 3238 1011 3320 sequitur
1034 3263 1042 3297 ι
1064 3253 1095 3302 et
1108 3243 1123 3317 (
1135 3253 1167 3301 ut

92 3345 173 3406 idem
190 3343 280 3419 alibi)
297 3373 312 3398 o
324 3343 409 3406 nulla
426 3342 552 3405 Naturae
566 3344 597 3404 vi
610 3356 858 3422 commorentur,
875 3346 1036 3427 omniaque
1050 3365 1086 3407 ea
1100 3359 1168 3407 suut

91 3447 286 3532 Opinioues,
303 3471 340 3514 ac
352 3448 475 3513 Judicia
488 3449 629 3512 levitatis.
642 3477 658 3503 a
671 3446 740 3528 (ΙΙΙ
751 3448 802 3511 De
814 3446 935 3528 Fiuib.)
946 3449 1090 3512 Totidem
1103 3449 1169 3512 sere

92 3557 196 3619 verbis
209 3555 389 3620 Plutarchus
403 3559 440 3618 de
450 3557 562 3620 nostris
576 3580 589 3629 ι,
601 3585 616 3611 ιι
626 3551 745 3618 Omnes
759 3555 896 3620 Allectus
910 3557 1035 3618 omuino
1045 3554 1169 3618 Judicia

94 3686 190 3746 prava
205 3679 236 3728 et
250 3662 421 3749 Opinioues
436 3664 538 3727 dicunt
556 3684 632 3726 esse.
649 3691 665 3718 ι»
683 3659 744 3746 (ln
756 3663 880 3741 libello,
896 3662 974 3724 Utro
990 3663 1171 3742 animalia.)

94 3771 177 3834 Nota
195 3773 298 3847 istaec,
320 3793 384 3854 quae
408 3792 532 3834 causam
552 3791 615 3833 non
634 3770 789 3834 continent
807 3771 926 3847 solum,
949 3772 1002 3833 sed
1022 3770 1171 3834 obtinent.

93 3877 179 3941 Nam
192 3879 218 3942 si
232 3879 305 3958 talia
319 3905 327 3952 ;
354 3877 492 3963 profecto
505 3877 538 3939 iu
554 3875 710 3940 Rationali
723 3892 810 3961 parte
827 3877 921 3939 animi
934 3891 1023 3957 sunt,
1039 3899 1100 3941 non
1117 3879 1170 3942 illa

94 3983 271 4049 lrratiouali
285 3999 393 4068 :atque
402 3987 444 4050 ita
454 3984 657 4054 aVoluntate.
669 3982 730 4047 Sed
739 3983 862 4047 Judicia
874 4005 957 4062 esse,
971 3985 1062 4046 etiam
1073 3983 1171 4072 Chry-

94 4093 200 4176 sippus
215 4093 374 4171 adfirmat,
391 4094 471 4178 apud
485 4089 641 4155 Galeuum
658 4117 665 4152 ι
684 4089 898 4180 «Chrysippus
917 4092 949 4154 in
965 4092 1066 4176 primo
1089 4093 1171 4155 libro

96 4199 142 4259 lle
156 4199 334 4281 Affictidus,
346 4177 563 4265 'demonstrare
584 4212 711 4262 conatur
721 4198 844 4262 Judicia
854 4201 990 4279 quaedam
1002 4198 1173 4262 Rationalis

95 4306 193 4388 partis
207 4327 274 4370 esse
288 4305 434 4371 Allectus
446 4335 461 4362 >a
476 4305 549 4387 (De
559 4305 685 4370 Decret.
701 4303 851 4390 Hippocr.
863 4319 894 4367 et
904 4305 1023 4369 Platon.
1039 4309 1172 4390 itemque

96 4409 201 4476 laen.
216 4413 247 4474 in
261 4413 417 4494 Zenone)
429 4409 471 4476 Et
479 4413 560 4478 addit
570 4415 608 4475 de
619 4413 742 4476 Zenone
754 4412 821 4496 ipso
834 4411 924 4496 paulo
937 4413 1025 4475 aliter
1041 4437 1047 4470 ε
1063 4413 1174 4476 «Zeno
