2896 4958
200 655 267 775 L.
306 647 611 774 ANNAEI
653 645 1025 770 SENECAE

438 951 571 1099 uu
617 950 797 1095 tut

365 1273 564 1362 LIBER
603 1273 869 1359 PRIMUS.
917 1337 918 1342 Ν

473 1493 763 1525 m·—

87 1701 161 1770 Ctr.
176 1701 207 1768 1.
222 1661 435 1767 Exeorsrr
452 1720 551 1782 nme,
565 1699 694 1766 Novate
711 1699 737 1778 ¹,
752 1710 792 1764 ut
802 1693 987 1762 scriberem
998 1691 1162 1785 quemad·
1190 1721 1198 1754 ι

89 1815 223 1886 modum
234 1831 350 1909 posset
359 1815 412 1882 irs
425 1813 527 1882 leniri
542 1839 550 1880 :
567 1837 633 1881 nec
647 1813 817 1882 immerito
829 1811 914 1879 mihi
927 1809 1054 1878 videris
1069 1809 1163 1878 hune

89 1935 261 2026 poecipue
277 1931 437 1999 affectum
453 1930 689 2024 pertimuisse,
713 1929 856 1996 maxime
877 1951 917 1995 ex
936 1925 1093 1995 omnibus
1111 1943 1163 1994 te-

92 2061 178 2118 trum
189 2073 230 2118 ac
241 2046 412 2116 rabidum.
430 2047 590 2116 Caeteris²
602 2046 694 2112 enim
707 2041 839 2135 aliquid
849 2043 957 2134 quieti
970 2042 1166 2136 placidique

92 2164 178 2234 inest
191 2165 269 2233 :hic
278 2179 369 2232 totns
379 2162 584 2245 concitatus,
599 2176 633 2229 et
642 2163 680 2228 in
690 2161 820 2254 impetu
830 2159 956 2227 doloris
966 2154 1168 2252 est³zarmo-¹

91 2308 189 2367 rum,
214 2283 414 2376 sanguinis,
434 2281 678 2375 suppliciorum
701 2279 840 2346 minime
857 2279 1007 2347 htunsnn
1028 2271 1166 2348 lurens⁴

91 2398 307 2494 eupiditate:
333 2396 415 2466 dum
437 2397 536 2466 alteri
561 2412 700 2477 noceat,
727 2397 779 2464 sui
802 2395 1002 2490 negligens,
1031 2397 1067 2464 in
1094 2397 1167 2490 ipsu

120 2587 606 2644 1.tt1ourrrrrou.l)eseribitireha-
657 2589 692 2644 tis
704 2589 966 2644 commendatissimus
982 2590 1077 2655 luerit3
1098 2592 1169 2662 qnod

88 2669 172 2724 ltitum
183 2681 332 2736 externum,
345 2687 398 2740 quo
409 2667 515 2739 quidem
526 2687 553 2719 se
565 2668 607 2720 in·
657 2668 699 2720 vel
715 2688 744 2719 ex
759 2667 799 2720 his
816 2665 943 2740 intelliges
957 2687 1030 2738 quse,
1045 2689 1125 2740 quum
1139 2669 1168 2722 in

89 2746 173 2814 dieat,
188 2758 214 2798 et
225 2745 299 2818 signs
316 2744 360 2798 irae
376 2745 450 2797 effert
464 2765 552 2798 eomm
568 2745 608 2798 si·
658 2744 753 2798 Achaia
760 2744 896 2816 proconsul
906 2759 982 2812 esset,
996 2747 1094 2802 Judteis
1107 2746 1171 2801 dixit

91 2825 200 2879 nillime
226 2843 285 2896 quse
308 2825 402 2877 furenti
428 2825 529 2899 propris
557 2844 608 2878 esse
659 2823 771 2896 quiante
783 2822 851 2876 illius
865 2822 976 2878 tribunal
992 2825 1026 2878 D.
1038 2825 1168 2890 Paullum,

88 2904 182 2958 solent.
210 2903 286 2956 Eune
313 2902 507 2976 descriptionem
521 2901 534 2964 ,'
553 2922 609 2973 ques
658 2903 1171 2980 tnneCorintlsiegentetn,superstitionis

89 2981 225 3034 laoderus
241 2999 297 3032 non
309 2993 390 3042 caret,
407 2979 452 3031 etsi
465 2979 609 3032 uberiorem
659 3002 732 3036 noste
751 3001 821 3036 reum
840 2981 969 3036 duxerant.
994 2983 1046 3038 eSi
1066 2984 1170 3057 quidem

89 3081 148 3114 am
158 3059 271 3126 dixeris,
282 3059 355 3112 iterat
365 3059 404 3124 ll,
416 3057 465 3123 35;
478 3059 531 3124 lll,
543 3058 568 3124 3,
581 3061 607 3126 4:
660 3074 723 3116 esset
739 3061 857 3132 iniquum
873 3062 970 3136 sliquid
983 3101 990 3128 ,
1011 3077 1054 3117 aut
1073 3066 1172 3118 lucinus

88 3137 252 3192 hauddubie
268 3151 413 3213 propterea,
426 3137 496 3208 quod
509 3155 558 3189 sse
568 3137 611 3189 rix
660 3139 811 3210 pessimum,
827 3162 843 3192 o
858 3141 906 3194 viri
924 3141 1026 3206 Judtei,
1046 3154 1111 3194 reete
1126 3161 1171 3194 vos

90 3219 230 3292 impetrare
251 3228 331 3290 potest
349 3217 458 3282 Noster,
482 3229 510 3267 ut
527 3227 612 3268 mete-
660 3218 823 3270 sustinerem:
834 3218 862 3272 si
878 3239 939 3272 vero
951 3220 1102 3292 quaestiones
1113 3234 1172 3274 sunt

89 3297 157 3349 riam
174 3293 348 3348 deseribendae
362 3293 399 3346 rei
413 3313 535 3368 perquam
549 3291 612 3345 ido·
661 3295 692 3347 de
704 3295 795 3361 verbo,
807 3309 832 3347 et
843 3297 1004 3364 nominibus,
1016 3311 1040 3350 et
1049 3298 1105 3372 lege
1119 3317 1172 3350 ves·

89 3393 169 3428 nam
192 3385 283 3426 nectus
307 3395 320 3425 e
344 3371 462 3425 menibus
486 3371 611 3434 dimittet,
660 3385 714 3438 trs,
738 3393 783 3426 vos
802 3373 850 3448 ipsi
869 3374 982 3428 videritis
999 3393 1007 3428 ι
1023 3374 1097 3448 judex
1123 3395 1170 3448 ego

88 3473 171 3525 qum
181 3465 272 3505 tmen
284 3451 471 3526 pretermittere
483 3450 612 3503 interdum
662 3451 753 3502 horum
763 3451 825 3504 nolo
838 3470 923 3504 esse.»
939 3452 1000 3504 tid„
1019 3455 1073 3507 Aet.
1089 3455 1173 3525 Apos-

87 3535 173 3586 auus
191 3530 291 3584 induet.
310 3528 413 3582 Similes
433 3529 613 3604 descriptiones
662 3528 705 3588 tol.
719 3530 857 3596 xvl11,v.
872 3551 917 3596 12,
933 3533 962 3584 13
974 3552 1011 3602 sq.

89 3609 216 3662 invenies
233 3627 273 3680 ap.
282 3605 378 3660 Mosen
391 3605 535 3660 Mendelss.
546 3606 613 3675 phil,
680 3628 703 3661 π.
716 3609 829 3664 Ceteris.
849 3609 948 3684 Nempe
960 3611 1096 3682 affictibus

90 3689 202 3762 Sdm‘st.
219 3689 264 3752 ll,
276 3687 324 3754 34,
343 3687 389 3752 35,
410 3699 433 3740 et
446 3685 539 3758 Engel.
552 3685 614 3738 Mt·
681 3685 704 3738 3.
717 3687 769 3740 Est
778 3706 823 3758 pro
834 3698 948 3754 constat,
968 3691 1117 3742 continetur.

90 3770 158 3820 mik
172 3768 217 3832 ll,
232 3765 289 3818 noli.
680 3767 704 3832 4.
717 3764 821 3818 Furens
831 3776 868 3816 est
878 3766 982 3835 entique
991 3766 1067 3820 lertio
1077 3767 1108 3820 ab
1117 3787 1175 3820 om·-

110 3865 133 3898 ι.
145 3844 198 3899 Ille
211 3843 326 3895 Novatus
339 3855 376 3895 est
384 3841 422 3896 M.
433 3846 548 3896 Annaeus
558 3845 615 3898 No·
664 3842 740 3895 nibus
756 3842 854 3914 seriptis
870 3842 997 3910 exhibito,
1014 3865 1090 3916 quem
1107 3845 1173 3900 Edd.

90 3939 178 3991 runs,
187 3923 297 3978 Seneca
306 3923 394 3992 irater,
407 3921 452 3994 qui
462 3936 545 3997 postes
553 3922 614 3976 Jun.
664 3921 809 3993 inseveras,
830 3921 944 3974 Muretus
963 3921 991 3974 in
999 3923 1107 3993 fervens
1119 3925 1176 3978 sins

92 4001 615 4074 Gatttodioumt,quumamnuflat-
665 3999 1176 4074 etunidonesmuteveruntFnrentium

90 4081 164 4136 lione
175 4080 294 4152 quodem
307 4079 439 4154 adoptatus
453 4079 546 4132 suisset.
558 4083 617 4155 Ap-
665 4077 804 4152 signemox
812 4093 961 4132 occurrunt:
971 4079 1014 4133 lil).
1024 4081 1074 4146 lll,
1083 4101 1137 4151 esp.
1145 4081 1173 4148 3,

90 4160 195 4213 tissime
206 4157 308 4210 adeum
319 4157 389 4209 missi
399 4169 458 4210 sunt
468 4157 509 4209 isti
517 4157 617 4211 Delro
665 4157 745 4210 homo
754 4158 783 4210 in
794 4157 926 4214 hominem
938 4163 1024 4214 lutens
1034 4199 1041 4224 ,
1053 4175 1100 4215 etc.
1115 4165 1175 4214 Prs-

91 4239 172 4304 lilsri,
187 4253 270 4310 quum
282 4235 475 4288 mansuetudine
484 4248 509 4286 et
516 4235 618 4288 modes·
668 4235 728 4289 inde
739 4235 834 4305 reduxi.
