2896 4954
354 469 415 561 r9ti
671 468 739 537 DE
762 469 1083 538 CLEMENTIA

346 598 415 666 Sed
427 599 575 693 primum
587 601 759 682 omniurn,
781 603 869 670 sicut
883 603 1059 670 medicinae
1073 599 1163 695 apud
1179 625 1286 694 egros
1302 625 1387 680 usus,

345 719 448 784 etiarn
473 715 566 809 apud
592 741 691 785 sanos
710 719 820 786 honor
843 725 938 788 'est:
959 722 1007 789 ita
1025 720 1235 788 clementiam
1255 720 1389 811 quamvis

345 855 447 924 poena
474 831 571 924 digni
599 833 778 916 invocent,
801 835 902 902 etiam
925 837 1123 904 innocentes
1149 835 1273 904 colunt.
1305 836 1389 902 Dein

348 946 417 1029 de,
438 947 543 1016 habet
555 947 630 1016 haec
648 950 685 1015 in
702 973 847 1041 persona
870 974 1010 1042 qnoque
1028 949 1254 1018 innocentium
1272 948 1386 1020 locum,

345 1065 426 1156 quia
459 1065 597 1132 interim
624 1065 759 1132 fortuna
783 1091 846 1160 pro
877 1066 977 1160 eulpa
992 1071 1004 1100 ²
1020 1084 1090 1152 est3
1114 1091 1178 1135 nec
1205 1065 1387 1133 innocentie

343 1195 472 1248 tantum
490 1178 670 1248 clementia
693 1182 884 1263 succurrit,
900 1180 960 1248 sed
981 1205 1070 1274 saepe
1087 1181 1224 1261 virtuti,
1246 1181 1388 1272 quoniam

341 1281 701 1386 quidemconditione
728 1311 916 1390 temporum
940 1295 1096 1364 incidunt
1121 1293 1299 1388 quaedam,
1326 1317 1386 1386 que

342 1412 470 1503 possint
487 1410 622 1479 laudata
642 1403 795 1503 'puniri
816 1405 973 1506 Adjiee⁴‚
998 1411 1089 1504 quod
1104 1436 1224 1505 magna
1242 1436 1320 1504 pars
1339 1411 1388 1476 ho
1431 1405 1432 1486 ἦ

273 1563 276 1569 ·
340 1527 469 1594 minum
484 1543 557 1609 est,
577 1551 654 1619 quae
673 1529 797 1596 reverti
817 1527 862 1595 ad
878 1530 1105 1600 innocentiam
1116 1531 1231 1622 possit.
1248 1528 1314 1597 sed
1331 1551 1387 1593 non
1431 1507 1432 1520 ἵ

339 1657 452 1712 tamen
470 1643 573 1736 vulgo
597 1645 773 1737 ignoscere
791 1641 914 1714 dccet:
936 1669 1013 1714 narn
1032 1645 1093 1713 ubi
1111 1643 1291 1712 discrimen
1312 1645 1388 1710 inter

340 1761 443 1829 malos
465 1759 642 1854 bonosque
672 1760 842 1829 sublatum
872 1778 948 1844 est,
976 1755 1151 1830 confrrsio⁵
1169 1763 1340 1853 sequitur,
1360 1776 1388 1825 et

339 1877 497 1944 vitiorum
515 1877 662 1970 eruptio.
679 1879 797 1968 ltaque
813 1874 1007 1946 adhibenda
1027 1894 1077 1946 est
1094 1877 1299 1956 moderatio,
1322 1899 1386 1968 que

338 1991 502 2060 sanabilia
531 1993 668 2086 ingenia
696 1990 908 2085 distinguere
932 2017 953 2060 a
976 1989 1184 2086 deploratis⁶
1203 1995 1297 2060 sciat.
1327 1995 1388 2059 Nec

339 2109 560 2201 promiscuam
584 2107 712 2176 habere
738 2131 778 2175 ac
811 2107 983 2201 vulgarem
1010 2109 1220 2176 clementiam
1239 2123 1384 2201 oportet,

337 2305 419 2364 darn
441 2313 466 2354 at
486 2321 539 2352 non
562 2299 766 2370 delinquentibus
788 2299 845 2369 quis
893 2301 1035 2354 innocentis
1052 2315 1124 2376 capnt
1135 2301 1221 2375 gladio
1236 2303 1357 2374 eripieus;
1368 2311 1389 2349 at

336 2377 437 2432 veniam
448 2377 536 2432 dabit?
893 2377 1012 2451 punieris.
1030 2379 1081 2431 Aut
1096 2379 1117 2431 si
1137 2378 1245 2431 Athenas
1259 2379 1290 2430 ab
1305 2379 1389 2446 injusta

372 2477 394 2509 r.
406 2459 490 2526 Apud
506 2456 679 2508 wmslrnnor
691 2465 738 2508 ess
757 2453 844 2520 Quum
892 2455 1025 2528 tyrannide
1037 2456 1199 2522 liberaturus,
1212 2457 1313 2528 vimque
1324 2455 1347 2506 ri
1358 2473 1388 2504 re
1432 2494 1433 2504 ,

337 2551 380 2590 aut
391 2557 433 2590 eos
445 2535 677 2606 esseseseiantqui
689 2532 844 2586 inmorbum
892 2533 1005 2606 pellens,
1017 2533 1188 2606 Hipparchum
1197 2534 1320 2600 sedisses,
1332 2534 1391 2585 elam
1432 2577 1433 2586 ,

336 2615 492 2669 olirneadere
500 2615 610 2687 possint,
622 2610 844 2682 antqnnrnlrotni·
893 2624 917 2663 te
934 2612 1000 2664 cives
1015 2610 1199 2676 laudavissent,
1216 2611 1262 2664 sed
1278 2622 1391 2684 superstes
1432 2627 1433 2678 ζ

337 2713 380 2745 nes
391 2693 453 2746 alios
460 2693 527 2746 illius
538 2691 633 2744 auxilio
642 2690 755 2761 quotidie
763 2689 795 2741 ad
804 2708 843 2740 sa·
892 2687 995 2760 llippias
1007 2689 1072 2740 mori
1085 2687 1200 2758 jussisset.
1432 2683 1433 2696 ¹

337 2771 439 2823 nitatem
451 2769 538 2822 reduci
549 2768 661 2822 rideant.
925 2767 1066 2830 daddjice,
1085 2779 1130 2819 etc
1146 2765 1244 2838 Lipsius
1264 2765 1306 2817 laic
1323 2764 1393 2816 defe-

369 2869 392 2900 a.
417 2849 534 2902 For-tum
552 2869 602 2916 pro
621 2849 699 2916 nalps
717 2856 764 2898 est.
784 2845 844 2897 Sive
892 2855 960 2895 etum
972 2843 1115 2916 suspicatur.
1128 2843 1193 2897 Mihi
1206 2863 1277 2897 secus
1289 2843 1391 2895 videtur.

335 2949 413 2998 quarn
424 2967 431 2994 ‚
443 2929 538 3000 aliquid
549 2928 649 2980 sceleris
656 2939 701 2978 aut
709 2924 795 2976 delicti
805 2923 845 2976 vi·
893 2921 947 2973 liae
966 2921 1057 2992 quippe
1072 2919 1175 2990 periodo
1192 2919 1267 2974 docet
1284 2921 1393 2982 Seneca,

335 3008 408 3058 detur
430 3007 556 3060 innuite
584 3019 691 3066 umen,
719 3003 843 3055 innocens
891 2999 1048 3052 elementiam
1062 2999 1212 3053 innocentie
1223 3019 1393 3072 quoquepro-

334 3085 441 3148 luisse,
462 3083 531 3156 quod
555 3083 581 3134 in
605 3080 707 3134 mosis
731 3098 796 3153 sepe
819 3089 843 3129 et
892 3077 1394 3151 desselrevitertamenheeperseqninrr

334 3161 480 3235 capitalibus
493 3160 633 3213 actionibus
648 3157 756 3218 attidit3
774 3157 826 3208 sive
832 3195 841 3218 ,
892 3157 997 3220 Noster,
1010 3155 1128 3226 quoniam
1139 3155 1239 3207 meliori
1250 3157 1309 3208 loco
1318 3174 1394 3206 reser-

333 3239 435 3293 didutta
449 3239 529 3314 patria
541 3239 569 3290 in
584 3237 672 3290 eirilss
687 3249 784 3310 partes,
801 3255 841 3286 ea-
890 3245 991 3286 taturus
1008 3246 1061 3286 erat
1078 3251 1085 3285 t
1101 3233 1152 3286 rid.
1170 3253 1228 3287 mor
1246 3255 1300 3308 eap-
1315 3237 1331 3287 3
1344 3233 1394 3287 init

332 3338 389 3371 rnen
402 3337 458 3390 pars
468 3329 494 3369 tu
504 3315 638 3377 exstiteris,
650 3333 712 3384 quas
722 3311 782 3364 belli
792 3313 842 3363 lor·
889 3309 940 3362 Sed
952 3330 981 3363 ea
991 3323 1041 3362 tota
1053 3331 1108 3384 pars
1118 3311 1197 3385 periit

333 3411 393 3450 tuna
418 3395 601 3454 manserit,
630 3405 678 3445 ete.
697 3391 777 3443 Cicer.
796 3410 841 3462 pm
922 3392 945 3441 5.
957 3391 1088 3461 Εοψείο.
1099 3390 1395 3444 Subandomm‘nmre-

333 3475 446 3528 Marcell.
465 3494 518 3546 cap.
540 3493 571 3524 ao
588 3489 595 3522 :
614 3494 628 3518 a
643 3469 704 3521 Noli
720 3469 796 3541 igitur
813 3469 839 3520 in
888 3487 955 3518 mm.
986 3467 1099 3528 Galliae,
1122 3467 1168 3518 des
1189 3467 1314 3520 troubles.
1344 3464 1396 3517 Ali-

332 3551 510 3606 couserrandis
524 3548 598 3602 bnis
613 3547 674 3600 viris
691 3545 838 3620 defatigari,
886 3541 989 3612 quando
1012 3543 1079 3596 enim
1098 3565 1112 3588 ι
1136 3541 1257 3596 Salutaris
1278 3545 1396 3596 severitas

332 3651 384 3684 non
403 3629 537 3702 eupiditate
554 3625 707 3700 prasertim,
722 3635 764 3676 aut
780 3644 839 3696 pa-
887 3620 965 3672 vincit
981 3619 1083 3672 inanem
1103 3619 1211 3692 speciem
1232 3621 1397 3673 elementia·

330 3709 405 3760 ritate
428 3706 512 3777 aliqua
536 3705 626 3780 lapsis,
647 3703 693 3756 sed
717 3703 837 3776 opinione
890 3697 990 3762 (Cicer.
1008 3699 1085 3772 Epist
1102 3697 1134 3750 ad
1153 3696 1263 3762 Brutlt
1279 3699 1397 3769 nequeis

329 3784 409 3838 officii
422 3783 497 3836 stulta
513 3786 630 3842 fortasse.
643 3795 709 3834 eeets
724 3802 778 3834 non
789 3781 837 3833 irn-
886 3775 1085 3849 bonusprineeps
1092 3775 1136 3846 qni
1146 3776 1252 3848 patiatur
1262 3775 1395 3828 hebescere

331 3861 423 3934 proba,
446 3873 470 3911 et
492 3861 573 3934 speeie
605 3859 713 3930 qrradarn
736 3859 837 3931 Reipu-
886 3854 965 3906 aciem
983 3873 1034 3907 snae
1051 3853 1202 3906 auctoritatis
1222 3852 1324 3920 (idern
1349 3855 1396 3906 Ca-

330 3937 409 3990 blieae„
420 3959 433 3982 s
884 3930 949 3983 tilin.
962 3933 1000 3996 l).
1011 3954 1024 3976 s

362 4018 387 4068 3.
397 4017 505 4070 Possim
519 4020 633 4070 laudata
646 4018 743 4084 periri.
754 4015 799 4075 Si,
811 4035 835 4064 r.
917 4009 941 4060 6.
965 4010 1124 4078 Deploratis.
1144 4011 1167 4060 Α
1187 4009 1262 4062 rebus
1282 4011 1397 4064 funereis

329 4117 355 4168 ὅ.
366 4096 452 4168 capitis
468 4115 539 4148 reurn
551 4109 575 4147 et
587 4095 733 4147 damnatura
744 4094 836 4146 imme-
885 4087 1013 4160 desumpta
1029 4107 1085 4138 vor.
1103 4087 1253 4154 Βεμὶοωῆ,
1275 4087 1305 4140 lr.
1323 4111 1347 4140 e.
1358 4089 1397 4137 de-

329 4171 614 4234 rito‚tareeriscttstos‚
629 4189 751 4224 eeareere
767 4171 835 4222 ell'u-
883 4167 988 4238 sperati:
1002 4167 1296 4236 iisnntsuperquonrnr
1315 4181 1398 4218 tumu-

327 4268 387 4324 gere
403 4249 490 4312 sines:
507 4251 600 4324 optime
617 4250 722 4322 quidem
740 4249 833 4308 aeuo,
883 4246 936 4298 lum
947 4245 1124 4318 comploraturn
1135 4244 1189 4296 luit.
