2894 4954
324 533 388 601 260
646 521 713 591 DE
738 517 1051 592 CLEMENTIA

321 681 412 729 cere.
431 660 511 726 Haec
524 657 552 724 si
566 677 678 749 perse
695 667 878 747 ponantur,
890 654 998 722 invise
1007 669 1086 720 eunt
1100 679 1107 719 :
1122 652 1283 721 videntur
1295 655 1380 721 enim

321 772 449 842 nullam
466 795 561 866 spem
578 768 774 861 relinquere
796 769 953 837 humanis
969 769 1165 854 erroribus3
1186 767 1247 836 sed
1273 769 1381 836 omnia

281 909 298 963 ³
321 885 445 956 delicte
464 884 509 954 ed
532 907 666 978 poenam
685 879 868 950 deducere.
895 881 1043 975 Quodsi
1067 898 1138 964 est,
1168 880 1289 974 quidni
1311 881 1381 948 haec

320 1002 480 1084 scientia,
498 1010 585 1092 quae¹
601 996 777 1067 dediscere
787 987 1035 1064 bumenitatem
1039 997 1160 1089 jubet,
1179 1011 1381 1088 portumque

319 1114 482 1185 adversus
511 1113 921 1184 fortunamcertiesimum
938 1127 1054 1180 mutuo
1077 1112 1200 1180 anxilio
1218 1116 1232 1146 ¹
1252 1110 1382 1179 cludit?

318 1229 386 1300 Sed
398 1230 492 1299 nulla
501 1245 592 1298 secto
606 1223 617 1264 ⁵
631 1227 814 1319 benignior
827 1226 1003 1316 leniorque
1016 1241 1085 1309 est,
1105 1227 1199 1294 nulla
1216 1228 1382 1294 amantior

318 1351 512 1431 bominum,
533 1364 568 1417 et
583 1346 817 1418 communibus
833 1347 931 1416 bonis
948 1342 1154 1416 attentior⁴:
1175 1366 1212 1421 ut
1230 1352 1383 1442 proposi-

320 1481 391 1534 tum
408 1467 451 1534 sit
467 1465 543 1532 usui
562 1487 635 1532 esee
649 1478 708 1531 ant
719 1462 865 1543 auxilio,
890 1485 954 1530 nec
970 1460 1034 1530 sibi
1054 1478 1203 1544 tantum,
1225 1460 1286 1530 sed
1305 1465 1382 1530 uni·

316 1580 424 1650 versis
442 1579 653 1672 singulisque
677 1568 866 1646 consulere.
892 1575 1127 1645 Misericordia
1136 1593 1196 1645 eet
1220 1577 1384 1670 aegritudo

317 1695 441 1776 animi,
460 1693 503 1762 ob
522 1692 710 1762 alienorum
729 1693 941 1760 miseriorum
958 1693 1104 1785 speciem
1120 1721 1129 1776 ς
1145 1709 1224 1772 aut,
1248 1694 1382 1762 tristitie

316 1835 357 1879 ex
374 1810 493 1878 olienis
509 1809 606 1878 malis
633 1823 825 1889 contractu,
847 1831 923 1900 quae
945 1807 1100 1876 accidere
1120 1811 1378 1880 immerentibus

318 1922 429 1994 credit
439 1919 465 1992 ⁵.
479 1922 657 2017 AEgritudo
668 1939 780 1992 autem
795 1923 831 1990 in
848 1923 1034 2016 sapientem
1046 1925 1154 1992 virum
1167 1949 1237 1994 non
1253 1918 1379 1996 ⁶cedit÷

316 2119 390 2172 Tusc.
409 2118 472 2192 disp.
483 2119 537 2184 lV,
553 2118 576 2170 8.
601 2117 646 2190 qui
659 2117 719 2170 alibi
739 2129 823 2169 tamen
872 2118 1381 2190 tumcerlissimumquodprtcedit.l’er·

317 2195 442 2250 diversam
462 2195 612 2248 senteutiam
630 2207 732 2260 tuetur,
756 2213 793 2246 ex.
804 2213 825 2246 c.
873 2193 957 2267 spicue
975 2194 1055 2269 magis
1068 2193 1133 2247 inter
1145 2193 1189 2246 bas
1201 2215 1278 2247 voces
1295 2195 1381 2248 intlu-

317 2275 399 2348 prob.
412 2275 526 2326 Murena
536 2292 557 2324 c.
569 2292 601 2343 ²9
611 2285 636 2324 et
646 2291 700 2343 sqq.
710 2309 717 2332 ,
728 2271 773 2322 nbi
789 2284 825 2323 ta-
874 2290 929 2324 sum
942 2283 1005 2324 esset
1020 2276 1047 2323 sb
1063 2283 1150 2325 mutuo
1163 2273 1289 2332 auxilio.
1309 2286 1335 2325 et
1353 2273 1382 2325 de

317 2369 377 2403 men
384 2369 436 2403 non
443 2363 470 2402 nt
476 2347 639 2422 philosophus
645 2368 697 2400 rem
705 2347 825 2410 tractavit;
875 2367 945 2399 moro
957 2348 1103 2400 Grecorum
1117 2349 1162 2422 qui
1176 2350 1300 2402 dixissent
1310 2355 1384 2419 Arpis

320 2429 419 2481 etinib.
432 2429 476 2482 lib.
488 2427 535 2490 lV,
545 2447 598 2500 cap.
610 2445 651 2496 ης
667 2427 732 2500 apud
742 2425 827 2498 impe-
874 2425 913 2476 iel
934 2427 963 2478 eli
982 2437 1022 2487 τῆς
1042 2437 1115 2496 τυχῆς
1132 2429 1248 2498 ἀμοιβαίῃ
1266 2432 1388 2502 ἕωιιυρῖᾳ

321 2505 381 2559 ritos
400 2517 454 2558 tum
469 2504 513 2557 illa
527 2504 592 2556 dicta
607 2517 679 2568 sunt,
691 2502 750 2574 qnia
762 2502 828 2555 hauc
878 2501 1038 2569 βεβαιότατος.

322 2583 463 2638 doctrinam
475 2582 595 2654 attingere
607 2601 660 2634 uon
673 2580 765 2632 valent.
912 2575 936 2629 3.
947 2578 1005 2632 Sed
1019 2583 1094 2634 nullo
1103 2591 1172 2634 secta
1180 2619 1188 2646 ,
1206 2595 1253 2637 etc.
1267 2583 1344 2637 conf.
1357 2586 1387 2637 de

358 2683 379 2714 r.
395 2659 475 2731 Quod
483 2661 509 2711 si
516 2669 556 2711 est
563 2697 571 2722 ,
588 2659 682 2727 quidni
689 2657 740 2708 lroec
752 2657 829 2708 scien·
880 2653 941 2707 otio
949 2653 1061 2730 Sapient.
1445 2701 1446 2706 ,

321 2735 582 2803 tia(sc.invisasit)
599 2752 674 2804 qua,
692 2743 738 2784 ete.
761 2731 831 2782 Om-
912 2732 935 2798 4.
951 2731 1136 2787 communibus
1159 2737 1234 2788 donis
1257 2742 1388 2791 attentior.
1445 2723 1446 2732 ἵ

322 2813 395 2865 nium
403 2815 454 2866 lere
465 2811 538 2864 codd.
547 2811 631 2863 lectio.
643 2807 830 2862 Scieutieenim
880 2811 957 2863 Recte
968 2811 1082 2865 Gronov.
1095 2825 1179 2866 tuetur
1190 2827 1280 2866 contra
1291 2815 1391 2868 Grute-

322 2901 347 2941 et
358 2888 478 2960 sapientis
489 2907 534 2961 pro
544 2899 609 2940 secta
619 2906 677 2940 usus
687 2886 831 2938 estNosttr·
880 2907 954 2955 rurn,
976 2889 1021 2961 qui
1038 2889 1160 2943 insulsam
1171 2892 1310 2946 lectionem
1326 2892 1391 2944 banc

324 2968 392 3020 conl.
401 2965 479 3037 lipsii
501 2965 648 3018 Menuduet.
662 2964 698 3025 ll,
711 2981 733 3031 7.
747 2961 830 3014 Eras-
878 2965 1005 3039 vulgatam
1025 2983 1164 3020 vocaverat
1176 2971 1391 3024 mimnotissi-
1444 3023 1445 3030 ,

323 3062 379 3096 mus
387 3041 474 3094 babet:
484 3041 564 3113 Quod
568 3045 593 3094 si
597 3052 649 3102 est.
668 3041 733 3112 quid
746 3042 774 3091 s'o
781 3039 829 3092 boc
878 3061 918 3093 ma
930 3051 1119 3098 atuntumesse
1128 3049 1169 3098 tui
1176 3048 1258 3102 erube·
1267 3047 1319 3102 diei
1328 3065 1336 3100 ε
1345 3069 1392 3100 ne-

322 3121 446 3184 scientia,
467 3135 527 3186 qua
546 3119 673 3171 dediscere
685 3155 692 3184 ,
705 3128 750 3168 etc.
763 3116 828 3166 Ante
880 3139 928 3190 que
939 3133 1021 3192 paret,
1038 3128 1240 3175 curoommum'o
1254 3125 1389 3176 benedici

322 3197 435 3270 lipsium
447 3197 550 3270 vulgata
566 3209 633 3250 erat:
650 3194 731 3266 Quod
741 3199 828 3258 ss'est,
879 3211 1013 3268 nequeant.
1022 3199 1149 3252 Nonnulli
1163 3215 1248 3253 autem
1257 3202 1316 3254 libri
1325 3221 1391 3254 eous·

321 3278 389 3346 quid
399 3276 524 3328 larsem
536 3275 651 3329 dursiss?
670 3291 727 3344 que
745 3284 829 3324 tamen
878 3282 965 3327 muniis
981 3275 1042 3328 boni
1059 3275 1150 3329 lubere
1172 3277 1301 3332 dicuutur.
1313 3281 1391 3332 Eras-

215 3410 222 3426 ,
322 3355 351 3408 in
368 3355 439 3408 nullo
458 3354 545 3407 codice
564 3353 710 3426 comperuit.
732 3351 829 3424 Lipsius
878 3369 934 3403 mus
945 3351 1073 3425 vulgatam
1091 3367 1166 3409 tenet.
1177 3357 1238 3408 Mor
1257 3367 1391 3410 contincta
1443 3365 1444 3369 ’

322 3433 422 3485 emend.
440 3432 520 3504 Quod
539 3435 566 3483 si
585 3431 830 3500 est,qmtim·hu1·c
878 3429 987 3482 Grutero
1003 3430 1124 3497 debetur,
1145 3431 1249 3484 facienti
1277 3453 1290 3484 e
1312 3433 1390 3487 codd.

321 3527 483 3576 succenseas,
496 3528 562 3578 quoe.
572 3507 706 3560 Gronovio
725 3505 828 3560 taudem
876 3507 997 3579 scripturn
1007 3525 1013 3560 :
1024 3521 1120 3562 contro.
1136 3509 1235 3562 Erasm.
1255 3511 1335 3563 habet
1345 3529 1392 3562 eo-

320 3587 472 3642 socabnlum
484 3591 589 3640 ses'enms
600 3605 629 3638 ex
638 3596 704 3638 secto
719 3605 828 3657 eorrup-
877 3583 935 3636 dem
947 3603 1020 3637 sensu
1035 3597 1177 3654 :concepto

320 3679 373 3720 lum
393 3685 444 3719 esse
453 3661 696 3732 videbaturtilaque
710 3661 827 3714 scriben—
910 3665 1126 3716 5.M1'sen'corde'a
1134 3700 1184 3717 ......
1196 3667 1285 3718 credit.
1296 3665 1392 3718 Cicero
1442 3661 1443 3668 ¹

321 3743 382 3796 dum
394 3741 513 3816 putabat:
525 3740 605 3812 Quod
623 3744 648 3790 η’
662 3749 716 3803 est,
735 3741 831 3807 qur'tlru'
877 3743 893 3794 l.
905 3741 922 3794 l.
935 3741 1079 3794 Stoicorum
1089 3739 1285 3795 delinitionibus
1295 3757 1324 3796 et
1334 3763 1391 3816 par-

320 3821 373 3874 hoec
393 3830 461 3873 seclo
479 3819 538 3884 (sc.
553 3815 637 3869 invisa
656 3815 687 3867 sit
700 3817 719 3881 ).
742 3815 792 3868 Sed
811 3835 825 3866 a
875 3817 1006 3870 titionibus
1026 3817 1053 3868 in
1073 3816 1307 3890 perturbationibus
1328 3819 1391 3871 des-

319 3897 394 3951 codd.
401 3897 522 3970 scriptura
528 3913 581 3947 non
589 3891 759 3946 recedendum
766 3904 825 3944 erat.
875 3894 1002 3947 cribeudis
1011 3915 1070 3946 usus
1082 3912 1088 3947 :
1100 3917 1114 3940 κ
1125 3895 1323 3960 Misericordia,
1336 3897 1371 3948 ait
1382 3932 1389 3956 ‚

318 3977 398 4029 Mox:
412 3986 502 4028 mutuo
517 3975 637 4036 auxilio,
653 3972 679 4025 id
696 3983 748 4035 est,
764 3991 824 4044 pro-
875 3983 911 4023 est
926 3971 1049 4044 egritudo
1064 3992 1093 4024 er
1105 3971 1208 4025 miseria
1224 3973 1332 4028 alterius
1350 3975 1392 4025 iu-

318 4066 373 4127 pter
385 4053 507 4106 auxilium
518 4063 642 4102 mutuum.
655 4048 754 4121 Lipsius
770 4067 826 4100 ma·
876 4047 939 4118 juria
950 4049 1099 4112 laborantia
1114 4069 1191 4102 nemo
1204 4052 1275 4103 enirn
1285 4051 1392 4124 parrici-

318 4131 367 4184 luit
381 4149 388 4183 ε
404 4143 524 4184 mutuum
542 4133 691 4190 auxilium,
707 4125 748 4178 vel
760 4141 825 4180 certe
876 4123 914 4178 dae
931 4138 973 4178 eut
990 4125 1124 4199 proditoris
1136 4127 1263 4201 supplicio
1282 4129 1391 4180 miceri-

317 4211 404 4262 mutui
411 4210 520 4260 auxilii.
875 4203 960 4257 cordia
975 4216 1182 4256 commovetur.»

351 4306 372 4339 2.
388 4285 483 4338 Mutuo
491 4277 744 4336 accinctionem
757 4301 824 4351 por-
907 4281 930 4332 o.
943 4281 1089 4350 erperode
1099 4293 1187 4336 antem
1201 4288 1230 4336 in
1241 4287 1391 4352 sepimine
1440 4267 1441 4287 ¹
