2926 4958
333 501 411 571 em
512 496 1220 570 smrsnmanunucmoms
1297 453 1301 462 ’

333 643 420 705 valde
434 639 625 704 Felicitatem
639 642 677 702 nd
691 638 828 714 Externa
843 641 973 724 porrigit
988 662 1024 704 ac
1043 642 1145 704 nectit.
1163 641 1241 723 Qum
1261 642 1340 706 enim
1356 652 1392 707 ἑυ-

332 760 428 832 τυχίαν
443 748 529 810 illam
547 747 605 810 sibi
619 747 784 831 spondeat?
799 747 862 809 imo
877 748 960 810 addit
972 771 980 806 ι
994 773 1010 804 u
1022 746 1176 810 Virtutem
1193 761 1224 810 et
1238 746 1394 812 Scientiam

331 857 363 917 in
383 855 496 932 nobis,
521 875 556 917 ac
577 867 682 916 nostra
696 867 864 936 potestate,
883 875 971 926 esse3
992 852 1192 932 Successum,
1213 875 1275 916 non
1295 877 1366 918 esse.
1380 885 1393 908 ι»

331 962 424 1045 Quod
437 982 509 1024 vere
525 960 633 1023 dicitur
649 982 656 1020 :
672 981 746 1043 ergo
757 973 787 1022 et
799 959 892 1037 illud,
903 981 961 1023 nec
968 956 1158 1023 Felicitatem
1172 961 1203 1022 irl
1218 961 1306 1024 nobis
1317 985 1393 1034 esse,

331 1090 389 1153 pro
413 1067 531 1132 Scholae
549 1069 614 1152 ejus
629 1081 740 1128 mente.
762 1064 846 1148 Quid
865 1079 966 1128 autem
986 1063 1190 1130 Aristoteles?
1208 1069 1325 1130 fortiter
1339 1071 1394 1130 baec

330 1175 465 1238 defendit
481 1199 489 1234 ε
506 1188 537 1237 et
550 1173 654 1236 scribit
669 1194 677 1232 ε
692 1169 906 1236 «Felicitatem
918 1192 981 1234 non
996 1173 1025 1234 in
1042 1170 1236 1236 Possessioue
1249 1219 1257 1251 ,
1271 1178 1324 1236 sed
1335 1174 1396 1236 Usu

330 1280 482 1355 Virtutis,
498 1299 596 1362 neque
611 1281 642 1341 in
655 1277 785 1355 Habitu,
799 1282 853 1341 sed
866 1277 994 1342 Actione
1009 1301 1108 1342 essen
1123 1279 1160 1353 (·l
1171 1279 1271 1344 Ettic.
1280 1280 1395 1344 Nicom.

330 1408 396 1472 cap.
410 1387 430 1451 8
445 1401 476 1449 et
488 1387 595 1465 alibi.)
605 1385 648 1449 At
658 1387 753 1447 nostri
767 1407 803 1448 ex
815 1387 963 1448 diametro
975 1400 1161 1470 repugnant,
1178 1402 1209 1450 et
1222 1417 1237 1442 α
1247 1389 1331 1451 Zeno
1341 1391 1398 1473 pri-

330 1517 419 1573 mus,
435 1494 478 1556 ait
487 1491 616 1569 Cicero,
632 1512 694 1554 non
707 1491 837 1554 Virtutis
854 1491 954 1554 Usum
967 1495 1079 1569 modo,
1097 1509 1130 1556 ut
1142 1496 1334 1578 superiores,
1349 1499 1397 1558 sed

329 1603 430 1684 ipsum
440 1599 590 1662 Habitum
598 1621 655 1684 per
667 1621 700 1662 se
712 1621 777 1662 esse
789 1599 969 1683 praeclarum
980 1601 1129 1663 disseruit.
1139 1601 1170 1662 N
1172 1623 1206 1664 ec
1217 1615 1320 1664 tamen
1331 1603 1399 1662 Vir-

328 1713 423 1770 tutem
440 1707 580 1789 cuiquam
591 1709 717 1783 adesse,
735 1706 807 1788 qulu
822 1725 857 1767 ea
872 1727 994 1789 semper
1009 1720 1176 1770 uteretur.»
1192 1707 1398 1790 (lAcadem.)

327 1813 424 1876 Vides
434 1814 533 1898 ipsum
544 1815 685 1875 Habitum
696 1835 789 1896 perse
802 1813 941 1892 laudari,
957 1828 988 1876 ct
1001 1814 1042 1875 ab
1052 1835 1090 1876 eo
1100 1814 1254 1877 Virtutem
1265 1817 1398 1878 censeri?

327 1919 444 1985 Seneca
460 1935 563 1984 noster
581 1941 588 1979 ε
609 1919 794 1982 «Summum
807 1919 928 1982 llonum
946 1921 977 1980 in
992 1921 1058 2005 ipso
1072 1919 1195 1984 Judicio
1208 1935 1271 1998 est,
1288 1921 1399 1984 etlla-

217 2055 219 2064 ’
327 2025 392 2088 bitu
406 2027 528 2110 optimae
544 2027 664 2088 mentis.
677 2055 691 2080 n
708 2025 852 2106 (DeVit.
869 2024 957 2090 Beat.
968 2049 994 2091 c.
1008 2027 1168 2112 9.)Atque
1182 2029 1255 2091 alibi
1270 2053 1279 2089 r
1294 2057 1310 2084 α
1320 2029 1400 2112 Quid

326 2149 372 2196 est
384 2133 511 2196 Virtus?
533 2135 677 2217 judicium
695 2155 802 2196 verum
822 2148 853 2196 et
867 2135 1061 2196 immotum.»
1076 2132 1161 2219 (Ep.
1174 2141 1296 2216 nxxtt.)
1312 2135 1403 2218 Quod

326 2252 371 2302 est
387 2261 405 2301 a
420 2236 608 2318 Pmdeotia,
633 2253 663 2302 et
683 2239 745 2303 baec
765 2262 784 2302 a
805 2239 949 2302 Scientia.
968 2239 1147 2305 Plutarchus
1173 2244 1250 2305 inter
1272 2241 1399 2307 Stoica:

327 2373 342 2402 u
356 2343 439 2426 Quid
453 2360 498 2408 est
511 2345 654 2408 Bonum?
669 2367 731 2407 non
745 2346 826 2409 aliud
836 2369 927 2429 quam
937 2346 1100 2410 Prudentia
1112 2375 1120 2422 ;
1133 2351 1205 2432 quid
1214 2349 1403 2414 Prudentia?

324 2471 387 2513 non
409 2451 491 2513 aliud
512 2473 604 2534 quam
617 2449 758 2514 Scientia.
771 2481 786 2507 n
807 2450 881 2536 (De
898 2451 1062 2516 Commun.
1079 2453 1176 2534 Not)
1193 2453 1235 2517 Et
1252 2477 1323 2538 quae
1339 2456 1403 2516 brec

323 2555 476 2635 Scientia,
495 2580 554 2640 qua
567 2556 684 2622 Seneca
701 2559 823 2642 aperit:
842 2587 858 2615 a
876 2559 948 2623 Una
961 2582 997 2623 re
1012 2576 1238 2624 consummatur
1256 2563 1402 2637 animus,

322 2662 453 2727 Scientia
468 2665 620 2727 bonomm
641 2685 677 2729 ac
693 2665 846 2726 malorum
866 2665 1090 2728 immutabiliin
1109 2665 1403 2750 (Ep.1.xxxv111.)

322 2771 389 2833 lmo
401 2770 494 2834 Stoici
507 2801 521 2828 o
534 2773 564 2833 in
579 2771 652 2835 solis
662 2770 832 2834 Virtutibus
845 2771 944 2834 inesse
957 2769 1137 2845 Scientiem;
1154 2772 1301 2836 stabilem
1313 2786 1405 2855 atquc

322 2880 543 2943 immutabilem
557 2895 712 2945 censent»
730 2878 815 2965 (Cic.
825 2881 882 2944 IV.
897 2879 1012 2960 Acad.)
1027 2880 1110 2944 Nota
1127 2883 1233 2966 saepius
1250 2886 1294 2945 de
1309 2883 1405 2944 stobi-

320 2989 411 3047 b'tute.
425 2987 529 3066 Nam,
545 3002 579 3050 ut
592 2989 664 3051 alibi
679 3003 782 3051 noster
796 3010 803 3048 :
818 3016 833 3044 «ι
843 2987 948 3052 Semel
960 2989 1060 3051 traditi
1069 2988 1150 3051 Boni
1164 3004 1319 3074 perpetua
1336 3013 1406 3074 pos-

320 3095 415 3154 sessio
435 3109 489 3156 est.
506 3093 578 3157 Non
596 3097 757 3160 dediscitur
769 3094 876 3158 Virtus
890 3125 905 3151 u
922 3093 1003 3180 (Ep.
1013 3095 1060 3178 ι.)
1077 3119 1084 3153 ε
1109 3110 1139 3157 et
1152 3096 1296 3180 pluscula
1312 3099 1407 3160 addit.

318 3196 424 3262 Firma
437 3199 527 3284 igitur
541 3200 603 3265 baec
617 3200 749 3266 Scientia
760 3227 768 3277 ς
779 3203 948 3283 iterumque
962 3200 1119 3266 Senecae«
1129 3203 1264 3266 Beatum
1280 3205 1362 3267 illud
1374 3207 1406 3265 in

318 3327 379 3370 uno
390 3308 459 3370 loco
472 3308 604 3391 positum
618 3321 680 3385 est,
696 3309 727 3370 in
743 3309 807 3392 ipsa
817 3308 923 3372 Mente
938 3354 947 3386 ,
961 3310 1084 3385 stabile,
1096 3312 1232 3394 grande,
1252 3313 1409 3394 mquid-

319 3414 382 3476 lum
400 3437 408 3475 t
426 3417 508 3496 quod
521 3415 584 3476 sine
598 3411 731 3476 Scientia
750 3414 921 3476 divinorum
935 3414 1197 3498 humanorumque
1215 3437 1285 3478 non
1304 3431 1408 3502 potest

317 3521 404 3584 effici.
417 3549 431 3576 u
445 3519 518 3606 (Ep.
532 3523 656 3599 nxxtv.)
665 3519 774 3602 Neque
787 3519 846 3582 alia
860 3532 962 3582 mente
973 3518 1133 3584 Socrates:
1149 3520 1288 3585 «Unum
1304 3526 1411 3586 solum

316 3627 455 3706 Bonum,
466 3627 631 3691 Scientiam
640 3649 705 3690 esse
716 3653 725 3698 t
736 3647 830 3688 unum
840 3626 939 3688 solum
947 3625 1067 3689 Malum
1077 3627 1240 3691 inscitiam.
1253 3657 1272 3684 ι
1282 3627 1411 3712 (Laert.

316 3732 345 3793 in
360 3731 583 3816 Socr.)1taque
598 3735 630 3795 in
644 3731 782 3809 Habitu,
801 3731 833 3792 in
844 3729 993 3805 Scientia,
1008 3734 1040 3794 in
1054 3731 1161 3796 Mente
1176 3747 1221 3796 est
1236 3733 1315 3819 ipsa
1329 3737 1411 3799 Vir-

314 3852 382 3900 tus:
396 3842 450 3901 etsi
465 3853 498 3902 ut
512 3861 603 3924 supra
617 3835 728 3902 Cicero
743 3836 854 3915 ,utitur
876 3858 912 3898 ea
934 3858 1073 3921 semper,
1094 3837 1223 3922 Sapiens
1245 3885 1257 3917 ,
1276 3843 1345 3906 nisi
1360 3857 1411 3905 ta-

314 3961 384 4001 men
406 3941 454 4018 vi,
483 3963 576 4017 casu,
600 3954 651 4003 ant
673 3960 763 4003 causa
785 3939 955 4022 impeditur.
978 3937 1062 4021 Quid
1087 3954 1176 4016 tum,
1204 3942 1230 4004 si
1258 3967 1362 4009 mens
1381 3960 1414 4008 et

314 4046 450 4109 voluntas
470 4049 577 4112 adest?

515 4211 523 4225 .
533 4209 539 4223 .
549 4208 555 4223 .
565 4209 572 4224 .
581 4203 589 4223 ι
598 4207 605 4222 .
614 4207 621 4224 .
631 4207 638 4222 .
654 4170 842 4243 Laudandaque
855 4171 922 4224 velle

510 4255 632 4322 sitatis,
647 4267 671 4308 ct
681 4275 819 4327 numquam
830 4275 944 4310 successu
956 4269 1047 4309 creseat
1059 4257 1201 4310 Honestum
1212 4276 1220 4310 a

311 4381 430 4447 utCato
443 4384 541 4466 ,apud
551 4381 707 4447 Lucanum
717 4381 801 4465 (Lib.
812 4383 884 4464 lx.)
902 4391 971 4469 μάλα
982 4400 1097 4459 troarne
1110 4387 1207 4471 (valde
1223 4391 1352 4474 Stoice)
1368 4394 1415 4457 cl-
