2894 4954
434 495 607 562 CAPUT
635 495 703 562 lx.
1040 498 1104 564 323

64 635 92 682 et
108 621 298 711 ignominia,
323 637 357 691 et
377 647 490 694 rerum
506 626 636 694 eversio
650 605 860 692 adhibetur?
879 622 966 692 malo
982 624 1106 702 malum

64 739 247 826 opponitur:
261 739 498 810 Amueacamua
510 765 593 834 crgo
610 763 745 810 omnare
761 763 859 832 pocae
874 740 951 808 aine
966 741 1103 834 populo,

67 867 95 914 et
110 853 206 922 servia
228 855 445 948 paucioribus
461 858 607 944 aerviri,
639 871 673 924 et
692 871 801 924 vestes
820 878 942 948 parare
962 857 996 924 iu
1017 856 1110 948 quod

66 965 194 1038 inventa
207 987 303 1055 tunt,
321 972 475 1042 habitare
491 976 708 1042 contractius.
724 975 799 1040 Nou
817 973 966 1042 incursu
981 987 1110 1044 tanturn

66 1083 207 1178 Circique
225 1091 429 1173 certamine,
445 1089 506 1157 aed
524 1091 560 1158 iu
576 1091 631 1160 bio
648 1090 766 1184 apatiia
782 1090 859 1158 vitae
880 1090 1024 1158 iuteriua
1047 1091 1111 1159 flc-

65 1197 206 1268 utendum
223 1217 275 1270 cat
285 1208 308 1270 ¹.
325 1201 519 1272 Studiorum
531 1227 687 1296 quoque,
705 1227 781 1296 quae
796 1203 1031 1274 liberalissima
1046 1205 1111 1272 im-

65 1335 156 1403 pensa
166 1335 242 1396 eat,
263 1317 390 1388 tamdiu
405 1321 571 1388 rationem
591 1320 743 1403 babebo,
778 1319 942 1414 quamdiu
960 1319 1109 1390 modum.
1158 1400 1161 1408 Α

64 1427 131 1518 Quo
149 1433 228 1502 mibi
250 1435 514 1502 innumerabiles
532 1433 636 1504 libroa
650 1451 684 1502 et
702 1434 948 1517 bibliothecas,
968 1461 1112 1529 quarum
1138 1449 1154 1512 4

63 1539 203 1616 domiuus
221 1551 278 1618 rix
296 1565 364 1617 tota
375 1551 445 1618 vita
465 1573 524 1618 aua
544 1550 697 1620 indicea²
718 1549 892 1644 perlegit?
910 1551 1042 1623 Onerat
1058 1549 1113 1618 di·

63 1677 197 1731 scentem
216 1666 337 1747 turba,
358 1691 428 1734 non
443 1667 582 1734 iustruit
596 1693 604 1733 ι
619 1665 792 1758 multoque
812 1667 916 1734 satius
933 1683 985 1734 eat
996 1669 1115 1760 paucio

63 1783 295 1851 teauctoribua
318 1783 473 1864 tradere,
494 1807 595 1876 quam
613 1805 730 1850 errare
752 1805 815 1876 per
836 1778 995 1851 multoa³.
1017 1785 1116 1878 Qua-

63 1891 230 1990 dringenta
243 1900 349 1968 millia
361 1900 530 1968 librorum
540 1897 753 1968 Alexandria
763 1916 940 1983 aruerunt,
955 1901 1118 1994 pulcher-

64 2012 171 2082 rimum
187 2018 292 2110 regim
310 2018 491 2111 opulentiae
511 2017 886 2102 monumentmn3alii1a
905 2017 1114 2103 laudaverit,

64 2129 139 2196 aicut
157 2134 293 2214 Livius,
313 2134 372 2224 qui
386 2132 563 2224 elegantiae
581 2157 699 2226 regum
713 2156 872 2225 curaeque
885 2135 1063 2227 egregium
1082 2136 1117 2202 id

64 2266 136 2334 opus
151 2248 198 2314 ait
211 2249 314 2316 luisse
326 2243 352 2315 ⁴.
367 2251 442 2315 Non
462 2247 526 2316 luit
543 2247 712 2341 elegantia
731 2247 840 2332 illud,
859 2265 918 2318 aut
930 2275 1033 2333 mara,
1056 2252 1115 2319 aed
1143 2265 1157 2314 5

63 2358 196 2428 studiosa
223 2361 357 2429 luxuria
381 2387 388 2426 :
417 2362 517 2428 immo
543 2386 587 2428 ue
606 2362 754 2431 studiosa
773 2364 933 2455 quidem,
956 2368 1114 2458 quoniam

62 2499 117 2544 uon
145 2480 179 2545 in
206 2476 377 2558 studium,
399 2477 459 2544 sed
488 2479 523 2544 iu
550 2479 776 2570 spectaculum
806 2500 1111 2573 comparaveruut:

61 2590 135 2660 aicut
146 2593 339 2686 plerisque,
356 2593 485 2685 ignaria
502 2593 601 2660 etiam
619 2593 790 2662 servilium
807 2590 1015 2680 literarum⁵,
1035 2597 1113 2666 libri

59 2795 93 2845 cui
100 2796 190 2868 aliquid
200 2799 300 2852 bonnm
308 2800 423 2850 mntem
432 2791 556 2869 ,alicujus
605 2795 679 2846 Pout.
693 2795 733 2848 El.
748 2795 893 2862 1111,7.Sic
904 2810 929 2848 et
942 2795 1113 2865 Scbwmiut,

59 2872 118 2927 bono
128 2889 151 2928 ct
163 2877 305 2930 commodis
316 2876 458 2950 invigilare.
607 2870 742 2924 Alldotfin·
760 2873 821 2926 olim
838 2876 980 2946 professor,
998 2875 1026 2928 in
1038 2896 1114 2949 opere

91 2955 302 3008 clientarum
305 2991 343 3006 .....
343 2955 374 3024 fl
371 2957 502 3007 “tendum
511 2963 557 3006 ert.
605 2950 695 3003 ruodo
710 2951 874 3005 ornamenti·
885 2951 972 3006 libror.
987 2952 1115 3027 iuterpre-

61 3029 105 3096 Qui
124 3032 150 3084 in
169 3033 208 3086 bis
231 3032 409 3086 conaminibus
429 3031 557 3084 curulibus
605 3043 669 3084 tatus
686 3044 730 3082 cst.
746 3032 831 3084 Etiam
849 3032 879 3086 tle
897 3033 1013 3106 catalogo
1031 3033 1115 3086 libro·-

60 3106 151 3161 vincere
161 3110 259 3173 vellet,
271 3110 324 3182 ejus
335 3109 495 3161 comacina
506 3127 557 3159 me·
605 3128 661 3160 rum
674 3107 808 3182 intelligar.

62 3197 105 3236 tun
120 3191 130 3254 (
138 3209 233 3242 conum
245 3189 325 3242 imum
342 3188 370 3240 in
385 3189 456 3261 apina
473 3185 557 3252 Circi,
640 3183 663 3239 3.
674 3186 815 3240 Paneion...
825 3188 1033 3260 multos.Gl.Ep.
1042 3207 1065 3242 a.
1074 3188 1116 3242 sie

61 3265 97 3320 τὴν
107 3268 208 3335 ἐσχάτην
220 3269 318 3331 στήλην,
328 3285 367 3340 ap.
374 3265 492 3338 Sopbool
500 3283 559 3316 mox
607 3262 690 3323 aiunt3
698 3267 777 3317 timeo
787 3269 876 3318 virum
887 3270 965 3318 auius
976 3267 1052 3318 lebria

61 3340 226 3408 laudandum
247 3343 282 3396 ib.
300 3343 405 3410 Scbol.)
422 3341 559 3395 flectendus
635 3341 1118 3418 4.Quadringmta...suissc.lutelligit

61 3435 120 3484 erat,
132 3443 165 3475 ne
174 3410 184 3486 ,¹
192 3423 239 3495 qui
248 3433 407 3494 sequeretur,
416 3421 481 3472 inter
489 3419 560 3494 prio·
608 3421 757 3474 incendium
769 3423 929 3478 bibliothecae
941 3425 968 3476 iu
979 3443 1117 3496 oppugna-

59 3501 181 3552 remilium
194 3513 321 3554 etinctum
333 3519 434 3552 cunum
444 3499 560 3574 dirigeu-
608 3500 676 3552 tione
700 3501 861 3556 Alexandriae
884 3522 898 3554 a
920 3503 990 3556 Julio
1021 3503 1116 3558 Cartare

59 3571 558 3646 dopraerertaret.llincintcrior,ratione
608 3579 680 3630 lacta.
694 3579 745 3630 Dio
760 3580 829 3632 Casa.
839 3580 884 3632 lib.
904 3579 985 3642 Xbll,
1001 3599 1054 3652 cap.
1066 3581 1115 3644 38,

58 3664 121 3704 meta,
135 3653 238 3717 babita',
252 3673 337 3706 cursus
348 3665 457 3705 vocator.
468 3653 518 3703 Res
530 3671 559 3703 ex
608 3655 643 3706 ib.
657 3656 738 3728 intpp.
751 3657 845 3728 Magna
859 3675 913 3728 para
928 3656 1004 3708 arsit:
1021 3655 1118 3726 reliqna

57 3727 151 3782 Homer.
170 3731 202 3784 ll.
226 3733 263 3801 ψ,
287 3731 352 3794 3ιι,
372 3750 423 3800 req.
440 3729 559 3803 Sopbocl.
609 3732 1117 3804 pastCbriat.uat.bdo.Ci.Tiedemauu.

57 3803 164 3874 Electra,
177 3827 245 3874 7²⁰t
263 3829 301 3879 sq.
316 3808 414 3860 lirnul.
431 3806 559 3862 Theocrit.
608 3811 651 3864 lib.
665 3811 711 3872 lV,
724 3831 781 3884 pag.
795 3832 807 3879 7
819 3849 826 3875 ,
838 3831 892 3884 sqq.
905 3813 991 3866 Livius
1007 3813 1055 3866 boc
1071 3813 1119 3866 iu-

55 3887 95 3948 24,
109 3905 151 3956 ¹¹7
163 3927 171 3954 ‚
182 3889 318 3959 rq.llorat.
330 3888 374 3940 lib.
383 3889 410 3952 l,
423 3887 474 3938 Od.
488 3907 515 3951 r,
528 3888 557 3952 4,
608 3887 729 3942 cendinm
736 3903 911 3954 enarraverat,
923 3890 966 3944 lib.
979 3909 1023 3944 tra
1031 3931 1040 3956 ,
1050 3911 1119 3944 nunc

56 3975 109 4014 nota
126 3978 169 4019 cat.
182 3967 327 4019 'snmlatio
346 3965 560 4018 iudelocutioni-
610 3967 748 4039 deperdito.
771 3969 845 4022 Coul.
866 3969 938 4024 Flori
962 3971 1073 4044 Epitom.
1095 3985 1120 4024 et

56 4037 97 4090 bus
111 4061 174 4116 repe
186 4043 229 4097 usi
241 4057 299 4097 aaut
312 4056 415 4097 veteru.
431 4044 473 4097 Cl.
490 4045 561 4096 Tor·
610 4044 768 4098 Freinshem.
782 4047 912 4121 Supplcm.

57 4117 159 4174 nabad
172 4124 263 4177 Horat.
276 4125 301 4187 l,
313 4123 375 4195 Epp.
388 4137 447 4185 Μ,
460 4143 499 4193 79.
644 4127 665 4176 5.
680 4123 821 4178 Servilium
832 4129 977 4180 literarum.
993 4126 1063 4194 Quae
1079 4125 1120 4178 vel

89 4214 109 4246 ²·
129 4199 244 4254 Iudices.
262 4202 334 4269 Quos
352 4200 412 4252 alias
429 4200 514 4252 titulos
532 4199 562 4251 li·
610 4200 780 4265 aorvisciunt,
790 4215 819 4254 ut
828 4202 911 4275 legere
922 4241 930 4266 ,
941 4203 1063 4267 scribere,
1074 4215 1121 4256 etc.

61 4273 156 4330 brouun
169 4280 309 4340 vorabant,
325 4301 346 4330 c·
361 4299 382 4330 c.
398 4277 474 4330 ovid.
490 4280 524 4330 lv
534 4299 562 4330 ex
612 4277 757 4330 liberalibus
775 4280 908 4333 manifesto
925 4283 1036 4354 opponit.
1053 4280 1123 4354 Spe-
