2926 4958
246 413 315 482 ul)
339 413 509 483 STOIC.
534 415 740 484 PHILOS.
767 416 869 486 Llll.
895 417 972 486 111.
1056 421 1159 492 clxxv

81 569 123 616 tes
130 555 280 616 extendat.
290 553 446 620 Sententia
460 557 555 618 altera
568 557 599 617 in
609 553 799 643 Chrysippo,
814 586 829 614 s
841 559 878 624 ln
890 579 983 644 opere
995 573 1026 622 et
1040 563 1158 626 actione

81 682 261 724 concurrere
278 683 315 738 ac
327 663 460 726 misceri.
479 691 495 717 u
514 661 585 729 Hoc
598 663 639 726 ita
655 661 766 728 Cicero
784 693 799 720 u
816 689 824 726 ε
840 663 945 746 erm
958 666 1001 728 sic
1013 668 1158 750 copulatae

81 789 281 850 connexaeque
292 768 352 830 sint
361 768 497 834 Virtutes
507 814 517 847 ,
528 785 561 832 ut
572 793 679 842 onmes
691 773 827 837 omnium
840 773 1004 856 participes
1014 775 1089 852 sint,
1101 796 1160 838 nec

80 877 135 938 alia
147 877 187 938 ab
201 875 265 938 alia
279 875 375 959 possit
384 877 520 960 separari
532 921 541 952 ,
554 890 656 945 tamen
668 879 826 961 proprium
839 899 926 942 suum
937 882 1079 963 cujusque
1090 903 1157 947 rust-

79 1003 130 1043 nus
142 995 209 1055 est;
226 995 262 1044 ut
273 979 435 1045 Fortitudo
447 983 478 1043 in
492 981 648 1054 laboribus
657 983 724 1066 peri
741 984 878 1067 culisque
893 999 1052 1063 cernatur,
1065 986 1159 1051 Tem·

81 1090 214 1172 perantia
237 1089 269 1150 iu
285 1089 506 1172 voluptatibus,
524 1086 688 1164 Prudentia
707 1089 738 1152 in
760 1091 887 1156 delectu.
903 1117 920 1148 s
932 1089 945 1172 l
955 1091 988 1154 V
1000 1091 1052 1158 De
1063 1090 1158 1172 Pin.)

79 1194 118 1257 Et
125 1210 233 1260 noster
245 1196 338 1258 etiam
350 1198 456 1258 doctor
466 1196 598 1278 apertius
612 1219 620 1256 a
635 1223 650 1250 α
665 1192 770 1278 Quum
779 1197 887 1280 aliquis
900 1197 1019 1262 sortiter
1027 1201 1155 1283 patitur,

80 1301 219 1364 omnibus
233 1301 405 1364 Virtutibus
420 1302 513 1367 utitur
530 1300 677 1378 sonasse,
695 1324 787 1384 quum
807 1325 867 1366 una
886 1304 917 1369 itt
938 1320 1082 1390 promptu
1096 1307 1154 1383 sit,

78 1410 271 1490 maximeque
284 1420 440 1492 appareat,
453 1405 610 1472 Patientia.
623 1405 775 1473 Caeterum
787 1409 850 1472 illic
861 1425 906 1474 est
917 1408 1075 1478 Fortiurdo
1088 1437 1095 1474 ε
1107 1435 1158 1478 cu-

78 1515 121 1595 jus
130 1513 283 1576 Patientia
293 1528 324 1576 et
337 1513 515 1598 perpessio,
530 1528 561 1577 et
573 1514 750 1578 Tolerantia
765 1515 845 1579 rasni
855 1531 932 1582 sunt.
946 1516 1014 1584 lllic
1024 1532 1070 1584 est
1078 1517 1158 1584 Pru-

78 1623 198 1700 dentia,
215 1621 282 1684 sine
298 1641 357 1703 qua
368 1619 486 1686 nullum
500 1619 593 1686 initur
606 1621 766 1686 comiliuns
781 1645 788 1681 a
803 1644 868 1704 quas
882 1627 1003 1701 suadet,
1020 1627 1101 1706 quod
1115 1626 1158 1690 es-

78 1729 180 1812 ingere
191 1751 256 1791 non
276 1727 396 1811 possis,
413 1749 505 1809 quam
523 1726 687 1790 fortissime
701 1727 793 1790 serre.
809 1728 877 1792 Illic
897 1744 943 1794 est
955 1727 1154 1813 Constantia,

78 1859 139 1918 qua
152 1836 245 1920 deiici
258 1835 328 1900 loco
340 1857 402 1897 nun
413 1835 516 1918 possit.
528 1833 596 1898 Illic
612 1849 658 1898 est
670 1836 839 1902 individuus
852 1836 904 1899 ille
917 1839 1076 1902 comitatus
1083 1839 1157 1903 Vir-

79 1959 184 2008 tutum.
202 1943 361 2026 Quidquid
376 1942 501 2007 honeste
519 1943 570 2012 lit.
591 1964 652 2004 una
673 1942 779 2006 Virtus
795 1944 883 2022 sacit,
905 1947 959 2008 sed
980 1948 1017 2010 de
1038 1947 1156 2010 consilii

81 2052 235 2116 sententia.
255 2080 270 2104 n
285 2049 402 2135 (Epist.
418 2055 538 2128 uxvrr.)
552 2047 637 2135 Ergo
648 2049 706 2114 hac
718 2071 837 2133 quoquc
853 2066 939 2136 parte
955 2052 1035 2116 necti
1049 2054 1153 2127 vides,

79 2162 156 2240 quod
165 2159 198 2220 in
205 2156 336 2220 Actione
345 2156 596 2224 adminiculantur
604 2157 734 2222 invicem
746 2170 776 2222 et
784 2159 937 2220 adsistunt.
945 2156 1002 2222 Est
1010 2172 1040 2222 et
1050 2159 1155 2222 tertius

80 2287 192 2344 nexus,
210 2267 266 2329 sed
275 2263 562 2347 Peripateticorum,
580 2264 612 2326 in
628 2261 800 2326 Prudentia.
814 2261 852 2328 ln
868 2265 921 2328 illo
936 2266 1034 2350 oapite
1047 2287 1155 2330 omnes

79 2373 299 2436 conveniunt«
312 2370 446 2434 Necesse
458 2384 513 2447 ast,
528 2371 571 2434 ait
579 2369 754 2434 Alexander
759 2370 984 2458 Aphrodisaeus,
991 2372 1155 2436 habentem

79 2477 235 2544 Virtutem
248 2478 383 2561 aliquam
404 2476 582 2554 Moralem,
598 2477 714 2544 hahere
730 2491 762 2540 et
778 2477 989 2550 Prudentiam;
1007 2478 1157 2561 siquidem

80 2601 122 2648 est
133 2586 269 2650 Moralis
283 2584 390 2651 Virtus
401 2583 536 2648 effectrix
551 2605 675 2664 eorum,
692 2607 756 2666 quae
771 2585 893 2658 definita
908 2599 977 2648 sunt
990 2607 1008 2647 a
1021 2584 1157 2647 Pruden-

80 2693 117 2754 tia
128 2707 159 2754 ct
169 2705 256 2756 recta
269 2689 412 2756 Rasum.
424 2717 441 2746 a
456 2689 545 2770 (Lib.
557 2689 613 2754 lv.
626 2690 740 2773 Quaest.
753 2713 819 2776 cap.
833 2693 897 2769 aa.)
910 2690 1052 2772 Denique
1065 2691 1157 2754 Aris-

80 2800 186 2862 toteles
201 2821 240 2862 ca
253 2813 355 2862 mente
367 2799 410 2862 ait
424 2822 432 2859 ε
450 2825 467 2854 «ι
481 2795 601 2862 Electio
614 2820 678 2862 non
692 2813 737 2862 est
746 2813 845 2876 recta,
862 2800 927 2861 siue
941 2797 1103 2862 Prudentia
1116 2827 1131 2854 a
1145 2824 1152 2859 ι

79 2920 109 2968 at
122 2905 235 2970 Virtus
250 2906 283 2968 in
296 2901 456 2970 Electione
474 2905 617 2970 consistit
640 2904 745 2969 Habes
764 2909 927 2969 secundum
946 2906 1036 2991 igitur
1054 2905 1156 2970 Para-

78 3015 213 3090 dormn,
239 3011 295 3074 etsi
309 3011 450 3076 membro
473 3012 530 3074 isto
546 3011 642 3074 altero
660 3013 709 3074 vix
722 3013 795 3076 tale.
808 3011 892 3074 Nam
915 3025 945 3074 et
962 3009 1155 3096 Philosopbis
1185 3050 1191 3069 .

78 3121 146 3183 aliis
161 3141 274 3184 rerum
289 3131 354 3196 est,
372 3119 427 3182 etsi
440 3119 530 3202 rulgo
544 3139 657 3182 nortun
670 3133 722 3181 aut
733 3141 856 3182 vanum.

406 3335 754 3404 DISSERTATIO
786 3339 828 3401 V.

124 3483 183 3542 ΠΙ
199 3483 308 3543 Parca
323 3483 485 3564 Sapientem
501 3482 558 3541 sibi
569 3503 689 3562 parem,
708 3481 777 3540 etin
797 3479 910 3539 Gurcdio
922 3499 1031 3558 semper
1041 3498 1110 3536 esse.

113 3647 327 3712 Pmumxun
338 3669 408 3710 ecce
417 3648 556 3717 testitun:
567 3646 659 3710 etiarn
668 3649 705 3708 de
716 3639 1152 3728 Paritate,seupotius1lEque

78 3756 193 3822 bilitate
209 3756 240 3816 in
254 3775 315 3819 cmo
331 3751 484 3837 Sapiente.
501 3751 592 3818 Hunc
611 3766 749 3816 constare
764 3751 844 3828 sibi,
859 3751 891 3813 in
906 3751 1014 3814 eodem
1030 3770 1151 3834 semper

77 3865 170 3926 animi
192 3876 273 3926 statu
287 3873 318 3924 et
334 3875 440 3924 tenore
454 3873 577 3924 censent
591 3883 600 3921 a
616 3872 704 3941 atque
719 3881 756 3922 eo
774 3859 889 3943 optimo
903 3871 935 3920 et
949 3855 1149 3939 optatissimo,

78 3969 186 4044 idest,
205 3996 221 4022 s
245 3967 283 4030 ln
301 3967 410 4052 gaudio
427 3987 548 4050 semper
562 3985 639 4029 esse.
657 3993 672 4022 s
693 3963 775 4028 Rem
793 3965 969 4048 priusquam
984 3963 1149 4046 explicem,

79 4097 153 4157 opus
167 4075 287 4156 aliquid
301 4077 340 4136 de
354 4074 449 4138 verbo
468 4097 477 4133 ε
499 4074 580 4155 quod
595 4086 699 4134 tamen
715 4071 761 4134 illi
775 4070 955 4154 explicandus
974 4083 1064 4153 apte,
1090 4069 1152 4130 imo

80 4181 254 4246 necessario
266 4227 275 4256 ,
292 4179 479 4243 adhibeatur.
495 4179 677 4262 Augustinus
692 4203 698 4236 :
715 4205 729 4230 u
742 4175 847 4257 Quas,
861 4168 975 4258 inquit,
989 4173 1089 4240 Graeci
1102 4195 1155 4257 ap-

77 4290 193 4368 pellant
209 4281 374 4360 iuratust,
389 4283 495 4348 Latine
516 4299 617 4347 autem
637 4282 748 4348 Cicero
762 4283 944 4345 Curianus
967 4280 1153 4351 nominarit,
