2926 4958
265 471 307 516 ex
446 443 475 510 J.
504 442 667 512 LlPSll
692 441 1156 514 MANUDUCTIONIS

262 590 462 652 eontinentur.
479 611 494 638 a
510 580 565 660 (ll
577 582 628 646 lle
642 579 708 646 On.
723 596 753 646 et
767 581 814 644 lv
828 582 918 646 Tusa
927 588 941 662 )
951 581 1067 648 Seneca
1081 586 1145 646 iada
1157 586 1242 668 paria
1258 609 1266 644 :
1283 589 1344 648 nisi

262 697 345 778 quud
360 695 397 756 de
412 689 540 764 Cannu,
557 691 589 750 in
603 689 759 766 clausula,
786 705 889 754 censet
908 694 1138 754 removendum.
1153 719 1167 748 r
1183 691 1342 774 Quidam,

262 801 379 884 inquit,
394 797 582 881 Sapientiam
595 797 638 858 ita
655 795 814 875 finierunt,
828 810 861 858 ut
874 797 1011 860 dicerent
1022 819 1110 878 mm,
1125 800 1297 862 divinorum
1312 815 1353 862 et·

260 907 463 968 lamnanorum
486 903 651 967 scientiam.
671 931 686 956 n
707 901 841 984 Quidam
862 903 903 965 ita
921 928 929 961 ε
947 931 963 958 «ι
979 900 1136 988 Sapientia
1159 920 1227 982 est,
1249 927 1343 970 nosse

261 1013 362 1074 divina
374 1025 406 1073 et
415 1009 566 1083 humana,
580 1022 731 1070 eteorum
739 1029 863 1080 causam
878 1037 893 1062 n
904 1023 969 1071 tum
980 1011 1114 1094 adjungit
1126 1039 1141 1064 ιι
1156 1033 1343 1095 supervacua

260 1119 335 1182 milri
350 1119 466 1180 ridetur
478 1116 542 1179 haec
559 1114 707 1198 adjectio,
724 1116 794 1198 quia
816 1136 911 1179 causae
926 1117 1098 1179 divinorum
1120 1118 1344 1180 humanorum-

261 1249 318 1310 que
329 1240 430 1310 partes
444 1238 521 1287 suut
533 1251 549 1277 u
561 1225 668 1307 (Epist.
679 1226 824 1302 nxxxtx.)
838 1221 966 1287 Licebat
978 1226 1099 1303 dicere,
1116 1240 1146 1288 et
1158 1227 1189 1286 in
1203 1225 1357 1289 Scientiae'

262 1333 357 1395 verbo
373 1353 425 1394 eas
436 1329 593 1394 contineri.
603 1327 749 1393 Ceterum
768 1330 838 1413 ipsae
851 1331 914 1392 istae
924 1331 1115 1394 definitiones
1126 1353 1231 1395 omnes
1241 1334 1345 1396 stoice

262 1452 349 1502 sunt:
367 1452 398 1500 et
403 1435 582 1499 Plutarchus
596 1449 701 1519 aperte
713 1437 812 1498 tradit.
821 1464 836 1491 a
850 1435 945 1500 Stoici
957 1437 1089 1516 aiebant,
1097 1437 1284 1522 Sapientiam
1296 1441 1344 1501 di·

262 1548 404 1610 vinorum
419 1559 449 1607 et
462 1545 665 1607 humanorum
679 1545 836 1606 scientiam
851 1565 927 1607 esse.
943 1573 958 1600 ι»
973 1545 1019 1609 Ac
1033 1547 1135 1623 vides,
1151 1565 1208 1630 pro
1219 1545 1344 1610 Senecae

263 1667 363 1718 mente
377 1700 386 1732 ,
401 1653 499 1714 onaitti
513 1652 556 1713 ibi
572 1671 687 1714 causas
701 1649 779 1714 Sunt
790 1651 857 1712 aliae
870 1667 959 1734 atque
973 1652 1038 1714 aliae
1053 1654 1255 1731 definitiones,
1281 1675 1342 1738 pro

263 1762 407 1822 varietate
418 1757 580 1820 effectuum
588 1778 664 1839 quos
672 1757 812 1840 producit
823 1781 831 1814 τ
842 1771 876 1819 ut
882 1787 896 1812 u
909 1755 1064 1842 Sapientia
1073 1761 1342 1844 est,semperidem

264 1867 343 1929 velle
367 1887 403 1928 ac
418 1863 511 1926 nolle.
525 1889 540 1918 a
557 1862 655 1933 Item,
670 1890 686 1918 ι
705 1861 859 1946 Sapientia
876 1877 922 1926 est
943 1865 1070 1928 liberale
1091 1865 1240 1941 studium,
1259 1869 1343 1947 quod

264 1993 336 2033 vere
350 1971 464 2032 liberos
480 1970 550 2032 lacit
567 1993 581 2025 a
594 1967 680 2048 (Sen.
689 1967 749 2054 Ep.
761 1973 830 2047 xx.)
841 1995 849 2028 ι
859 1984 890 2032 et
896 1971 984 2054 plura
996 1972 1154 2054 ejusmodi,
1164 1972 1242 2034 lectu
1257 1987 1286 2034 et
1295 1973 1345 2034 in-

264 2077 386 2140 tellectu
399 2088 551 2160 prompta.
569 2073 649 2138 Illud
668 2079 833 2139 notandum
851 2092 881 2139 et
895 2079 1224 2160 excerpendum,quod
1236 2075 1344 2140 Scien-

265 2185 335 2246 tiam
349 2204 418 2245 eam
433 2181 578 2243 deliniunt
596 2205 602 2240 :
619 2182 682 2244 sive
691 2180 812 2258 Artem,
821 2180 977 2244 utSeneca
987 2181 1061 2244 alibi
1078 2210 1114 2242 t«
1126 2181 1277 2266 Sapientia
1289 2205 1343 2246 ars

266 2305 325 2366 est,
339 2303 455 2352 certmn
466 2288 550 2370 petit.
566 2315 580 2340 »ι
592 2284 705 2370 (Epist
716 2297 818 2366 xxtx.)
829 2287 1010 2350 Aristoteles
1020 2303 1179 2371 utrumque
1188 2291 1301 2373 junxit,
1311 2305 1344 2352 et

263 2397 336 2458 dixit
356 2416 425 2457 eam
448 2417 456 2451 ε
480 2421 494 2448 κ
514 2392 622 2455 Artem
637 2394 766 2464 artium,
787 2394 944 2456 scientiam
962 2395 1165 2458 scientiarmn.
1183 2425 1198 2450 »ι
1218 2395 1344 2458 Macro·

264 2505 331 2566 liius
352 2501 542 2564 transsumsit
563 2524 570 2558 :
592 2513 623 2562 et
638 2501 698 2576 ait,
724 2529 738 2554 ιι
751 2522 818 2563 rem
834 2521 983 2563 consensu
1004 2501 1128 2563 humani
1145 2505 1265 2587 generis
1282 2506 1345 2566 de-

263 2623 415 2674 cantatam
429 2623 459 2670 et
470 2607 637 2684 creditam,
653 2604 882 2690 Philosophiam
899 2621 996 2669 artem
1010 2629 1076 2670 esse
1093 2611 1223 2687 artium,
1240 2625 1269 2673 et
1280 2611 1344 2673 dis-

261 2717 406 2800 ciplinam
420 2714 656 2797 disciplinarum.
665 2741 679 2766 u
695 2711 771 2796 (Vll
783 2711 904 2776 Saturn.
915 2736 982 2797 cap.
994 2715 1033 2792 5.)
1047 2712 1138 2796 Quod
1148 2716 1343 2800 interpretari

261 2824 309 2888 vel
321 2845 376 2907 per
389 2819 599 2884 excellentiam
609 2818 699 2896 lieet,
715 2821 796 2900 quod
807 2842 898 2904 snper
910 2841 1017 2883 omnes
1029 2822 1160 2884 emineat
1176 2848 1182 2883 ι
1197 2822 1245 2886 vel
1256 2845 1273 2884 a
1285 2845 1343 2906 po-

260 2942 388 2998 testate,
403 2928 484 3007 quod
498 2925 610 2987 formet
630 2947 737 2987 omnes
757 2926 933 3010 dirigatque.
948 2924 1085 3004 Seneca,
1102 2931 1140 2990 de
1154 2926 1309 3013 Sapientia
1330 2955 1340 2991 ε

263 3065 278 3091 u
294 3033 453 3098 Artificem
467 3031 551 3094 vides
562 3032 648 3108 vitae,
667 3031 742 3123 alias
758 3046 840 3094 artes
855 3033 912 3095 sub
927 3035 1063 3096 dominio
1076 3035 1176 3099 habet.
1190 3034 1273 3099 Nam
1290 3039 1343 3099 cui

261 3143 342 3216 vita,
359 3139 404 3200 illi
414 3138 480 3200 vitae
493 3157 612 3220 quoque
624 3151 802 3199 ornamenta
815 3139 959 3202 serviunt.
973 3168 988 3194 a
1003 3139 1124 3225 (Epist.
1137 3159 1187 3204 xc.
1198 3141 1209 3224 )
1220 3141 1277 3204 Fet
1286 3144 1344 3226 igi-

259 3265 309 3312 tur
319 3240 456 3312 Scientia'
466 3246 605 3330 proprie,
620 3267 678 3325 qua
692 3243 927 3330 Contemplatur
939 3273 947 3320 ;
960 3248 1021 3311 Ars
1036 3263 1102 3326 est,
1117 3273 1176 3333 qua
1188 3249 1269 3334 Agit.
1284 3249 1343 3313 Se—

261 3359 362 3441 quitur
375 3369 496 3430 autem,
509 3351 693 3414 Divinorum
705 3365 734 3414 et
746 3351 960 3417 limnanorum
972 3356 1128 3420 scientiam
1139 3379 1215 3420 esse.
1227 3356 1260 3420 Ο
1270 3379 1342 3420 rem

260 3463 415 3547 amplam,
429 3474 519 3541 atque
533 3460 610 3520 adeo
623 3459 769 3519 arduam!
786 3460 889 3541 quidni
906 3461 966 3522 sit?
986 3490 1001 3516 u
1019 3461 1133 3546 Magna
1154 3478 1185 3526 et
1206 3460 1342 3546 spatiosa

262 3592 332 3645 res,
348 3569 390 3630 ait
401 3579 515 3640 noster,
530 3561 707 3647 Sapientia:
722 3564 759 3626 dc
769 3561 890 3626 Divinis
900 3563 1111 3650 Humanisque
1122 3569 1307 3632 discendum.
1320 3597 1339 3623 κ

263 3663 382 3759 (Epist.
393 3671 568 3747 cxxxvtu.)
583 3667 697 3731 Divina
709 3684 811 3732 autem
820 3673 922 3755 primo
935 3697 943 3733 ε
957 3674 982 3735 si
992 3674 1166 3738 felicitatem
1176 3677 1342 3759 quaerimus

260 3783 427 3843 humanum
437 3776 662 3840 scilicetlinem.
674 3775 814 3860 'l'heages
829 3803 835 3836 :
855 3806 870 3832 «ι
883 3778 967 3840 Nam
978 3781 1176 3865 principium,
1189 3797 1218 3846 et
1228 3805 1339 3863 cansa,

263 3903 294 3952 et
309 3886 426 3970 vregula
451 3899 496 3946 est
509 3883 647 3945 hmnanae
671 3883 842 3962 felicitatis,
870 3887 1000 3970 cognitio
1025 3891 1342 3972 praestantissimarum

260 4016 365 4057 rerum
376 4006 407 4054 et
415 3990 592 4053 divinarum.
607 4019 622 4043 ι»
637 3989 687 4073 (ln
702 3989 786 4053 Stob.
797 3989 897 4054 Serm.
912 3991 951 4078 l.)
962 3992 1062 4077 Atque
1073 3997 1174 4074 etiam,
1185 4000 1211 4060 si
1217 3999 1344 4062 Verita-

262 4116 325 4164 tem
334 4097 504 4180 (plurimus,
521 4097 585 4158 sine
599 4117 658 4177 qun
667 4093 824 4179 Sapientia
840 4120 902 4160 non
919 4101 1055 4163 consistit
1072 4102 1227 4166 :uVeritas
1241 4106 1340 4183 enim,

257 4223 291 4268 ut
302 4221 331 4268 et
342 4203 484 4266 Graecum
498 4223 610 4265 nomen
625 4206 778 4282 (alioue)
788 4205 916 4282 indicat,
939 4207 1020 4270 circa
1037 4207 1124 4272 Deos
1135 4225 1287 4284 versatur,
1307 4230 1342 4276 et

257 4316 396 4379 Deorum
413 4311 617 4372 immortalem
627 4312 787 4373 actionem.
799 4341 813 4365 u
823 4311 858 4395 (J
860 4313 1000 4377 amblich.
1010 4315 1041 4377 in
1056 4313 1140 4378 Stol).
1151 4316 1250 4380 Serm.
1262 4318 1341 4400 XI.)
