2900 4944
466 485 637 555 CAPUT
662 485 789 555 XXV.
1097 489 1163 554 525

95 615 222 682 veteris
247 614 344 682 lintei
365 611 533 697 ellluens,
552 614 733 684 incubabo.
761 613 857 707 Quid
875 637 958 708 ergo
981 629 1033 682 est
1050 616 1165 684 lmalo

95 733 179 826 quid
198 735 283 803 mihi
296 735 401 804 animi
422 737 466 804 sit
482 737 661 804 ostendere
685 751 904 830 pretextatus
917 751 952 802 et
967 733 1166 829 chlamyda-

95 863 161 920 tus¹
173 903 182 934 ,
195 875 297 944 quam
308 850 409 920 nudis
424 851 570 945 scapulis
579 867 638 919 ant
648 852 830 919 semitectis
839 861 867 916 ².
879 853 924 919 Ut
938 843 1068 918 omnes³
1081 850 1166 918 milri

94 967 169 1034 dies
182 991 225 1034 ex
242 983 319 1036 voto
339 965 484 1048 cedant,
503 990 598 1035 noste
613 966 855 1060 gratulationes
868 965 1041 1060 prioribus
1052 968 1168 1036 subte-

97 1099 223 1152 xantur
244 1112 253 1168 3
273 1109 342 1154 non
358 1082 401 1150 ob
420 1083 486 1151 hoc
506 1083 589 1151 milri
608 1083 762 1176 placebo.
787 1087 883 1152 Muta
901 1085 937 1151 in
961 1086 1168 1153 contrarium

97 1199 188 1268 hanc
199 1196 448 1291 indulgentiam
461 1199 621 1290 temporis
639 1225 648 1266 τ
663 1199 744 1267 hinc
760 1198 855 1266 illinc
868 1200 1079 1292 percutiatur
1092 1202 1169 1269 ani-

100 1341 199 1397 mus,
224 1313 369 1396 damno,
404 1315 518 1396 luctu,
547 1315 797 1382 incursionibus
824 1315 948 1398 variis,
975 1315 1069 1386 nulla
1096 1339 1169 1384 om·

97 1435 182 1524 nino
201 1433 287 1500 hora
306 1433 381 1500 sine
399 1431 514 1524 aliqua
536 1431 678 1524 querela
702 1431 773 1499 sit:
794 1454 867 1499 non
886 1429 964 1500 ideo
982 1455 1036 1500 me
1060 1431 1170 1502 dicam

96 1553 192 1618 inter
218 1549 405 1616 miserrima
437 1549 622 1632 miserum,
654 1571 722 1614 non
752 1545 830 1615 ideo
849 1547 997 1639 aliquem
1017 1573 1171 1617 exsecra·

97 1667 164 1734 bor
182 1662 295 1748 dicmg
317 1665 488 1761 provisum
511 1681 562 1732 est
587 1665 678 1730 enim
701 1686 721 1729 a
741 1687 812 1742 me,
833 1687 878 1731 ne
896 1665 973 1755 quis
992 1663 1075 1732 mihi
1096 1682 1171 1732 ater

98 1771 308 1850 dieseoeti.
322 1779 421 1871 Quid
433 1803 515 1874 ergo
526 1781 606 1847 cst?
620 1778 705 1846 malo
722 1778 845 1871 gaudia
859 1793 1049 1872 temperare
1067 1785 1170 1872 qnam
1195 1810 1212 1875 4

98 1894 237 1962 dolores
255 1915 483 1985 compescere.
513 1893 585 1959 Hoc
601 1891 663 1958 tibi
683 1890 741 1958 ille
764 1891 918 1960 Socrates
936 1891 1054 1988 dicett·
1070 1920 1085 1956 a
1103 1895 1172 1961 Fac

99 2033 157 2078 me
174 2009 338 2076 victorem
355 2008 589 2075 universarum
609 2007 785 2099 gentium
808 2004 972 2074 delicatus
987 2001 998 2044 ⁵
1013 2005 1091 2076 ille⁶
1112 2011 1171 2076 Li·

99 2125 179 2194 beri
197 2147 320 2192 currus
339 2122 603 2215 triumphantem
622 2121 790 2212 usquead
809 2122 946 2191 Thebas
968 2124 1082 2192 asolis
1096 2140 1183 2192 ortu‘

100 2241 227 2310 seirat⁷
243 2269 252 2325 ς
268 2241 348 2332 jura
362 2261 461 2331 reges
473 2225 672 2306 Persarum⁸
692 2253 809 2330 petsnt
827 2265 834 2304 :
851 2262 905 2306 me
916 2239 1086 2308 hominem
1100 2265 1173 2308 esse

102 2439 132 2490 in
155 2435 230 2489 Circo
248 2435 318 2488 lectis
334 2433 526 2487 indormierant
546 2431 616 2484 blar-
700 2453 722 2482 α.
741 2432 798 2485 Aut
813 2436 956 2486 semitectis.
979 2433 1092 2487 Eeodd.
1109 2433 1174 2487 bene

100 2514 159 2568 siat.
169 2513 240 2578 xw,
254 2514 312 2585 159,
330 2511 384 2564 sbo-
666 2509 730 2562 eruit
742 2510 848 2582 Lipsius.
859 2511 908 2584 Ap.
919 2511 1051 2563 Eresmnm
1061 2511 1158 2565 desunt·

142 2613 162 2646 s.
180 2594 362 2646 mucram
379 2598 404 2641 et
419 2587 614 2656 chlamydatus.
700 2583 723 2638 3.
739 2585 943 2639 nemete.
956 2587 1065 2640 etiamsi
1077 2607 1174 2650 omnes.

101 2671 179 2724 Hane
201 2667 337 2720 lectionem
362 2663 389 2718 in
412 2663 486 2717 codd·
509 2662 615 2736 reperiri
698 2665 720 2728 i.
736 2661 917 2718 Provisum...
925 2676 997 2718 esset.
1016 2665 1112 2719 Omnis
1130 2666 1174 2720 ilts

102 2748 174 2822 apud
188 2747 260 2800 Grai.
279 2758 303 2798 et
315 2745 428 2817 lipsium
443 2742 470 2794 in
482 2741 615 2814 propatulo
665 2753 712 2793 nte
721 2742 821 2793 lorinus
832 2743 941 2813 prolecta
951 2742 1016 2794 inter
1026 2743 1175 2797 indifferen-

101 2838 149 2880 est.
169 2824 301 2877 Sententia
317 2823 392 2875 etiam
409 2819 530 2892 agnoscit.
547 2820 615 2870 Pre-
666 2817 699 2869 tis
714 2835 836 2880 onmem
849 2818 959 2888 ideoque
971 2820 1024 2872 sive
1034 2821 1175 2885 bene,sive

102 2902 258 2957 stsutissima
281 2899 348 2952 baud
370 2898 447 2951 dubie
470 2897 616 2968 presterum,
666 2897 732 2948 mele
745 2915 846 2949 mecum
857 2896 937 2970 egerit
947 2897 1047 2952 iortans
1057 2940 1064 2967 ‚
1076 2900 1139 2953 ratio
1152 2914 1176 2954 et

102 2982 143 3036 eit
153 2993 239 3032 noster
249 3019 255 3046 ,
267 2979 375 3048 iis‚quse
384 2975 617 3046 suntminorispre·
665 2973 786 3046 sapientia
805 2973 870 3025 mihi
890 2975 976 3026 omnis
990 3011 998 3040 ‚
1021 2996 1174 3048 quocunque

103 3061 137 3114 tii
148 3057 396 3112 :civilissimum
405 3073 466 3106 vero
475 3062 617 3121 ctpnetes*
666 3049 742 3102 modo
761 3050 916 3118 reciderint,
934 3051 1002 3104 bona
1023 3067 1048 3107 et
1067 3056 1175 3109 eandida

103 3149 164 3190 tam
170 3135 366 3204 escttomydem
377 3132 451 3186 inisse
463 3128 616 3204 prestantio-
665 3129 766 3184 tienne
779 3131 847 3183 Ater
855 3149 915 3182 vero
932 3132 999 3194 ds'es,
1017 3133 1175 3200 salutetis,

104 3233 165 3267 rum
186 3211 293 3264 restium
315 3229 427 3282 genere,
449 3219 552 3261 constet.
575 3205 616 3259 Cf.
666 3207 796 3258 infaustus.

104 3290 211 3348 Ernesti
229 3289 300 3341 Clsv.
318 3287 371 3340 Cic.
392 3287 431 3338 De
442 3293 617 3354 pretextatam
700 3284 1176 3355 5.Delti:etus.lllollissimeesornetus,

104 3366 511 3441 umeoddseriptursest‚qnsm
520 3361 618 3436 Lipsius
667 3380 796 3432 gemmeus
806 3381 955 3433 auremque.
1011 3387 1013 3394 ·

105 3446 238 3502 immerito
250 3442 355 3496 mutavit
367 3442 410 3494 in:
421 3451 555 3509 perones.-
567 3457 619 3490 ms-
699 3439 723 3490 ti.
735 3441 796 3492 Ille.
806 3439 998 3494 Celeberrimos.

106 3527 149 3598 jor
158 3524 265 3578 varietas
276 3521 419 3594 occupatio
428 3519 502 3572 codd.
515 3517 617 3572 alteram
701 3536 723 3584 7.
734 3515 914 3570 Delicatus...
925 3519 1009 3572 seirat.
1022 3520 1176 3596 Triumpbos

107 3621 199 3654 vocem
219 3619 225 3652 ι
242 3601 419 3660 clamidatus,
444 3597 617 3654 madidatus.
667 3592 757 3646 duum
777 3613 820 3666 per
837 3605 917 3648 toturn
937 3607 1058 3652 terraram
1073 3600 1176 3666 orbern,

105 3685 271 3740 comitatus,
283 3684 437 3738 consectus,
449 3676 620 3726 canusinatus
668 3671 854 3734 bacchinon,
863 3693 941 3744 quem
951 3675 1061 3737 Thebis,
1072 3664 1177 3732 lidori„
1198 3709 1203 3722 .

107 3767 169 3830 (sp.
188 3755 352 3819 Marcium),
362 3760 544 3819 gauscpctus,
563 3767 620 3820 ques
669 3747 729 3800 urbe
747 3748 903 3814 oriundum,
921 3750 1022 3805 domitis
1040 3754 1130 3820 lndis,
1148 3757 1175 3810 in

106 3834 234 3910 posterior
246 3831 330 3905 lipsio
343 3827 443 3902 placuit.
454 3827 621 3878 Lisssdidatsss
669 3826 868 3900 urbempstrism
874 3830 976 3884 rediisse
982 3833 1176 3907 triumphantem

108 3912 187 3966 habet
199 3913 297 3963 Erssm.
311 3907 398 3961 Facile
411 3904 549 3976 intelligis,
567 3923 622 3954 om·
670 3915 783 3966 constat,
802 3926 823 3957 e.
836 3925 858 3958 c.
872 3926 900 3960 ex
915 3909 1004 3962 Ovidii
1015 3911 1120 3968 Metam.
1131 3927 1176 3968 ete.

109 4011 156 4045 nes
173 3991 220 4043 bes
231 4008 306 4041 voces
321 3986 361 4039 rel
377 3984 562 4047 alienationes,
581 3982 621 4035 vel
672 3983 715 4034 En
730 4002 769 4035 res
785 3983 919 4039 tritissima.

111 4072 200 4142 inepte
219 4067 439 4140 interpretamenta
462 4060 622 4113 librariorum
705 4063 728 4114 8·
739 4061 823 4129 Reges
838 4061 913 4116 Pers.
926 4063 960 4116 Ut
969 4067 1137 4140 potentissimi
1148 4070 1176 4122 in

109 4167 172 4199 esse.
180 4143 319 4198 Elimiasvi
331 4141 436 4215 proinde
447 4139 525 4211 lipsii
535 4140 623 4193 tetus:
672 4137 797 4202 Oriente,
816 4141 949 4212 presertim
962 4144 1072 4198 Socratis
1080 4159 1177 4221 tempo.

111 4225 237 4278 Pexatus
245 4229 545 4291 etgarssapctnsetestu.
612 4259 615 4268 .
674 4237 789 4288 re.qnusn
798 4221 1176 4292 reffesmopninominsremur.
