2910 4954
321 482 350 522 ut
363 480 428 522 recte
439 467 480 520 vel
491 467 531 519 bis
541 467 612 520 libris
621 467 778 537 Quintiliani
788 467 913 540 judicium
922 464 1050 530 firmetur,
1064 467 1169 540 ingenio
1190 481 1304 522 nostrum
1315 491 1386 544 egre-

321 552 365 626 gio
375 563 450 623 atque
467 569 567 604 amoeno
582 551 699 624 viguisse.
718 551 857 604 Enimvero
874 551 900 603 in
913 550 990 604 altero
1000 551 1076 604 etiam
1094 551 1187 604 susnsui
1202 552 1284 605 critici
1296 553 1385 625 jndicio

321 636 353 688 de
365 649 451 689 nostro
462 635 672 708 acquiescendum
682 649 725 689 eat.
736 636 822 690 Velles
831 655 895 710 sepe
909 635 994 688 alieno
1004 635 1100 708 judicio
1114 636 1236 689 Senecam
1249 639 1386 712 scripsisse:

320 732 349 772 ut
358 739 434 792 quens
448 717 604 783 identidem,
619 719 704 772 labore
716 733 830 774 accurate
842 734 867 773 et
879 721 967 774 sedulo
979 722 1010 773 de
1021 740 1048 772 re
1058 721 1185 794 proposita
1200 722 1347 795 cogitandi,
1360 723 1384 774 in

320 804 427 878 cogitata
438 823 482 858 sua
491 823 576 858 severe
587 804 752 876 inquirendi,
765 825 843 877 eaque
854 806 992 881 diligenter
1003 819 1027 858 et
1038 827 1096 859 cum
1107 827 1166 859 curs
1178 807 1303 882 seligendi
1315 820 1386 878 atque

320 890 458 944 ordinandi
475 890 659 964 praetermisso,
678 891 759 964 magis
776 890 864 944 vivido
884 891 1022 964 phantasiae
1040 892 1136 966 impetu
1155 892 1237 966 abripi
1256 892 1384 949 videmus.

320 993 397 1046 quam
408 987 476 1027 recto
485 987 559 1046 atque
570 973 704 1026 emendato
715 974 775 1027 duci
784 973 890 1044 judicio.
979 997 981 1003 ’

352 1059 471 1130 Longum
483 1071 535 1123 est,
554 1060 652 1124 fontes,
666 1057 757 1130 quibus
773 1079 832 1112 usus
845 1059 892 1125 sit,
910 1079 1065 1114 enumerare.
1081 1061 1211 1125 Platonis,
1230 1061 1384 1124 Aristotelis,

319 1141 502 1214 Theophrasti,
516 1141 688 1216 Hieronymi,
700 1141 733 1195 al.
749 1141 827 1195 libros
842 1143 949 1196 morales
965 1143 997 1197 ab
1015 1165 1045 1199 eo
1060 1145 1136 1199 lectos
1154 1167 1205 1199 esse
1219 1187 1226 1210 ,
1239 1147 1292 1220 ipse
1303 1147 1386 1198 snulfis

320 1226 382 1279 loeis
392 1225 501 1280 ostendit
511 1263 520 1291 ‚
532 1237 617 1301 utpote
628 1246 736 1298 quorum
749 1227 846 1281 decreta
861 1227 953 1301 pluries
966 1229 1107 1304 impugnat.
1121 1229 1199 1284 Sedes
1215 1230 1386 1304 disputationis

321 1311 352 1364 de
363 1311 401 1364 ira
412 1311 538 1386 praecipua
549 1311 597 1364 fuir
613 1311 682 1364 baud
701 1311 777 1364 dubie
793 1312 819 1364 in
835 1312 891 1366 loco
909 1312 941 1366 de
958 1313 1107 1381 virtutibus,
1127 1315 1157 1367 de
1173 1313 1264 1386 quibus
1280 1314 1386 1366 diversas

320 1397 456 1450 sententies
467 1395 566 1467 sequuti
576 1410 635 1448 suut
645 1408 669 1448 et
679 1396 839 1472 Peripatetici
855 1410 879 1450 et
894 1397 990 1451 Stoici:
1000 1411 1151 1472 quapropter
1162 1399 1270 1473 optimus
1283 1399 1386 1470 quisque

323 1501 353 1534 ex
370 1479 401 1532 iis
412 1479 490 1532 libros
503 1480 644 1553 composuit
653 1481 706 1554 ssspl
724 1485 826 1552 ἀρετᾶν,
840 1493 869 1534 nt
877 1481 1063 1556 Theophrastus
1081 1483 1201 1550 (Fabric.
1219 1482 1290 1535 Bibl.
1310 1485 1386 1535 Grae.

321 1563 374 1616 vol.
387 1565 441 1630 Ill,
453 1583 511 1638 pag.
524 1564 589 1630 446,
604 1563 690 1632 Harl.)
707 1563 862 1638 Chrysippus
881 1567 893 1634 (
901 1565 935 1618 ib.
955 1588 979 1641 p.
997 1567 1061 1635 548)
1078 1567 1211 1620 Cleanthes
1226 1567 1283 1634 (ib.
1294 1587 1317 1639 p.
1330 1569 1387 1628 551)

322 1648 425 1720 aliique.
440 1648 523 1701 Fuere
539 1649 635 1716 etiam,
651 1649 696 1720 qui
711 1649 850 1722 singulares
862 1649 893 1702 de
908 1651 946 1703 ira
956 1650 1033 1704 libros
1044 1665 1225 1726 componerent
1236 1665 1293 1704 ante
1307 1653 1388 1706 Seue-

322 1753 379 1788 oam
395 1753 465 1786 nnuc
483 1733 634 1808 deperditos.
655 1731 780 1802 Quasdam
794 1753 881 1786 eorum
898 1736 1038 1809 fragmenta
1055 1735 1183 1790 observata
1202 1736 1310 1809 legimus
1327 1734 1389 1809 apud

322 1817 452 1872 Stobaeusn
463 1819 491 1870 in
502 1817 624 1892 Florileg.
636 1817 673 1870 tit
685 1817 790 1892 XlV(p.
802 1817 860 1886 324,
872 1817 989 1887 Scbow.)
1001 1819 1119 1894 Sopionis
1128 1823 1179 1892 περὶ
1191 1809 1285 1891 ὀργῆς,
1303 1833 1326 1872 et
1343 1819 1389 1872 So-

323 1903 416 1969 tionis,
429 1903 499 1976 cujus
515 1903 661 1974 magisterio
677 1902 789 1966 Seneca,
802 1902 873 1974 epist.
884 1917 962 1970 xntx,
980 1923 1006 1956 se
1018 1923 1091 1956 usum
1109 1925 1161 1958 esse
1172 1925 1277 1978 puerum
1288 1904 1388 1964 scribit,

321 1993 375 2059 sepi
394 1992 461 2060 ὀργῆς
469 2027 477 2054 ,
491 1988 528 2040 tit·
544 1987 596 2042 XX
611 1989 654 2059 (p.
666 1986 712 2038 381
725 2023 732 2050 ,
746 1985 870 2053 sehon.)
888 1985 932 2040 ubi
944 1988 1068 2042 secundus
1084 1989 1138 2060 ejus
1154 1989 1218 2042 liber
1232 2001 1388 2042 memoretur.

322 2075 383 2127 Post
400 2073 523 2126 Senecam
537 2070 602 2123 liber
617 2069 749 2123 Plutarchi
762 2071 773 2138 (
782 2070 848 2145 Opp.
864 2071 914 2124 vol.
931 2073 967 2124 lx
976 2112 984 2136 ,
1001 2059 1025 2147 p.
1042 2074 1107 2140 lus,
1125 2094 1178 2145 sqq.
1199 2075 1319 2141 idutten.)
1337 2074 1385 2140 «spi

321 2159 464 2228 domnolae,
475 2157 506 2210 de
522 2153 665 2208 cohibenda
675 2154 729 2219 ira,
745 2154 886 2228 dignoscet
899 2155 944 2224 qui
960 2155 1059 2230 legatur
1075 2169 1101 2211 et
1116 2156 1289 2210 contendatur.
1307 2159 1387 2226 Quem

323 2239 371 2292 nisi
396 2235 516 2291 sciremus
535 2236 664 2290 literarum
684 2255 846 2290 romanarum
866 2237 970 2290 nonnisi
991 2238 1152 2292 mediocriter
1168 2241 1277 2314 peritum
1299 2239 1386 2302 luisse,

322 2334 385 2375 esset
400 2321 469 2393 quod
484 2321 650 2386 miraremur,
664 2339 709 2372 cur
720 2319 751 2372 de
761 2320 801 2373 bis
812 2319 883 2374 libris
893 2320 1014 2388 Seneca,
1026 2343 1102 2394 quero
1116 2337 1200 2378 tamen
1212 2348 1237 2401 p.
1253 2327 1304 2394 446
1316 2345 1389 2378 eom-

322 2407 488 2472 memoravit,
500 2406 598 2460 nullam
608 2405 765 2458 mentionem
777 2404 899 2479 injecerit.

354 2490 383 2544 Si
397 2490 475 2566 Lipsii
488 2488 583 2560 indicio
597 2488 628 2541 de
642 2500 755 2559 ternpore
767 2525 774 2553 ,
785 2509 836 2560 quo
850 2487 911 2542 libri
925 2489 954 2543 bi
969 2490 1055 2563 scripti
1070 2492 1136 2558 sint,
1154 2493 1276 2548 subscribi
1290 2505 1390 2567 posset,

321 2596 388 2630 unus
398 2574 485 2628 saltem
495 2574 560 2627 liber
570 2573 675 2627 Senecae
689 2585 808 2642 exstaret,
818 2593 894 2646 quem
905 2574 1022 2649 Caligula
1030 2590 1151 2650 regnante
1162 2579 1326 2652 compositum
1339 2597 1390 2628 esse

322 2673 389 2714 certo
409 2659 599 2712 affirmaremus.
615 2658 684 2710 Nam
702 2657 747 2729 qui
766 2669 855 2730 praeter
873 2655 942 2709 hune
959 2669 1069 2723 restant,
1087 2679 1174 2716 eorum
1190 2659 1290 2712 nullum
1308 2659 1341 2712 ab
1360 2679 1390 2711 eo

321 2745 404 2798 visum
422 2762 474 2797 esse
495 2743 561 2796 mibi
578 2755 682 2796 constat.
701 2741 799 2814 Lipsius
810 2741 913 2813 quidem
924 2741 952 2794 in
964 2741 1121 2815 Argumento
1133 2743 1172 2798 his
1183 2744 1253 2798 libris
1264 2745 1391 2818 premisso

321 2825 460 2898 suspicatur
471 2845 484 2878 e
495 2823 540 2876 lib.
549 2825 604 2890 111,
623 2823 668 2890 18,
682 2822 780 2888 33eoll.
794 2843 847 2896 cap.
861 2841 907 2896 19,
920 2835 945 2874 et
962 2823 1015 2898 ipso
1029 2823 1143 2899 Caligula
1156 2825 1214 2878 sivo
1224 2825 1328 2900 scriptos
1338 2844 1391 2877 esse

322 2923 346 2962 et
352 2907 595 2984 iuterPlrilosophise
602 2908 696 2982 primos
708 2907 786 2974 libros
798 2906 904 2962 Senecae
912 2927 963 2960 esse
971 2908 1149 2961 numerandos.
1158 2910 1209 2963 Sed
1222 2910 1321 2962 enimsi
1333 2910 1392 2980 quis

322 2993 392 3056 loca,
405 2993 433 3045 in
445 2993 538 3065 quibus
550 2991 675 3067 Caligulas
684 2991 780 3045 sneutio
791 2991 836 3060 lit,
848 2990 935 3044 sedulo
943 2993 1114 3056 contenderit,
1127 2995 1156 3055 l,
1172 2994 1216 3058 16,
1229 3015 1275 3064 ης
1291 2995 1330 3058 ll,
1342 2993 1392 3055 33;

322 3077 376 3144 lll,
392 3077 438 3141 rb,
454 3095 501 3150 19;
514 3077 552 3128 lll
562 3115 570 3144 ,
582 3097 613 3130 aa
624 3115 632 3143 ,
645 3095 655 3128 r
668 3095 774 3140 ,vereor
782 3089 810 3128 ut
821 3075 905 3150 Isipsio
913 3095 1059 3129 assensurus
1070 3077 1150 3130 sitin
1160 3077 1392 3148 omnibusquidem

321 3162 374 3215 istis
384 3162 446 3215 locis
463 3161 495 3214 de
512 3161 576 3215 Caio
587 3161 665 3214 modo
678 3161 803 3213 eustincto
815 3179 897 3213 sermo
908 3180 960 3214 esse
971 3160 1078 3237 videtur.
1089 3161 1214 3230 Quocirca
1223 3163 1269 3216 sub
1286 3161 1392 3214 Claudii

321 3245 401 3298 initiis
411 3247 499 3300 saltem
507 3245 661 3320 compositos
677 3264 729 3297 esse
743 3244 790 3297 hos
802 3243 879 3297 libros
891 3245 1041 3316 putaverim.
1056 3243 1119 3312 Quae
1135 3246 1157 3298 si
1170 3246 1324 3321 probantur,
1344 3263 1392 3296 uer

321 3330 385 3384 illud
405 3345 468 3384 stare
488 3343 569 3407 potest
586 3330 730 3404 judicium,
748 3329 824 3382 luisse
846 3349 888 3382 eos
905 3327 970 3381 iuter
990 3328 1084 3401 primos
1103 3329 1273 3404 Philosophia
1290 3331 1392 3390 libros,

321 3408 535 3488 qnandoquidem¹
549 3415 667 3490 Caligula
684 3415 734 3488 jam
755 3426 876 3488 regnante
893 3411 1014 3465 Senecam
1033 3414 1140 3468 maxime
1159 3415 1294 3489 placuisse,
1314 3413 1395 3466 tradit

321 3499 428 3555 Sueton.
439 3500 550 3574 Caligul.
562 3522 583 3554 c.
596 3501 628 3554 53
639 3538 646 3566 ,
664 3519 773 3572 quocum
788 3497 897 3552 conferri
908 3508 1037 3550 merentur
1046 3498 1162 3565 'facitus,
1174 3499 1265 3554 bnual.
1277 3500 1332 3552 xlt
1339 3539 1348 3564 ,
1363 3501 1395 3560 8;

322 3593 346 3633 et
355 3581 407 3636 ltio
419 3583 486 3639 Cast.
497 3585 570 3649 th,
586 3601 623 3656 ις.
