2896 4958
397 437 551 506 LIBER
575 439 608 520 1,
636 439 746 506 GAP.
772 439 840 506 lx.
1111 457 1148 500 as

92 565 166 652 tior,
187 566 358 662 quomodo
373 569 424 638 illi
442 567 577 640 modum
599 571 686 639 ratio
697 571 824 664 poterit
837 570 1033 662 imponere,
1049 591 1154 668 quum

91 706 205 776 parare
231 686 298 754 nisi
322 685 544 754 imbecilliora
566 709 635 756 nou
659 685 816 756 soleant?
832 685 867 754 Si
892 684 1061 752 infirmior
1083 699 1151 765 est,

90 801 156 870 sine
173 801 241 871 bac
254 826 319 896 per
334 827 370 871 se
386 800 431 870 ad
448 827 562 872 rerum
582 803 722 871 effectus
738 801 866 874 sufficit
883 801 989 884 ratio,
1010 825 1074 870 nec
1092 801 1154 870 de-

90 915 210 987 siderat
222 917 455 988 imbecillioris
467 920 642 988 auxilium.
662 945 679 982 a
694 917 739 986 At
753 919 831 986 irati
845 916 984 1010 quidam
1000 933 1156 1018 constant
1179 935 1196 989 6

94 1033 205 1118 ssibi,
228 1049 263 1104 et
281 1059 318 1104 se
336 1038 523 1105 continent.
541 1063 558 1100 n
580 1034 779 1127 Quomodo?
796 1059 901 1127 quum
916 1034 986 1127 jam
1005 1036 1057 1103 ira
1075 1060 1150 1134 eva·

89 1150 211 1232 umoit,
233 1165 268 1218 et
286 1175 346 1219 sua
363 1166 483 1245 sponte
496 1149 650 1233 decedit,
671 1174 863 1243 nonquam
880 1149 918 1217 in
935 1150 1008 1243 ipso
1024 1149 1156 1220 fervore

89 1278 153 1330 cst:
168 1280 253 1334 nano
265 1266 357 1334 onim
369 1267 541 1360 potentior
553 1280 617 1334 est.
633 1293 652 1330 a
663 1265 759 1357 Quid
769 1267 877 1360 ergo?
891 1291 960 1335 non
973 1266 1156 1360 aliquando

92 1382 154 1449 »in
172 1382 227 1450 ira
242 1405 380 1476 quoque
397 1398 432 1452 et
449 1381 625 1452 dimittunt
642 1380 827 1452 incolumes
843 1383 1053 1476 intactosque
1070 1408 1157 1476 quos
1209 1411 1212 1420 ⁴

91 1495 284 1582 auderunt,
303 1514 338 1568 et
349 1498 533 1569 anocendo
543 1497 767 1568 abstinenti»
782 1501 938 1568 Faciunt.
953 1500 1157 1593 Quomodo?

88 1639 187 1706 quum
206 1617 349 1685 affectus
371 1615 582 1710 repercussit
602 1615 781 1697 affectum,
806 1630 841 1683 et
862 1631 922 1684 aut
942 1633 1072 1700 metus,
1097 1633 1157 1686 aut

87 1730 253 1825 cupiditas
270 1728 402 1824 aliquid
417 1731 632 1824 impetravit,
651 1753 719 1799 non
736 1731 877 1799 rationis
894 1745 975 1800 tunc
988 1731 1156 1801 beneficio

86 1850 233 1940 quievit,
255 1846 317 1916 sed
330 1847 510 1916 affectuum
527 1827 633 1916 infida
650 1863 685 1916 et
700 1847 788 1916 mala
803 1871 887 1942 pace
899 1853 924 1916 ¹.

129 1966 195 2034 lx.
213 1963 373 2056 Denique
389 1963 477 2031 nibil
490 1962 595 2031 habet
608 1965 645 2032 in
659 1988 694 2032 sc
708 1965 810 2048 utile,
825 1988 889 2034 nec
902 1966 993 2033 acuit
1005 1967 1155 2036 animum
1183 1999 1194 2032 ι

85 2078 191 2150 adres
204 2077 348 2148 bellicas
366 2105 375 2147 :
389 2103 562 2172 nunquam
575 2080 665 2148 enim
674 2083 783 2150 virtus
790 2083 873 2152 vitio
882 2079 1074 2176 adjuvanda
1083 2099 1152 2166 est,

86 2217 118 2261 se
132 2173 307 2262 contenta.⁴
326 2193 470 2286 Quoties
487 2194 615 2288 impetu
634 2218 718 2288 opus
733 2210 802 2279 est,
823 2220 893 2265 non
905 2197 1075 2279 irascitur,
1095 2189 1173 2266 sed¹

86 2311 256 2404 exsurgit,
269 2325 317 2377 'et
339 2310 560 2402 inquantum
585 2311 716 2404 putavit
738 2335 822 2405 opus
842 2335 937 2394 csse,
968 2314 1156 2383 concitatur

85 2427 340 2518 remittiturque
357 2451 367 2493 ι
386 2449 456 2494 non
468 2425 588 2509 aliter,
610 2449 709 2518 qnam
727 2451 803 2519 qnae
822 2429 1020 2506 tormentis²
1038 2430 1153 2524 expri-

84 2559 224 2610 muntur
237 2541 318 2625 tela,
334 2542 371 2608 in
385 2556 549 2635 potestate
564 2541 729 2610 mittentis
745 2559 837 2626 sunt,
853 2544 891 2612 in
909 2561 1073 2636 quantum
1091 2561 1156 2614 tor·

83 2673 302 2750 queantum
318 2660 391 2740 Ira,
412 2659 525 2750 inquit
542 2657 760 2739 Aristotcles,
783 2659 973 2726 neccssaria
990 2675 1041 2728 est
1061 2687 1068 2727 :
1090 2685 1154 2730 nec
1181 2699 1196 2732 2

84 2803 101 2838 s
117 2775 308 2869 quidquam
325 2777 398 2844 sine
414 2775 473 2844 illa
491 2776 679 2868 expugnari
697 2790 827 2869 potest,
851 2777 918 2844 nisi
939 2775 998 2845 illa
1014 2779 1154 2872 impleat

86 2919 102 2954 s
116 2894 290 2974 animum,
308 2906 343 2959 et
353 2891 510 2986 spiritum
521 2889 695 2960 accendat.
708 2889 880 2959 Utendum
893 2907 1005 2960 autem
1016 2893 1075 2962 illa
1086 2910 1151 2982 est,

97 3081 119 3116 ι.
129 3065 194 3117 Non
204 3065 338 3116 mro-nis..
346 3065 509 3131 mahom.
517 3059 594 3134 Optir
640 3079 696 3114 mus
708 3059 771 3113 bam
783 3060 814 3114 ab
828 3059 1018 3127 enthusiasmo,
1034 3062 1088 3116 sine
1101 3083 1152 3134 qno

79 3142 174 3198 mebic
181 3140 504 3214 Nostsnnamquedeboc
515 3141 593 3194 amlli·
641 3136 707 3191 nibil
726 3135 893 3212 magnificam
909 3151 953 3191 ant
971 3137 1076 3194 difficili
1097 3141 1152 3216 geri

78 3222 204 3294 gebatur,
222 3242 256 3276 an
267 3220 385 3276 admissis
393 3219 525 3274 affectibus
534 3239 594 3293 pos-
639 3233 711 3286 posse
723 3229 789 3269 recte
803 3215 996 3270 contendimus:
1006 3229 1032 3269 et
1043 3218 1072 3270 in
1085 3217 1152 3271 banc
1167 3266 1170 3277 ,

78 3299 263 3373 setirairangi
276 3299 442 3354 etralroenari
456 3317 470 3351 a
486 3296 593 3350 ratione.
640 3305 735 3368 partem
767 3307 791 3346 ct
817 3294 958 3348 Aristotelis
987 3295 1151 3366 Platonisque

78 3375 179 3453 frangi
186 3377 293 3449 quidem
301 3390 394 3452 potest,
406 3390 432 3430 at
439 3398 456 3431 ι
463 3375 594 3450 cupidini-
641 3368 707 3422 dicta
717 3369 749 3422 de
760 3370 811 3436 ira,
826 3369 858 3423 ad
869 3371 963 3425 bellum
974 3371 1046 3436 utili,
1063 3383 1091 3424 nt
1106 3371 1153 3425 iu-

77 3451 598 3528 bu,consutione;nihilsmpliasergo
640 3461 803 3523 brpretsmur
832 3469 931 3504 natam
962 3467 1014 3502 esse
1045 3449 1152 3502 videtur.

79 3531 196 3604 estquod
205 3546 293 3586 contu
307 3533 390 3606 ingeri
401 3530 485 3605 possit.
498 3531 549 3584 En.
642 3524 720 3594 Quod
731 3525 867 3580 discrimen
878 3546 926 3580 nec
936 3525 1040 3579 Seneca
1050 3527 1153 3600 sagaci-

108 3611 158 3667 ΙΧ.
170 3613 243 3664 Ano.
252 3611 305 3663 Nec
315 3609 394 3662 virtus
405 3609 511 3674 bellica,
525 3607 593 3662 lorti·
642 3615 679 3656 tas
692 3602 809 3677 neglexit

78 3688 152 3753 tado,
160 3689 201 3742 irs
210 3688 328 3759 indiget,
337 3686 381 3756 sed
391 3686 488 3740 ntiona
496 3687 594 3756 nnazjn·
660 3703 684 3737 a.
698 3683 851 3738 Toments's.
862 3683 902 3736 Da
910 3681 1017 3736 ballistis
1028 3695 1071 3736 ant
1082 3695 1153 3736 eats-

76 3767 153 3820 bente
158 3766 280 3840 margin
287 3765 368 3818 locus
373 3762 546 3817 Aristotelisin
551 3761 595 3815 de·
642 3760 728 3836 pultis,
736 3761 841 3832 aliisque
847 3760 972 3814 machinis
981 3759 1087 3825 bellicis,
1096 3779 1153 3832 quo

77 3845 185 3918 perditis
191 3865 246 3898 esse
253 3843 370 3908 videtur,
383 3843 419 3908 si,
432 3861 489 3914 qus}
498 3841 593 3896 Seneca
642 3853 751 3894 ulmeus
763 3837 930 3890 intenduntur
939 3857 967 3890 sc
977 3838 1151 3903 remittuntur,

77 3921 119 3976 bic
134 3923 240 3988 attulit,
252 3922 319 3996 apud
329 3941 388 3975 enm
405 3920 497 3975 iisdem
511 3921 594 3975 verbis
642 3937 688 3991 pro
707 3915 812 3968 arbitrio
831 3915 970 3989 dirigentis.
977 3915 1059 3969 Adeas
1074 3916 1154 3990 serip-

76 3998 141 4053 leota
152 4001 214 4053 siat.
226 3999 301 4052 Certa
314 4017 371 4069 qaae
387 3998 415 4052 in
432 3997 493 4071 ejas.
510 3997 592 4051 Etbic.
642 4005 708 4047 tores
726 3994 757 4046 de
772 3994 811 4046 lic
831 3993 935 4054 militari
958 3995 1151 4059 Romanorum,

77 4077 109 4130 sd
120 4079 230 4132 Nicom-
238 4077 290 4132 Vll
299 4115 307 4143 ,
317 4075 493 4150 b,lcgnntur,
510 4074 593 4128 divar-
643 4072 751 4146 nsmpli
767 4091 839 4127 eausa
850 4110 858 4137 ,
871 4067 1001 4137 Nostium,
1018 4085 1073 4147 post
1088 4073 1153 4125 Jus-

76 4175 130 4208 sarn
146 4155 303 4210 matiam
320 4153 458 4216 continent.
478 4151 519 4205 ct.
540 4152 594 4207 Cic.
642 4163 697 4204 tum
715 4150 846 4225 Lipsium,
860 4151 891 4203 Τ.
909 4152 961 4218 lll,
977 4150 1084 4225 Opposit
1097 4152 1152 4204 550.

76 4233 152 4288 'lum
165 4234 259 4308 Dispp.
269 4233 317 4298 lv,
333 4251 370 4306 tq
381 4232 434 4285 lios
452 4231 594 4306 distingui·
642 4243 754 4302 sequent.
