2894 4954
452 471 628 540 CAPUT
652 471 737 538 XV.
1058 470 1124 556 345

75 604 226 690 retinuit3
243 627 288 672 ne
303 603 461 696 epistolas
479 601 616 695 quidem
638 617 713 695 post
734 623 808 670 eam
825 598 944 668 horam
962 598 1120 694 legebat,

72 717 203 810 nequid
218 741 312 787 novae
330 739 421 785 curae
437 731 635 786 nosceretur
651 743 659 784 ε
677 713 737 784 sed
754 715 855 783 totius
869 712 938 782 dici
950 713 1104 783 lassiusdi

71 854 141 898 uem
152 830 282 900 duabus
295 830 362 900 illis
375 831 469 900 horis
485 831 645 924 ponebat.
662 829 811 921 Quidam
824 827 936 897 medio
949 829 1005 898 die
1016 831 1125 899 inter-

67 943 244 1034 junserunt
258 951 284 1029 ¹,
305 961 340 1014 et
365 947 403 1014 in
421 945 700 1039 postmeridianas
717 946 818 1014 horas
837 943 968 1037 aliquid
988 935 1142 1014 levioris

71 1082 172 1151 operae
190 1059 408 1130 distulerunt.
430 1061 578 1154 Majores
595 1084 731 1153 quoque
748 1059 856 1128 nostri
870 1063 882 1092 ²
902 1082 1020 1158 norem
1035 1060 1124 1129 rela-
1153 1063 1183 1128 ¹4

72 1177 208 1262 tionem,
224 1193 302 1272 post
318 1178 436 1246 horum
458 1175 643 1260 decimam,
663 1178 701 1246 in
716 1191 834 1245 senatu
851 1176 929 1244 fleri
949 1175 1119 1246 vetabant.

71 1290 162 1359 Miles
172 1285 330 1386 vigilias³
345 1289 488 1374 dividit,
502 1307 537 1360 et
546 1315 612 1360 nox
625 1292 784 1360 immunis
796 1303 846 1358 est
855 1290 899 1359 ab
910 1289 1124 1384 expeditione

72 1404 290 1476 redeuntium.
308 1405 560 1502 Indulgendum
578 1419 630 1474 est
646 1407 760 1474 animo
779 1433 789 1491 ς
810 1403 1026 1498 dandumque
1044 1407 1125 1477 sub-

71 1519 143 1587 inde
156 1522 281 1605 otium,
302 1521 394 1615 quod
408 1521 560 1590 alimenti
580 1545 620 1591 ac
632 1522 756 1592 virium
775 1521 848 1592 loco
864 1524 908 1591 sit
923 1549 933 1592 r
949 1539 983 1592 et
999 1524 1036 1593 in
1054 1548 1125 1594 am·

72 1632 293 1705 bulationibus
310 1639 437 1732 apertis
450 1636 665 1730 vagandum,
685 1651 724 1704 ut
737 1637 818 1706 caelo
832 1637 941 1706 libero
961 1655 996 1706 et
1019 1640 1125 1709 multo

71 1749 183 1840 spiritu
199 1764 323 1844 augeat
335 1749 532 1842 attollatque
552 1775 588 1819 se
605 1753 749 1820 animus.
772 1749 966 1844 Aliquando
980 1749 1124 1823 vectatio

70 1862 193 1956 iterque
205 1879 241 1934 et
253 1880 386 1934 mutata'
394 1865 490 1958 regio
504 1865 656 1960 vigorem
670 1863 818 1950 dabunt,
836 1867 1076 1959 convictusque
1090 1885 1125 1935 et

70 1979 232 2049 liberalior
243 1983 337 2078 potio
351 2007 359 2048 :
375 2004 618 2074 nonnunquam
635 1997 670 2050 et
682 2006 789 2075 usque
801 1981 846 2051 ad
859 1983 1056 2052 ebrietatem
1069 2009 1124 2053 ve-

71 2095 247 2181 niendum,
268 2121 337 2167 non
352 2112 392 2164 ut
410 2113 541 2191 mergat
556 2121 638 2180 uos,
663 2095 722 2166 sed
741 2112 780 2165 ut
800 2096 968 2191 deprimat
980 2093 1007 2166 ⁴.
1031 2098 1124 2172 Eluit

72 2210 284 2294 enimcum,
302 2225 337 2278 et
354 2209 398 2278 ab
415 2211 483 2278 imo
496 2212 645 2280 animum
659 2226 769 2280 movet
785 2236 795 2277 ·.
814 2226 849 2280 et
862 2225 900 2280 ut
911 2212 1038 2280 morbis
1050 2214 1124 2304 qui·

71 2318 226 2406 busdam,
244 2324 292 2391 ita
308 2323 453 2392 tristitiae
472 2321 628 2392 medetur
645 2350 652 2389 :
673 2323 845 2416 Liberque
863 2311 935 2392 non
954 2325 998 2393 ob
1014 2325 1122 2394 licen-

73 2435 143 2504 tiam
160 2436 287 2531 linguae
313 2435 423 2510 dictus
449 2453 500 2506 cst
523 2439 680 2506 inventor
705 2439 796 2522 vini,
819 2438 879 2508 sed
902 2440 981 2531 quia
1003 2439 1127 2508 liberat

73 2551 198 2620 servitio
214 2576 373 2622 curarum
386 2553 535 2622 animum
550 2602 560 2636 ,
577 2569 611 2621 et
629 2555 769 2637 asserit,
794 2568 997 2648 vegetatque
1014 2567 1049 2622 et
1065 2577 1126 2625 au·

72 2663 229 2738 duriorem
254 2670 291 2736 in
309 2693 426 2738 omnes
447 2684 588 2738 conatus
610 2669 701 2738 facit.
722 2669 791 2738 Sed
812 2685 850 2738 ut
867 2663 1058 2752 libertatis,
1080 2671 1126 2737 ita
1191 2713 1195 2723 -

71 2783 133 2850 vini
157 2784 303 2854 salubris
328 2784 514 2854 moderatio
532 2799 595 2852 est.
621 2787 663 2853 Et
683 2777 873 2867 Solonem⁵,
897 2783 1125 2854 Arcesilaum-

72 2894 158 2990 que⁶
181 2897 363 2972 indulsisse
386 2903 467 2972 vino
491 2902 647 2972 credunt.
674 2903 793 3000 Catoni
820 2901 966 2988 ebrietas
994 2901 1126 2994 objecta

73 3018 165 3084 esti:
188 3017 321 3087 facilius
345 3017 496 3099 efficiet,
524 3018 679 3109 quisquis
702 3016 888 3108 objecerit,
910 3017 976 3084 hoc
997 3017 1125 3084 crimen

101 3243 121 3278 ι.
137 3227 358 3294 Ιιιιιήιιιιτιιιιιιὶ.
373 3229 434 3284 scil.
446 3251 472 3283 se
485 3249 569 3304 ogra-
618 3229 620 3234 ‘
652 3233 676 3283 5.
685 3229 816 3284 Solonem
828 3231 884 3305 lpse
895 3230 1035 3284 descernit
1045 3217 1126 3300 :lipyc

74 3302 174 3358 rioribus
185 3306 314 3360 laboribus
327 3325 334 3360 ι
346 3307 378 3361 ab
389 3307 483 3382 aurigis
493 3321 569 3362 mcla-
618 3307 643 3360 rii
656 3315 820 3376 Κυπρογενοῦς
832 3317 871 3360 νῦν
882 3331 919 3376 μοι
933 3311 1004 3375 φῖλαι,
1017 3309 1053 3361 sul
1068 3318 1126 3360 Διο-

74 3378 141 3450 pbors
149 3398 248 3458 sumpta
259 3397 311 3447 est:
322 3386 367 3456 qui
377 3386 567 3460 iutcrjuugunt,
618 3381 687 3436 sios-r
697 3387 757 3447 ,Kal
768 3387 880 3438 nont-s
889 3421 896 3449 ,
905 3388 921 3437 ἃ
930 3385 1006 3442 τίθησ’
1016 3385 1125 3457 ἀνδράσιν

72 3476 142 3524 quum
158 3463 292 3532 quiescunt
308 3463 398 3516 leviter
416 3477 441 3516 et
456 3475 568 3538 pomum.
617 3459 765 3530 ιῦφροσῦνας.
787 3461 885 3514 ΒιιιιιΙ.
909 3461 1031 3514 Gnomiri
1057 3475 1124 3536 port.

74 3534 154 3589 Sacc.
165 3538 212 3611 Ep.
224 3553 336 3592 cxxxttt.
617 3555 691 3609 graec.
701 3556 757 3610 psg.
770 3539 817 3607 73,
831 3558 868 3592 ιι.

100 3631 121 3663 2.
131 3615 247 3682 Maiores
258 3621 371 3670 murt...
377 3616 509 3670 vetabunt.
521 3615 568 3669 Vel
649 3613 674 3666 b·
690 3614 914 3685 Arcesilaumqur.
936 3615 1125 3668 Academicum.

72 3698 96 3736 nt
104 3706 203 3763 corpora
214 3705 345 3754 curarem,
358 3693 399 3747 vel
417 3693 476 3765 quis
488 3694 567 3746 Scus·
616 3690 693 3764 Diog.
704 3693 786 3745 baert.
797 3692 841 3746 lib.
851 3693 897 3757 rt,
912 3711 965 3765 esp.
978 3694 1007 3758 41
1019 3730 1027 3756 ,
1038 3711 1075 3763 sq.

73 3774 106 3815 2¹¹
128 3768 268 3822 consultum
290 3783 345 3843 post
371 3790 488 3824 occasum
508 3771 568 3824 solis
649 3791 671 3839 7.
686 3769 1126 3836 Cotoniebrietosobicctuest.lltri?

73 3843 156 3897 lanum
168 3866 215 3901 nec
225 3860 308 3900 rsturn
324 3849 428 3919 quidam
437 3862 497 3903 erat.
509 3849 567 3902 Aul.
616 3848 791 3920 majorinc‚sn
803 3849 924 3904 Uticensi.
935 3847 1009 3902 Certe
1020 3849 1126 3902 Fluctus

73 3917 132 3972 Gcll.
140 3923 198 3975 Nat.
211 3926 260 3978 Au.
273 3927 317 3991 ιζ,
332 3943 354 3993 7.
617 3925 702 3978 Carm.
721 3924 763 3978 lib.
775 3927 832 3990 ΙΙΙ,
844 3925 902 3979 Ode
918 3941 979 3989 m,
989 3947 1015 3978 v.
1029 3945 1072 3993 ιι,
1088 3945 1124 3978 ιι.

100 3996 122 4052 3.
134 4001 255 4070 Vigr'lr'us.
273 4003 304 4054 lu
322 4015 468 4073 quaternam
487 4017 512 4057 st
527 4023 567 4058 ess
615 4000 1125 4078 «Nsrrsturctpriscicstonissnpcmero

73 4072 173 4144 singulus
186 4077 262 4132 trium
275 4079 404 4134 horarum.
498 4128 499 4131 ,
615 4082 718 4148 caluisse
726 4080 833 4134 virtus.»
842 4082 894 4136 Sed
903 4082 1053 4136 Plutarchus
1059 4101 1124 4135 con-

76 4223 81 4234 Ι
101 4153 123 4216 l·
137 4153 284 4224 Drpn'mat.
297 4159 394 4211 Arocrt
407 4159 522 4214 animum
536 4160 567 4212 ab
616 4158 692 4212 viriis
702 4159 822 4214 duntaxat
830 4179 890 4212 curn
901 4160 1050 4214 delectatum
1061 4158 1126 4210 scri-

74 4231 205 4288 montone
215 4233 292 4288 nimis
304 4248 329 4287 ct
338 4234 403 4291 curis
413 4235 552 4291 altioribus.
617 4236 653 4290 bit
666 4235 813 4291 lautioribus
825 4251 848 4290 et
860 4235 1049 4312 copiosioribus.
1062 4235 1126 4288 ttae
