2926 4958
263 476 338 561 aas
368 486 375 496 ·
419 474 473 541 a.
498 473 665 542 mrsu
689 471 1155 544 Manunucmoms

262 637 322 679 ovo
335 628 532 699 comparant,
546 617 629 698 cujus
643 615 795 677 exteriora
806 629 836 677 et
845 629 941 694 testae,
954 631 1021 679 stmt
1034 614 1169 702 Logica,
1182 620 1322 701 proxima
1335 671 1343 697 ,

262 724 294 784 id
310 736 355 784 est
368 721 531 798 albumen,
547 719 673 794 Ethica;
692 723 815 799 intima,
832 723 894 786 sive
909 722 1028 786 vitellus
1042 772 1050 802 ,
1062 723 1200 813 Physica.
1223 751 1236 778 n
1253 725 1345 787 Adde

262 831 382 893 tertiam
401 852 409 888 ι
429 855 444 886 e
463 826 543 893 Cum
560 850 649 914 agro;
666 844 696 892 et
715 850 818 914 sepem
833 831 1077 913 circumiectam,
1091 853 1155 895 esse
1170 830 1318 916 Logicam
1333 857 1342 902 ;

263 937 376 1000 fructus
390 934 573 1014 ‚Ethicam3
590 950 705 999 terram
720 951 750 999 et
763 936 906 1016 arbores,
920 935 1088 1023 Physieam.
1104 968 1118 992 υ
1133 939 1191 1000 Vis
1206 953 1236 1000 et
1247 959 1345 1020 quar-
1394 989 1402 998 .

262 1043 347 1106 tam?
368 1071 383 1098 ιι
406 1041 486 1107 Cum
505 1043 602 1118 urbe,
627 1042 706 1106 bene
726 1045 840 1106 munita
857 1089 865 1120 ,
884 1058 915 1106 et
938 1045 1054 1107 ratione
1080 1045 1297 1106 administrata.
1326 1072 1343 1098 ι»

264 1148 448 1231 Quomodo?
463 1171 521 1212 nec
534 1149 616 1211 enim
629 1149 719 1212 aliter
728 1152 946 1226 accommodat.
958 1149 1051 1230 Puto,
1062 1147 1343 1234 murosLogicarn;
1418 1159 1420 1167 ’

264 1257 365 1334 cives,
381 1254 564 1344 Physicam;
583 1255 665 1340 leges
681 1270 711 1318 et
729 1278 850 1335 mores,
873 1256 1015 1321 Ethicam
1032 1277 1108 1319 esse.
1131 1253 1180 1317 Ex
1201 1254 1346 1339 Diogene

268 1362 346 1435 ista;
364 1377 394 1424 et
414 1383 524 1425 vereor
540 1375 574 1424 ut
589 1361 717 1424 fideliter
739 1363 779 1425 ab
803 1383 841 1425 eo
861 1365 1017 1447 exscripta.
1029 1361 1147 1435 ,Sextus
1168 1360 1346 1446 Empiricos

265 1469 297 1529 in
313 1469 492 1550 quibusdam
506 1467 618 1552 arguit,
635 1481 666 1530 et
675 1469 882 1552 probabiliora
895 1469 971 1532 mihi
988 1469 1067 1533 dicit.
1079 1467 1162 1530 Nam
1179 1470 1216 1531 de
1230 1497 1245 1522 «ι
1259 1489 1319 1530 ovo
1334 1515 1343 1544 ,

267 1575 328 1652 ait,
350 1574 504 1652 vitellum,
521 1571 663 1638 Ethieam
683 1576 799 1648 referre
813 1602 820 1649 ;
837 1576 997 1655 albumen,
1013 1579 1094 1658 qnod
1108 1589 1153 1638 est
1167 1575 1347 1636 alimentmn

267 1679 374 1754 vitelli,
385 1678 554 1768 Physicam.
567 1681 765 1765 alterumque
777 1683 987 1762 insaniatali,
1000 1683 1135 1767 sanguini
1147 1695 1176 1744 et
1191 1682 1345 1756 carnibus,

268 1787 429 1874 Physicam
445 1812 452 1859 ;
466 1789 593 1865 animae,
611 1785 753 1854 Etbicam
766 1790 987 1873 aequiparavit»
1003 1789 1102 1867 (Adv.
1114 1788 1300 1870 Mathem.),
1317 1803 1348 1850 et

267 1895 385 1956 monuit
397 1915 414 1956 a
436 1893 601 1957 Posidonio
615 1893 718 1958 Stoico
733 1895 793 1958 hoc
808 1917 884 1959 esse.
897 1895 1068 1978 Utrobique
1082 1897 1165 1958 rides
1175 1896 1347 1980 digniorem

268 1999 409 2064 Ethicam
425 2003 562 2080 censeri,
579 2015 609 2064 et
629 2025 698 2065 cum
714 2003 828 2086 optima
850 2017 936 2087 parte
955 2004 1107 2074 conferri;
1129 2006 1210 2085 quod
1229 2003 1349 2087 planis-

267 2109 343 2170 sime
364 2131 470 2172 verum
490 2123 555 2188 est,
573 2124 603 2172 et
621 2134 677 2194 pro
692 2113 846 2174 communi
861 2133 950 2174 sensu
969 2111 1151 2175 Stoicorum.
1168 2110 1251 2173 Nam
1265 2111 1347 2174 banc

266 2216 312 2278 illi
326 2217 535 2301 magnificant,
550 2230 580 2278 et
590 2239 681 2300 super
694 2216 769 2280 alias
780 2217 944 2292 extollunt,
962 2221 1046 2294 imo,
1061 2241 1131 2282 cum
1142 2216 1284 2305 Cynicis,
1297 2239 1349 2280 re

267 2322 364 2402 liquas
377 2344 460 2406 paene
475 2322 592 2384 tollunt.
611 2321 728 2386 Noster
743 2320 859 2386 Seneca
882 2349 888 2384 :
910 2353 925 2379 ιι
949 2323 1022 2387 Non
1040 2324 1231 2389 mehercules
1255 2325 1349 2386 nimis

268 2427 307 2489 ad
330 2448 397 2490 rem
418 2428 556 2490 existimo
572 2428 746 2512 pertinere,
764 2430 816 2491 ubi
836 2430 914 2492 dicta
929 2445 998 2493 sunt
1011 2453 1076 2513 quae
1094 2444 1201 2514 regunt
1220 2451 1346 2506 mores,

267 2534 410 2616 persequi
423 2547 523 2596 cetera
532 2559 539 2605 ;
549 2543 613 2596 'non
626 2536 656 2596 in
669 2537 839 2598 remedium
853 2537 967 2610 animi,
986 2540 1037 2600 sed
1055 2538 1086 2598 in
1102 2537 1349 2600 exercitationem

268 2642 380 2724 ingenii
392 2641 521 2703 inventa.
534 2669 549 2695 ι»
564 2641 630 2723 (De
641 2642 747 2705 Benel.
758 2642 840 2720 Vll,
854 2666 920 2727 cap.
937 2667 948 2706 r
961 2690 969 2722 ,
984 2657 1013 2706 et
1025 2642 1157 2728 Diogen.
1166 2645 1197 2704 in
1209 2642 1347 2724 Zenon.)

270 2747 305 2808 ln
319 2749 507 2823 remedium,
525 2748 635 2830 inquit,
649 2751 720 2830 quid
734 2750 815 2812 enim
831 2751 911 2813 aliud
925 2750 1048 2834 proprie
1063 2749 1259 2834 Philosophia
1278 2764 1348 2826 est,

272 2875 387 2935 «quam
408 2856 501 2916 animi
524 2856 705 2918 morbomm
728 2871 758 2921 ct
779 2857 973 2920 affectionum
996 2858 1194 2920 medicinale
1207 2855 1298 2940 (Plut.
1311 2861 1351 2920 de

271 2959 344 3021 lnst.
358 2965 461 3043 puer.)
477 2975 542 3038 aut,
562 2975 594 3023 ut
608 2984 677 3025 curn
697 2960 846 3026 Cicerone
869 2963 1007 3041 brevius,
1025 2991 1039 3021 a
1059 2963 1177 3026 Sanitas
1191 2964 1310 3024 animi?
1330 2991 1346 3016 υ

272 3066 376 3147 ltaque
397 3088 523 3129 aureum
542 3067 616 3131 illud
635 3067 812 3154 Pythagoraa
832 3093 839 3130 ι
864 3098 879 3125 «ι
903 3069 1007 3133 Inanis
1025 3070 1106 3132 illius
1124 3069 1298 3153 philosophi
1321 3082 1354 3130 ct

273 3195 349 3235 vana
363 3175 460 3237 oratio
474 3221 483 3254 ,
501 3197 566 3258 quse
580 3176 696 3238 nullam
708 3176 902 3239 allectionem
916 3179 947 3240 in
961 3177 1085 3240 bomine
1100 3190 1194 3239 curat.
1203 3175 1248 3238 Ut
1263 3175 1349 3240 enim

171 3299 173 3302 ’
272 3281 427 3343 medicina
440 3281 541 3344 nullus
552 3303 637 3355 usus,
654 3282 712 3344 nisi
721 3283 847 3345 morbos
860 3305 879 3345 a
891 3305 1020 3368 corpore
1032 3283 1210 3367 depellentis
1220 3327 1228 3355 ,
1240 3281 1280 3342 ita
1292 3303 1353 3344 nee

272 3385 487 3469 Philosophiae,
499 3387 557 3448 nisi
569 3386 651 3448 mala
663 3388 757 3450 animi
771 3389 951 3452 amolientis.
965 3417 980 3446 ιι
994 3389 1049 3474 (ln
1061 3387 1147 3452 Stob.
1158 3385 1225 3450 Ser.
1237 3392 1357 3462 Luxu.)

274 3491 411 3571 Subtilis,
425 3493 597 3570 oblectans,
615 3494 674 3555 alta
692 3516 756 3557 esse
773 3509 892 3579 potest;
911 3499 964 3560 sed
982 3511 1014 3558 ut
1028 3497 1142 3580 platani
1152 3509 1204 3557 aut
1216 3494 1358 3578 cupressi

275 3600 415 3661 umbram
446 3613 478 3660 et
507 3599 790 3663 oblectatiunculam
809 3602 962 3686 praebent,
990 3602 1121 3664 fructum
1140 3621 1201 3662 non
1217 3595 1355 3672 habent3

276 3708 319 3769 sic
334 3709 536 3782 censendum,
554 3705 606 3766 ubi
618 3707 688 3768 solae
702 3707 759 3769 illae
773 3708 839 3770 aliae
852 3722 953 3793 partes
966 3755 975 3787 ,
987 3708 1045 3772 hac
1057 3709 1178 3770 omissa.

410 3819 466 3890 Ego
477 3817 522 3871 odi
534 3818 652 3872 homines
663 3819 756 3893 ignava
769 3841 861 3894 opera,
874 3821 1026 3896 philosopha
1038 3821 1178 3886 sentcntia;

278 3919 379 3982 aiebat
393 3918 468 3982 olim
482 3916 648 3995 Pacuvius,
665 3934 778 3983 etcum
792 3943 829 3984 eo
843 3920 930 3984 Plato
945 3946 952 3983 ε
970 3920 1224 3995 «Constantiam,
1239 3921 1332 3983 tidem
1347 3967 1357 3996 ,

278 4027 372 4088 animi
384 4026 542 4089 sanitatem
556 4071 564 4100 ,
581 4047 638 4109 ego
653 4027 702 4088 aio
717 4043 820 4089 reram
828 4027 1057 4113 Philosophiam
1069 4051 1144 4092 esse.
1155 4028 1241 4092 Alias
1253 4042 1360 4090 autem

277 4153 496 4214 quascumque,
513 4145 543 4194 et
562 4131 623 4194 alio
643 4136 798 4196 tendentes
813 4135 975 4219 sapientias
990 4136 1228 4211 siresolertias,
1245 4135 1271 4195 si
1290 4135 1363 4196 ele-

279 4239 394 4322 gantias
409 4253 439 4301 et
454 4239 585 4321 argutias
600 4239 726 4317 dixero,
745 4255 827 4304 recte
840 4262 980 4304 censeam
995 4241 1173 4326 appellasse.
1188 4270 1202 4296 n
1216 4237 1291 4322 (Ep.
1309 4242 1360 4318 x.)

280 4346 393 4424 Audis,
413 4368 431 4408 o
446 4347 553 4411 meus?
568 4367 624 4429 per
634 4343 738 4408 Deum
752 4348 892 4424 demittc;
906 4361 936 4410 et
947 4348 1135 4431 peregrinari
1145 4348 1175 4410 in
1185 4347 1361 4428 aliisjnvet,
