2926 4958
276 427 418 518 lxxxviij
465 431 499 498 J.
525 431 687 502 LIPSII
712 433 1173 511 MANUDUCTIONIS

274 569 354 633 iuter
367 571 506 656 exempla
521 575 683 638 demutatae
696 573 894 638 liberalitatis.
905 573 947 638 Et
961 597 1034 640 vero
1049 579 1204 659 quomodo
1214 577 1279 662 ipse
1291 590 1360 640 ute·

275 691 381 753 retur,
397 679 430 741 in
442 677 496 743 illa
509 680 838 764 perpetuairugalltate
852 696 883 746 et
896 684 1043 746 modestia
1061 685 1150 750 vitas?
1169 682 1231 746 Via
1245 684 1358 746 verisi-

275 784 376 862 milia,
398 788 451 848 sed
464 806 540 849 vera
551 799 637 864 suut,
653 809 719 870 qum
732 790 770 849 tle
788 789 900 872 seipse
917 788 1022 852 scribit
1033 813 1041 850 t
1054 803 1143 872 atque
1154 791 1232 853 audi.
1248 819 1264 845 κ
1279 789 1358 852 lnrlc

276 890 353 953 mibi
362 891 417 972 (ab
429 890 524 956 Attali
537 891 654 974 schola)
663 895 800 976 qrmtlam
810 915 1019 978 permansere.
1027 895 1102 959 lude
1110 897 1219 960 ostreis
1232 895 1358 958 boletis-

177 1068 179 1076 *
277 997 378 1081 quein
389 1019 513 1062 omnem
526 999 621 1062 uitam
634 999 842 1063 renunciatmn
855 1014 917 1080 est,
932 1001 1002 1065 iude
1011 1003 1043 1064 in
1056 1023 1182 1066 omnem
1192 1002 1285 1065 vitam
1295 1023 1359 1064 un-

280 1119 393 1188 guento
406 1105 592 1168 abstinemus
605 1127 612 1164 ε
627 1104 697 1168 inde
710 1104 781 1168 rino
794 1107 1063 1172 caretstomacbus
1078 1131 1086 1168 ε
1104 1109 1174 1171 inde
1187 1108 1220 1170 in
1232 1127 1359 1170 omnem

278 1210 373 1286 vitam
387 1209 532 1273 balneum
541 1209 681 1296 fugimus.
697 1237 713 1266 ι
730 1209 771 1274 Et
784 1212 886 1274 statim
902 1235 910 1275 t
927 1241 943 1267 ι
958 1209 1097 1276 Laudare
1109 1212 1228 1277 solebat
1237 1211 1360 1274 Attalus

278 1316 436 1396 culcitam,
451 1339 517 1400 quaa
532 1316 687 1380 resisteret
699 1318 822 1401 corpori
836 1339 844 1376 s
860 1317 914 1380 nti
928 1331 998 1382 utor
1015 1332 1045 1382 et
1060 1321 1123 1402 jam
1132 1340 1242 1396 senex,
1254 1321 1358 1399 inqua

277 1423 438 1508 vestigium
448 1444 596 1509 apparere
610 1423 786 1508 nonpossit'.
797 1452 812 1478 ι
822 1421 939 1508 (Epist.
953 1430 1060 1502 erut.)
1076 1423 1232 1489 Describit
1242 1438 1273 1487 et
1282 1423 1361 1486 alibi

276 1529 356 1596 tunc
366 1531 571 1616 frugalitatem
585 1531 674 1607 vitae,
689 1551 729 1592 au
742 1530 844 1597 verius
857 1532 1061 1595 austeritatem
1072 1531 1195 1596 dicam?
1211 1528 1359 1595 «Culcita

263 1637 308 1702 *in
323 1651 405 1700 terra
417 1637 514 1720 jacet,
529 1657 587 1722 ego
606 1637 639 1700 in
660 1636 779 1702 culcita.
795 1635 844 1700 Ex
861 1638 976 1702 duabus
990 1637 1110 1722 penulis
1123 1637 1220 1700 altera
1235 1651 1359 1721 stragu-

278 1745 343 1806 lum
359 1756 421 1822 est,
447 1743 544 1808 altera
561 1744 761 1828 opertorium.
780 1773 796 1800 s
813 1741 930 1828 (Epist.
947 1747 1109 1824 txxxvtt.)
1130 1743 1246 1807 lterum
1259 1743 1357 1805 alibi:

278 1878 297 1912 s
312 1848 349 1912 lu
371 1850 513 1936 l'rigitlatu
536 1841 696 1930 descendi,
718 1851 805 1935 panis
828 1851 937 1914 deinde
960 1851 1082 1923 siccus,
1107 1864 1138 1912 et
1162 1849 1227 1912 sine
1248 1869 1358 1910 mensa

278 1957 453 2040 prandium,
466 1971 536 2040 post
545 1958 697 2040 qnoduou
708 1956 922 2025 suntlavantltn
928 1977 1045 2024 manus.
1060 1983 1075 2010 ι
1088 1952 1361 2040 (Episttxxxtv.)

278 2061 379 2144 Atque
391 2063 457 2146 ipse
471 2061 537 2128 brec
552 2065 691 2128 mutum?
713 2063 842 2152 'facitu
853 2077 979 2148 aperte:
1001 2089 1017 2120 ι
1036 2059 1175 2146 Simplici
1198 2061 1299 2138 rictu,
1326 2075 1361 2124 et

278 2167 447 2252 agrestibus
459 2168 577 2252 ponus,
593 2189 650 2247 ac,
667 2169 693 2232 si
703 2169 768 2234 sitis
780 2171 978 2248 admoneret,
992 2167 1161 2254 profluente
1174 2189 1252 2250 aqua
1262 2169 1361 2232 risam

279 2273 437 2336 tolerasse.
450 2299 466 2329 ι
480 2273 564 2358 (XV
579 2273 679 2352 Anu.)
694 2272 771 2358 Qua
787 2275 843 2340 ista
859 2275 944 2341 sumt?
958 2295 1050 2358 quam
1064 2274 1241 2340 admiranda
1254 2274 1286 2340 iu
1295 2273 1362 2338 illis

281 2381 406 2466 opibus,
421 2382 453 2443 in
469 2381 540 2444 aula
553 2393 584 2445 et
598 2383 756 2466 purpura?
771 2380 949 2452 Placeamus
965 2380 1054 2447 nobis
1066 2404 1074 2442 t
1085 2380 1137 2444 vix
1148 2381 1240 2446 botlie
1253 2380 1285 2443 iu
1297 2380 1359 2444 ista

280 2487 410 2573 pietate,
430 2501 462 2552 ct
481 2489 546 2571 ejus
565 2487 715 2572 premiis,
731 2489 783 2572 qui
804 2489 979 2573 religiosam
992 2489 1086 2552 vitam
1096 2487 1295 2573 profitentur,
1314 2487 1363 2552 sic

282 2595 395 2658 vivunt.
413 2593 497 2657 Vix?
514 2593 576 2668 imo
597 2613 660 2664 uou
681 2594 792 2657 vivunt.
812 2592 890 2676 Quis
910 2595 941 2656 in
959 2613 1084 2658 omnem
1099 2594 1193 2658 vitam
1207 2594 1277 2656 rino
1297 2593 1362 2656 ab-

282 2701 393 2768 stinet?
406 2701 474 2784 quis
486 2722 566 2791 pane
579 2702 660 2770 sioeo
674 2713 832 2772 contenuit
842 2701 908 2766 est?
919 2701 988 2784 quis
998 2701 1099 2784 aqua?
1115 2715 1146 2764 et
1158 2699 1212 2766 tali
1223 2699 1359 2764 culcita?

276 2806 325 2871 Et
348 2821 383 2870 ut
403 2809 483 2886 sint,
511 2829 625 2892 paucos
649 2809 908 2897 esse‘opinamum
933 2820 986 2872 aut
1006 2809 1129 2873 sumus.
1147 2805 1239 2872 Abite
1258 2827 1359 2890 ergo,

283 2916 364 2998 quod
381 2917 421 2980 atl
438 2912 525 3000 Opes
539 2915 663 2989 attinet.
690 2914 851 2983 calruuuias
871 2936 878 2975 ε
897 2912 1022 2987 habuit,
1033 2935 1104 2980 uon
1118 2913 1245 2988 habuits
1265 2913 1358 2992 aliis,

284 3041 347 3084 nou
360 3019 441 3090 sibis
459 3020 538 3086 bene
553 3020 692 3096 adruisit,
708 3019 788 3087 bene
808 3020 916 3084 emisit.
935 3019 978 3081 At
998 3017 1061 3083 Dio
1077 3021 1115 3082 tle
1129 3019 1202 3082 luxu
1221 3017 1359 3100 aliquid,

286 3142 318 3198 et
340 3127 378 3194 tle
402 3125 520 3196 Mensis
546 3123 657 3200 Gitreis
677 3126 729 3208 (ai
753 3126 974 3207 commemini)
995 3125 1174 3212 quingentis.
1194 3123 1265 3211 Ego
1292 3147 1360 3188 non

285 3237 397 3312 crede,
416 3233 574 3304 bominem
590 3232 642 3316 qui
657 3232 743 3302 illam
758 3232 856 3317 ipsam
876 3232 909 3299 iu
928 3231 1053 3298 orbibus
1071 3233 1136 3296 istis
1150 3233 1300 3298 insamam
1314 3235 1362 3298 sic

284 3343 382 3408 libere
394 3339 513 3424 scriptis
528 3339 659 3418 temnit,
680 3340 821 3403 earutlem
838 3339 1030 3422 impudenter
1048 3361 1219 3425 usurpasse.
1232 3338 1363 3422 Aliquid

285 3447 435 3532 amplius?
453 3465 514 3516 neu
526 3444 682 3528 scripsisse
699 3441 835 3507 Diouem
854 3444 896 3514 ita
916 3446 1018 3516 oredo.
1037 3442 1165 3509 Exstant
1182 3445 1305 3528 quidem
1326 3445 1361 3508 iu

286 3555 420 3639 epitome
433 3554 517 3635 ejus,
537 3572 558 3614 a
576 3549 699 3620 Joanne
712 3549 893 3635 Xipbilino:
912 3554 966 3618 secl
984 3573 1047 3622 nou
1069 3575 1106 3615 ex
1127 3550 1239 3615 Dionis
1261 3551 1361 3614 adlir—

286 3660 437 3738 spatione,
448 3673 483 3725 ut
495 3657 636 3741 equidem
645 3657 772 3740 opinor;
788 3670 951 3734 etaemus,
967 3660 1020 3722 secl
1033 3657 1157 3742 abcnjus
1171 3655 1290 3736 Suilli,
1306 3672 1362 3721 aut

285 3766 468 3846 consimilis¹
481 3765 533 3848 qui
547 3765 628 3849 apud
645 3761 782 3830 Dionem
802 3763 924 3848 objecit.
945 3763 1050 3834 Bonus
1070 3763 1246 3850 xiphilinus
1260 3779 1292 3828 ut
1311 3787 1362 3829 as-

284 3887 365 3940 serta
384 3871 511 3951 babuit,
527 3871 567 3934 ab
585 3871 639 3934 illo
652 3870 765 3934 inserta
777 3893 785 3931 t
799 3885 830 3934 et
845 3885 879 3934 ut
892 3872 1001 3951 aliter,
1014 3872 1081 3956 quis
1094 3873 1175 3940 bona
1194 3887 1296 3940 mente
1306 3876 1363 3938 atl-

282 3980 402 4050 mittetl
417 3975 452 4042 Si
465 3978 526 4046 boc·
545 3977 637 4044 etiam
653 3977 691 4043 de
711 3976 859 4040 adrrlterio
870 3976 1065 4063 Agrippinae3
1084 3979 1178 4042 etiam
1194 3983 1231 4043 de
1244 3979 1362 4065 flagitio

280 4089 314 4152 iu
327 4087 487 4152 Neronem
497 4097 527 4147 et
538 4105 604 4170 quae
614 4085 707 4168 pudet
719 4084 766 4147 rel
778 4085 951 4169 propalare.
962 4083 1130 4150 Enimvero
1142 4086 1195 4148 ubi
1210 4084 1335 4150 Tacitus
1348 4133 1361 4160 ,

283 4194 337 4258 ille
354 4203 531 4262 accuratus,
546 4189 598 4252 ille
611 4188 707 4266 fitius,
723 4189 817 4252 talem
833 4191 966 4272 aliquam
986 4192 1034 4255 vel
1050 4192 1253 4276 suspicionem
1264 4191 1361 4274 jecit?

197 4319 201 4328 ·
268 4293 356 4388 ⁴lpse
370 4298 434 4372 Diu
455 4297 609 4384 quomodo
627 4315 690 4362 nou
710 4298 835 4387 propria
855 4297 944 4366 leude
965 4313 996 4366 et
1018 4299 1190 4368 testimonio
1212 4297 1364 4366 refellat?
