2894 4954
348 465 509 534 Linon
533 466 590 552 11,
617 467 727 533 cnr.
754 466 820 532 ιν.
1053 475 1117 562 ,57

72 595 145 664 nihil
158 594 331 676 aliudest,
355 618 456 686 quom
473 595 631 662 atrocitas
643 595 747 662 animi
758 595 794 661 in
805 592 981 688 exigendis
994 601 1115 691 poeuis.

71 711 127 778 Sed
142 711 277 804 quidum
294 735 363 778 non
380 711 521 802 exigunt
538 733 678 801 poenas,
706 708 862 778 crudeles
877 725 990 779 tarnem
1010 729 1088 780 sunt
1109 739 1116 778 :

73 841 250 921 tamquam,
272 829 331 918 qui
343 827 475 918 ignotos
493 825 646 892 homines
659 839 694 892 et
709 824 824 892 obvios
835 851 903 894 nou
915 829 951 894 iu
962 852 1121 922 compen-

71 941 153 1011 dium
166 949 191 1026 ¹,
211 940 273 1011 sed
296 939 475 1010 occidendi
493 964 593 1008 eausa
617 938 813 1010 occidunt².
837 943 908 1008 Nec
925 943 1120 1012 interficere

74 1060 226 1140 conteuti,
240 1059 403 1141 saeviunt,
422 1071 460 1124 ut
477 1056 567 1124 Sinis
574 1054 633 1123 ille
641 1071 676 1123 et
690 1050 924 1137 Procrustes³,
943 1060 1118 1150 etpirstre,

72 1171 123 1259 qui
139 1185 251 1264 captos
268 1169 470 1250 verberant,
491 1168 574 1236 etin
591 1169 706 1262 iguem
723 1168 817 1236 vivos
834 1170 1024 1262 imponunt.
1042 1175 1122 1242 Haec

70 1283 242 1353 crudelitas
258 1283 399 1377 quidem
412 1282 490 1351 :sed
500 1284 580 1374 quis
591 1306 656 1350 uec
666 1282 832 1350 ultionem
848 1280 1024 1376 sequitur⁴
1037 1286 1121 1374 (non

70 1397 238 1476 enimlaesa
252 1413 303 1466 est
313 1399 341 1486 )‚
358 1410 570 1489 necpeccnto
580 1393 683 1462 elicui
697 1395 855 1464 irascitur
872 1396 1022 1486 (nullum
1032 1399 1123 1466 enim
1236 1453 1241 1461 .

68 1515 240 1582 antecessit
251 1515 380 1582 crimen
394 1512 423 1601 )‚
444 1526 538 1580 extro
552 1511 741 1578 finitionem
754 1525 902 1578 nostram
919 1511 1011 1580 cadit
1025 1538 1032 1578 :
1047 1537 1123 1605 quae

70 1630 168 1696 finitio
198 1627 393 1697 continebat
419 1629 456 1693 in
489 1625 665 1719 exigendis
693 1627 802 1720 poenis
829 1628 1124 1722 intemperantiam

68 1746 174 1812 animi.
190 1748 370 1814 Possumus
381 1743 516 1825 dicere,
535 1767 603 1811 nou
614 1765 687 1810 esse
697 1743 786 1810 hanc
797 1743 1049 1831 crudelitatem,
1063 1747 1126 1816 sed

68 1859 249 1943 feritatem,
269 1862 324 1930 cui
339 1861 503 1954 voluptati
520 1859 647 1927 saevitia
668 1873 738 1941 est,
758 1882 934 1952 possumus
958 1864 1124 1933 insaniam

68 1998 179 2044 vocare
197 2002 205 2042 ε
224 1999 301 2042 nom
312 1975 406 2044 varis
423 1988 503 2041 sunt
516 1996 642 2066 genera
654 1973 728 2064 ejus
738 1967 763 2054 ⁵,
786 1989 821 2041 et
838 1976 968 2044 nullum
982 1981 1121 2063 certius,

68 2113 161 2180 quam
181 2091 274 2186 quod
293 2092 329 2158 iu
346 2087 454 2158 credes
472 2089 648 2157 hominum
672 2103 706 2155 et
736 2089 934 2160 laniationes
953 2099 1120 2186 pervenit.

67 2206 139 2275 lllos
154 2233 238 2302 ergo
251 2205 407 2276 crudeles
420 2204 567 2288 vocabo,
584 2205 644 2296 qui
657 2205 822 2296 puniendi
835 2231 969 2278 causam
976 2210 1117 2298 habent,
1147 2235 1163 2284 3

67 2440 199 2499 clementie
207 2443 341 2498 crudelitas
354 2447 450 2514 (quam
461 2441 567 2495 etsimili
616 2443 659 2497 bat
674 2443 848 2500 distrahendus
860 2463 867 2510 ς
879 2447 948 2501 uude
959 2448 1019 2502 huic
1028 2471 1123 2524 coguo-

66 2519 137 2574 modo
152 2521 207 2575 Cic.
216 2523 245 2574 iu
255 2522 377 2584 Vernv,
389 2539 442 2593 esp.
463 2520 511 2587 44,
521 2538 567 2590 op·
616 2539 675 2572 men
689 2520 804 2574 additum
818 2523 1002 2598 Pityocsmptes
1019 2546 1034 2578 a
1048 2547 1122 2601 με.

66 2597 166 2664 pouit);
179 2617 238 2669 quo¹
255 2596 375 2651 delinitur
395 2609 419 2649 et
438 2617 453 2648 s
471 2595 567 2649 feritate
617 2597 702 2650 vocab.
719 2601 830 2667 κάμπτειν
850 2620 970 2668 curram,
996 2616 1021 2655 et
1037 2608 1120 2668 πίτυς,

64 2672 239 2750 distinguitur,
249 2676 330 2730 allatis
343 2676 468 2749 exemplis.
478 2675 513 2727 Ut
522 2695 569 2728 su·
614 2678 693 2744 pinus
703 2677 714 2742 (
725 2675 842 2748 Apollod.
851 2677 896 2730 lib.
907 2679 959 2742 Ill,
970 2699 1024 2752 esp.
1036 2681 1081 2746 rb,
1096 2702 1122 2747 ας

65 2752 411 2808 temaseveritatocrudslitas
423 2753 507 2806 dissert
516 2753 568 2819 ,sic
617 2751 744 2805 Plutarch.
762 2752 836 2805 Thes.
855 2774 908 2828 cup.
925 2755 1034 2826 8:ibiq.
1052 2759 1123 2811 Leo-

65 2829 225 2884 aelementis
239 2827 410 2883 misericordis
426 2847 483 2899 que
501 2829 569 2882 vitiis
617 2827 686 2902 pold.
704 2828 749 2900 qui
764 2842 877 2882 nostrum
896 2831 980 2884 locum
998 2853 1051 2886 uon
1072 2855 1124 2888 ue-

64 2911 251 2964 suuumeraudt
262 2923 312 2972 est,
323 2909 418 2963 nedum
428 2909 568 2962 virtutibus.
618 2905 694 2978 glesit
702 2908 722 2972 ).
734 2905 805 2958 ldem
822 2905 865 2959 ille
877 2909 1017 2962 censendus
1028 2931 1057 2964 ac
1069 2913 1125 2965 sci-

98 3005 117 3037 ι.
135 2989 171 3040 1η
182 2989 372 3057 compendium.
389 2986 419 3039 ld
437 2998 487 3051 est,
504 2985 568 3039 lucri
618 3000 666 3033 ton
677 2981 748 3052 cujus
764 3002 819 3036 ossa
830 2983 858 3035 in
869 3005 943 3059 rupes
953 3000 1047 3040 mutata
1058 3002 1124 3042 sunt.

65 3077 88 3116 et
95 3065 209 3118 utilioris
223 3083 304 3117 eausa.
618 3057 762 3112 Procrustes
774 3079 835 3112 vero
852 3060 881 3112 iu
899 3062 994 3128 Attica,
1011 3065 1055 3134 qui
1070 3065 1126 3116 vis-

95 3165 118 3196 2,
136 3144 280 3198 occidendi
292 3161 373 3195 mma
387 3143 511 3195 occidunt,
523 3141 570 3193 Si.
619 3148 684 3187 tores
697 3137 762 3189 lecto
780 3137 946 3191 metiebatur:
965 3141 986 3192 si
996 3141 1126 3213 longiores

67 3220 118 3272 mili
133 3221 266 3275 locutione
280 3238 351 3292 supra
366 3219 396 3272 de
414 3219 467 3281 lrs,
479 3216 523 3269 lib.
542 3217 567 3284 l,
619 3225 715 3275 emti
731 3214 903 3285 Pf⁰1¹¹i¹²ffll⁶⁸
918 3218 1028 3290 cvrpor'tt
1047 3232 1126 3290 partes

67 3315 115 3370 esp.
138 3297 184 3364 ιθ,
205 3295 252 3350 sub
269 3296 324 3348 init.
343 3295 424 3349 «Jsm
443 3313 495 3346 non
511 3313 571 3345 cau·
620 3289 778 3362 amputsbnt3
790 3288 830 3342 sin
838 3291 981 3356 breviores,
992 3295 1067 3366 pedes
1078 3316 1127 3348 es-

67 3373 107 3438 sis,
121 3395 180 3446 quae
201 3393 335 3446 nunquam
356 3371 425 3426 malo
449 3372 571 3426 defuturas
620 3365 897 3436 tendebat(Plutsrcb.
907 3371 981 3424 Thes.
995 3392 1048 3445 cap.
1059 3375 1125 3438 xil,

65 3467 141 3519 tunt,
157 3449 297 3526 impelleris
313 3473 320 3514 ς
334 3451 377 3502 sed
397 3449 455 3502 setis
476 3449 523 3501 tibi
535 3461 571 3500 est
620 3442 682 3513 ibiq.
693 3445 817 3518 Leopoldt
827 3449 845 3512 ).
862 3449 1004 3519 Utrumque
1015 3451 1127 3504 Theseus

66 3529 571 3605 magussdpeccandumcsusspeecsre.»
621 3520 733 3583 sustulit,
747 3542 841 3592 quum,
855 3526 973 3578 Troeuene
988 3529 1126 3600 proiectus,

97 3607 120 3659 3.
130 3608 208 3662 Sinis
219 3611 264 3661 ille
273 3619 298 3659 et
308 3606 466 3660 Procrustes.
476 3605 499 3657 E
510 3605 573 3658 Pin·
622 3600 733 3653 Athenas
745 3602 772 3653 iu
783 3603 873 3655 urbem
889 3605 994 3678 patriam
1008 3609 1128 3660 tenderet.

64 3686 128 3740 cisni
139 3687 288 3758 conjectura
299 3683 410 3736 derivata
420 3682 503 3735 lectio.
518 3684 573 3734 Au·
654 3679 678 3744 4.
694 3677 954 3752 Ultionemsequteur.
966 3683 1022 3734 lloc
1034 3697 1083 3748 est,
1096 3685 1128 3738 sd

64 3763 150 3816 tebsc:
164 3761 267 3816 Busiris
280 3759 361 3814 illest
375 3761 527 3812 Procrustes.
542 3759 572 3809 lu
622 3755 747 3808 ultionem
768 3757 849 3808 tendit
872 3759 959 3810 animo
975 3773 1130 3832 conceptam.

64 3840 223 3914 exemplariis
248 3838 304 3890 aliis
333 3836 417 3890 Osiris
443 3849 468 3887 et
486 3833 570 3895 Siris,
626 3834 758 3900 Συνώννμον
772 3832 820 3885 boc
833 3834 889 3887 loro
911 3839 938 3888 rb
958 3841 1075 3904 sequitur
1088 3848 1129 3892 τοῦ

63 3917 305 3973 tsnchinislacile
318 3914 573 3968 concludendum-
626 3919 742 3982 denubit·-
1103 3929 1111 3936 ’

62 3997 134 4053 Sinis
143 4001 190 4050 ille
202 4008 228 4050 et
236 3994 397 4048 Procrustes.
408 3995 528 4045 Latrones
539 3994 572 4044 la·
661 3990 684 4040 5.
708 3989 795 4040 Vario
814 3999 875 4040 suot
892 4008 988 4057 genera
1006 3993 1069 4058 ejus.
1088 3994 1131 4047 Sic

63 4077 133 4128 mosi.
141 4077 265 4142 Quorum
271 4071 472 4143 quidemille,in
479 4069 575 4123 Isthmo
626 4067 693 4117 lram
707 4065 758 4132 (de
766 4067 805 4118 lrs
813 4105 820 4132 ,
829 4066 874 4119 lib.
885 4069 911 4131 l,
924 4087 976 4138 esp.
991 4071 1018 4134 ι)
1030 4071 1133 4124 brevem

65 4153 95 4203 ad
113 4151 289 4210 Corinthum,
308 4149 426 4202 homiues
445 4145 576 4199 arboribus
626 4144 764 4210 iussuism,
776 4147 856 4214 μανίαν
867 4147 1041 4215 ὀλιγοχρόνιον,
1052 4149 1132 4214 dixit3

65 4229 132 4282 flexis
142 4227 305 4295 curvatisque
313 4225 449 4300 alligabat,
459 4225 525 4277 etsie
533 4223 577 4274 da·
626 4235 651 4274 et
658 4237 747 4292 notum
756 4239 874 4298 proeterea
881 4225 948 4296 spud
955 4225 1134 4280 Stoicosomne
1193 4259 1201 4270 .,

217 4309 242 4374 l.
947 4329 985 4398 ¹7
