2926 4958
271 485 341 554 AD
367 487 537 557 STOIC.
563 489 771 559 PHILOS.
798 491 897 560 LIB.
925 494 975 559 II.
1125 519 1164 561 cr

411 725 768 812 orssuurarro
798 730 840 791 v.

87 877 151 936 Alio
166 877 368 958 Philosophia
383 877 500 951 diuisis,
517 879 546 936 in
564 875 813 958 Contemplatioum
829 889 856 939 el
872 879 1005 941 Actioum
1026 883 1164 942 :ilerum-

471 985 650 1065 qucsiuguloe
659 983 771 1045 dimisa.

120 1161 225 1223 Ausus
237 1182 348 1224 omnes
360 1206 370 1238 ,
383 1162 433 1243 qui
444 1161 476 1223 iu
486 1161 651 1225 Academia
663 1162 720 1227 hac
731 1165 803 1240 tali,
817 1179 868 1226 aut
878 1167 957 1248 juxta
970 1167 1040 1228 estis
1056 1191 1063 1226 ε
1077 1168 1166 1232 nohis

83 1267 268 1352 Dogmatica
277 1268 494 1352 placet‚etpro
504 1291 540 1330 ea
551 1267 779 1354 Philosophiam
789 1274 852 1355 jam
862 1273 1038 1335 dividemus.
1046 1271 1102 1337 Est
1111 1297 1167 1358 rgr

84 1389 129 1436 tur
144 1374 277 1457 duplex,
291 1371 558 1458 Contemplativa‚
580 1389 632 1437 aut
641 1374 749 1439 Actiua
763 1401 770 1437 ε
792 1390 880 1458 atque
898 1379 929 1440 id
943 1399 979 1439 cx
991 1381 1164 1464 praescripto

83 1496 206 1544 natmae.
220 1510 236 1536 ιι
248 1481 368 1544 Natura
382 1483 482 1556 enim,
497 1484 538 1543 ait
548 1481 683 1560 Seneca,
703 1485 743 1546 ad
756 1497 916 1567 utrumque
928 1507 985 1548 uos
995 1487 1118 1570 genuit,
1135 1501 1166 1549 et

83 1587 336 1672 contemplationi
350 1609 473 1664 terrun,
490 1602 520 1650 et
533 1590 652 1652 actioni.
667 1619 682 1644 n
698 1589 803 1672 ltaque
818 1613 854 1653 ex
869 1593 933 1674 ejus
947 1605 977 1654 et
993 1591 1165 1656 Stoicorum

84 1709 206 1770 mente,
221 1721 236 1748 α
251 1691 448 1777 Philosophia
467 1708 497 1756 et
519 1694 751 1778 contemplativa
775 1710 838 1773 est,
855 1711 885 1759 et
901 1698 1015 1760 activa:
1029 1712 1162 1781 spectat,

85 1803 237 1884 simulque
264 1801 334 1885 agit.
353 1799 450 1864 Erras
469 1803 578 1879 enim,
601 1803 627 1864 si
652 1801 737 1864 illam
757 1816 844 1886 putas
869 1818 986 1865 tautum
1006 1817 1164 1867 terrestres

85 1929 199 1992 operas
225 1908 408 1992 promittere
435 1931 443 1968 ε
474 1908 562 1971 altius
588 1909 691 1992 spirat.
712 1907 850 1986 Totum,
876 1910 990 1991 inquit,
1017 1913 1165 1973 mundum

85 2033 224 2091 scrutor,
249 2036 308 2080 nec
328 2038 379 2078 me
399 2017 477 2078 intra
498 2017 729 2080 coutuhemium
751 2017 880 2080 mortale
899 2018 1062 2094 contineo,
1094 2039 1166 2080 sua-

84 2127 156 2186 dere
183 2123 275 2186 vohis
301 2143 336 2186 ac
358 2124 531 2186 dissuadere
555 2137 706 2188 contenta.
734 2121 849 2208 Magna
877 2147 927 2187 me
954 2109 1086 2202 vocant}
1110 2147 1165 2186 su-

84 2253 201 2314 praque
218 2251 279 2293 nos
296 2231 427 2315 posita.»
445 2230 514 2309 (De
523 2229 596 2294 Vita
611 2231 700 2294 Beat.
722 2253 788 2315 cap.
809 2232 846 2294 31
867 2245 898 2293 et
918 2231 976 2304 32;
992 2229 1052 2315 Ep.
1068 2235 1165 2308 xcv.)

85 2337 366 2422 Contemplatiram
383 2351 484 2400 autem
499 2337 625 2400 dicimus
641 2338 690 2402 cui
704 2338 769 2400 sola
785 2359 821 2401 ea
835 2383 844 2410 ,
869 2352 921 2401 aut
933 2338 1083 2421 praecipua
1097 2339 1168 2419 qui-

84 2448 177 2522 dem,
204 2445 285 2508 linis.
304 2443 388 2506 Nam
406 2443 466 2507 hoc
484 2446 581 2516 addo;
600 2444 670 2526 quia
686 2473 702 2498 o
715 2444 881 2527 plurimum
898 2445 1079 2507 discriminis
1099 2458 1143 2506 est
1153 2490 1164 2520 ,

84 2553 126 2614 ait
142 2551 281 2628 Seneca,
299 2565 402 2614 utrum
420 2550 520 2633 aliqua
540 2573 590 2614 res
603 2551 809 2635 propositum,
826 2573 866 2613 au
878 2551 1026 2635 propositi
1041 2552 1165 2642 alterins

83 2660 221 2724 accessio
236 2659 286 2722 sit.
304 2658 424 2722 Tamen
444 2659 574 2720 alterum
590 2659 654 2722 sine
670 2659 767 2721 altero
781 2681 843 2722 nou
858 2674 924 2737 est,
951 2680 1008 2722 uec
1022 2658 1073 2720 ille
1096 2659 1161 2720 sine

83 2768 205 2828 actione
221 2764 463 2849 contemplatum
476 2786 533 2828 nee
553 2765 603 2828 hic
617 2766 681 2828 sine
708 2767 964 2849 contemplatione
983 2766 1052 2849 agit
1065 2794 1080 2820 υ
1092 2764 1165 2848 (De

82 2871 159 2936 Vita
170 2872 263 2934 Beat.
278 2893 344 2956 cap.
355 2871 425 2954 ult.)
436 2871 531 2955 lgitur
544 2871 638 2932 uinta
647 2872 711 2934 fere
724 2897 731 2944 ς
748 2875 800 2933 scd
812 2886 913 2934 tamen
925 2871 957 2932 iu
969 2871 1063 2934 altera
1074 2917 1084 2948 ,
1095 2894 1168 2934 con·

82 2981 247 3065 templatio
261 2982 325 3042 sire
336 2981 460 3043 scientia
471 2980 619 3063 praecipue
631 2980 764 3062 petitur,
781 2981 812 3041 iu
829 2981 906 3051 ista,
924 2982 1002 3044 actio
1019 2981 1081 3042 sive
1095 2980 1165 3041 effr-

80 3087 194 3149 cieutia
206 3086 284 3168 ipsa.
298 3083 478 3147 Dividitura
495 3082 703 3168 Peripateticis
715 3083 958 3170 contemplativa
971 3087 1076 3148 intres
1088 3108 1165 3168 par-

80 3207 129 3254 tes
147 3215 157 3252 ε
173 3191 382 3274 'l'heologiam
393 3236 402 3268 ‚
415 3188 665 3274 Physiologiam‚
684 3188 942 3258 Mathematicam.
962 3191 1165 3276 Theologiam

79 3298 178 3378 (aliis
189 3311 235 3359 est
243 3297 344 3379 prima
351 3294 548 3379 Philosophia
557 3341 566 3373 ‚
576 3317 594 3357 a
605 3295 761 3379 dignitate)
775 3296 896 3374 dicunt,
907 3298 938 3358 in
950 3299 1068 3381 superis
1076 3298 1166 3360 rebus

78 3405 241 3480 deditam,
257 3423 322 3484 φη
332 3423 462 3486 corpore
475 3415 506 3464 et
518 3403 646 3464 materia
659 3417 764 3464 carent
776 3427 783 3475 ;
802 3417 834 3465 ut
849 3418 917 3466 sunt
930 3404 1033 3481 Deus,
1049 3402 1142 3466 Genii
1154 3450 1164 3478 ‚

77 3511 237 3588 Animus,
261 3523 291 3571 et
312 3531 377 3591 qua
397 3509 556 3572 adhaerent
577 3507 824 3594 Physiologiam‚
848 3511 879 3572 in
899 3511 937 3572 iis
956 3531 1019 3592 quae
1037 3511 1165 3573 materia

78 3631 244 3694 comant,
261 3630 293 3680 et
302 3637 392 3679 seusu
405 3615 632 3700 percipiuntur3
653 3628 686 3678 ut
697 3616 861 3695 animalia,
883 3617 1013 3701 plantae,
1029 3618 1165 3701 lapides,
1287 3665 1289 3668 -

79 3741 108 3788 et
116 3748 189 3810 qm
199 3725 350 3807 adjumeta⁴
363 3721 592 3796 Mathematica‚
602 3743 667 3803 quae
677 3721 709 3784 in
716 3722 806 3785 rebus
816 3723 938 3804 quidem
948 3723 1012 3785 sine
1024 3744 1165 3810 corpore,

78 3837 131 3898 sed
145 3835 182 3896 in
193 3851 328 3916 corpore
339 3844 441 3894 umen
451 3829 647 3893 consideratis
660 3851 667 3889 :
681 3842 713 3891 ut
723 3843 791 3892 sunt
800 3831 939 3906 numeri,
954 3832 1039 3908 soni,
1053 3830 1165 3915 figurae,

79 3941 219 4004 oetutes
238 3951 349 4001 motus.
369 3935 474 4018 ltaque
485 3936 548 4000 haec
559 3934 675 4019 singtda
699 3936 831 4019 singrdas
845 3937 955 3998 iterum
966 3937 1107 3999 scientias
1119 3939 1168 4020 gi-

78 4062 196 4133 gmmt;
217 4045 413 4126 dividuntque
431 4042 649 4106 Mathematica
669 4044 700 4104 iu
718 4042 967 4120 Arithmeticam‚
980 4064 1044 4123 quoe
1056 4065 1168 4105 uume-

79 4177 151 4226 τοις
167 4151 348 4230 Marsicam,
361 4171 426 4232 qiua
437 4169 527 4211 sonos
538 4171 546 4222 ς
559 4145 771 4210 Geometriam
782 4193 790 4223 ‚
803 4169 866 4229 quae
881 4147 1008 4232 liguram
1025 4147 1168 4210 Astrolo-

78 4265 181 4346 giam,
196 4280 266 4341 quae
281 4277 411 4340 superos
422 4257 491 4319 illos
502 4269 603 4318 motus
617 4267 739 4339 spectat.
754 4253 829 4319 Jam
841 4255 937 4319 activa
953 4276 1023 4338 pars
1038 4255 1166 4331 dicitur,

78 4370 125 4432 cui
137 4367 214 4430 linis
222 4364 391 4449 praecipuus
401 4377 432 4426 et
444 4362 556 4426 fructus
571 4362 650 4426 actio
665 4375 727 4440 est,
744 4385 808 4444 quae
824 4362 983 4445 tripliciter
997 4362 1070 4423 item
1085 4360 1165 4423 divi-
