2886 4958
435 438 610 512 CAPUT
633 439 701 508 IV.
1036 437 1101 510 363

31 577 111 648 ritia
124 591 194 660 est,
211 597 277 643 neo
290 554 399 642 secari
409 570 570 656 adamas,
586 587 646 640 aut
658 568 765 654 cedi,
779 568 835 640 vel
847 565 959 660 deteri
973 583 1102 664 potest,

30 691 93 764 sed
106 692 319 763 incurrentia
330 689 422 760 ultro
434 687 590 760 retundit
604 697 612 736 ¹
625 715 635 774 ς
648 685 936 780 quemadmodum
949 683 1108 780 quaedem

30 831 103 877 non
115 823 258 902 possunt
274 807 355 900 igne
371 801 547 887 consumi,
564 799 626 870 sed
642 801 777 871 flamma
792 791 998 870 circumfusa
1013 799 1109 893 rigo-

31 947 108 991 rem
122 946 222 990 suum
238 919 463 1012 habitumque
478 930 680 992 conservant
696 943 706 1002 3
727 915 1012 1010 quemadmodum
1032 937 1111 1009 pro·

27 1039 118 1132 jecti
138 1039 176 1106 in
193 1037 299 1106 altum
315 1035 469 1130 scopuli¹
488 1056 582 1102 mare
601 1033 784 1126 frangunt,
799 1055 865 1101 nec
876 1033 943 1126 ipsi
962 1030 1033 1100 ulla
1045 1055 1109 1101 see·

32 1157 128 1226 vitiae
149 1156 318 1250 vestigio,
337 1169 387 1224 tot
410 1151 580 1222 verberati
601 1150 752 1234 saeculis,
775 1164 947 1219 ostentant
966 1175 976 1218 t
995 1151 1044 1220 ita
1062 1173 1114 1220 ss·

32 1270 166 1368 pientis
182 1269 316 1338 animus
333 1266 461 1337 solidus
475 1283 549 1350 est,
565 1280 599 1334 et
615 1264 652 1333 id
665 1265 798 1335 roboris
815 1265 975 1362 collegit,
994 1280 1115 1336 uttam

35 1402 136 1456 tutus
154 1386 199 1454 sit
213 1383 257 1453 ab
270 1382 417 1477 injuria,
438 1405 541 1475 quam
558 1381 617 1450 illa
633 1405 710 1473 quae
723 1381 840 1452 retuli.

88 1505 152 1573 IV.
177 1529 195 1566 u
210 1499 307 1595 Quid
322 1501 430 1594 igitur
440 1501 455 1568 t
465 1523 534 1568 non
549 1499 617 1566 erit
628 1498 753 1590 aliquis
770 1500 829 1592 qui
845 1498 990 1592 sapienti
1005 1497 1116 1568 facere
1143 1523 1156 1559 ι

35 1630 152 1688 tentet
170 1615 359 1708 injuriam?
372 1639 389 1679 ι
410 1602 621 1703 Tentabit3,
642 1611 703 1682 sed
720 1634 790 1681 non
809 1627 1052 1707 perventuram
1073 1610 1119 1682 ad

36 1757 136 1805 eum.
158 1731 290 1825 Majore
307 1729 400 1798 euim
418 1724 599 1800 interlallo
614 1752 636 1798 a
653 1745 811 1799 contactu
828 1729 1030 1800 inferiorum
1055 1729 1120 1798 ab·

38 1851 170 1921 ductus
189 1863 262 1930 est,
278 1869 381 1939 quam
399 1861 439 1914 ut
455 1805 574 1914 ulla
537 1863 593 1945 uss
609 1840 711 1914 noxia
728 1869 838 1939 usque
854 1843 898 1914 ad
914 1845 1060 1916 illum
1029 1869 1122 1916 vires

38 1987 124 2034 suas
142 1960 306 2056 perierat.
327 1957 438 2028 Etiam
456 1981 562 2050 quum
576 1961 753 2051 potentes,
773 1975 810 2028 et
826 1961 971 2054 imperio
976 1952 1119 2042 ⁴editi,

39 2093 79 2148 et
93 2097 264 2144 consensu
276 2072 498 2141 servientium
509 2070 614 2140 validi
626 2120 636 2157 ,
649 2096 774 2142 nocere
787 2074 819 2142 ci
832 2073 1013 2142 intendent
1029 2097 1037 2140 ι
1055 2087 1124 2141 tam

39 2197 136 2266 citra
153 2192 342 2286 sapientem
361 2211 479 2259 omnes
501 2212 620 2258 eorum
645 2191 794 2285 impetus
814 2190 997 2276 deficient,
1021 2213 1124 2283 quam

42 2336 127 2408 quae
157 2332 263 2380 nervo
291 2298 534 2377 tormentisve⁸
552 2307 589 2375 in
606 2306 713 2377 altum
732 2311 992 2404 exprimuntur,
1020 2335 1126 2403 quum

42 2441 148 2498 extra
167 2427 277 2495 visum
294 2421 513 2508 exsilierunt,
535 2423 623 2492 citra
643 2425 764 2494 ooelum
787 2419 901 2495 tame'n
926 2427 1123 2494 flectuntur.
1237 2448 1244 2469 ·

43 2540 175 2638 Quid?
190 2554 228 2609 tu
244 2556 366 2635 putas,
387 2563 492 2634 quum
508 2538 650 2610 stolidus
663 2542 721 2611 ille
736 2537 820 2611 rex⁶
838 2542 1056 2613 multitudine
1074 2558 1127 2609 te·
1151 2565 1167 2598 ²

43 2663 167 2733 lorum
183 2658 276 2728 diem
298 2657 529 2742 obscurasset,
550 2657 658 2756 ullam
674 2662 831 2754 sagittam
847 2662 885 2729 in
909 2661 1022 2730 Solem
1043 2660 1129 2726 inci·

42 2781 146 2851 disse
160 2778 177 2848 Ρ
192 2792 253 2844 aut
271 2773 426 2844 demissis
443 2775 480 2841 in
493 2775 702 2870 profundum
719 2777 847 2846 ‘catenis
859 2781 1056 2871 Neptunum
1070 2801 1132 2870 po-

44 2899 162 2968 tuisse
175 2893 408 2987 contingii'Ut
420 2880 566 2960 caelestia
578 2892 744 2964 humanas
759 2919 879 2964 manus
892 2896 1080 2989 effugiunt,
1096 2909 1132 2963 et

43 3017 97 3086 ab
117 3014 176 3083 his
188 3035 248 3105 qur
238 3009 390 3104 'templa
404 3007 570 3098 diruunt,
585 3026 646 3078 aut
662 3011 843 3080 simulacra
861 3012 1028 3114 conflant,
1044 3011 1132 3080 nihil

44 3129 230 3202 divinitati
247 3142 419 3196 nocetur·
434 3128 482 3193 ita
495 3124 665 3219 quidquid
682 3128 747 3195 fit
737 3151 775 3196 m
793 3129 981 3222 sapientem
999 3143 1133 3221 proter-

45 3271 125 3328 ve,
151 3221 367 3339 petulanter,
388 3241 564 3336 superbe,
592 3242 719 3312 frustra
742 3253 905 3314 tentatur.
936 3243 1012 3313 «At
1029 3246 1134 3313 satius
1156 3251 1173 3304 3

89 3449 574 3529 1.Quomodc...........retundit.Nec
622 3471 647 3526 p.
664 3443 899 3526 157.sqq.)dehac
909 3473 1010 3527 gemma
1024 3453 1135 3527 collegit.

47 3533 151 3590 uostris
171 3530 309 3584 artificibus
330 3489 394 3583 lllna
411 3529 513 3601 anglico
533 3527 576 3582 vel
657 3551 682 3584 a.
691 3529 766 3602 Scope
765 3535 803 3585 ati.
814 3531 1069 3599 promontoriorum,
1089 3545 1135 3585 ete.

46 3614 110 3688 opti
101 3631 158 3664 rma
177 3609 228 3662 usis
246 3609 347 3662 cessim
366 3627 495 3681 gemmam
513 3606 575 3658 ada·
656 3609 702 3663 lV.
710 3611 781 3663 Ana.
784 3611 1134 3684 Virsapiensintsetusetlm·

45 3703 174 3746 mantem
183 3701 287 3740 consul.
298 3689 388 3758 Neque
397 3699 482 3739 umen
491 3686 523 3738 de
531 3705 575 3759 po·
620 3687 782 3763 penetrabilis
788 3700 823 3740 est
831 3687 1134 3760 injurilsetcontumelils.

45 3771 139 3824 litura
160 3765 319 3830 adamantis,
339 3783 396 3836 quoe
420 3763 524 3857 pulvere
545 3782 575 3816 ex
656 3768 680 3820 3.
698 3767 824 3820 Tentabi!
839 3768 881 3820 Sc.
894 3767 995 3838 aliquis.

46 3850 151 3904 eadem
171 3866 272 3919 gemma
284 3845 362 3920 potito
383 3845 437 3898 lieri
458 3844 537 3908 solet,
551 3855 576 3898 et
657 3847 778 3916 sprlmpe
763 3849 847 3900 rioed.
856 3845 1136 3919 Adimperiumeveoti.

45 3924 130 4002 apud
142 3923 245 3976 Veteres
258 3921 396 3994 qnoquein
408 3941 455 3974 usu
465 3921 501 3972 sui
496 3920 575 3974 tsevl·
659 3927 682 3977 5.
695 3925 960 3992 ΝιινοΙοιιηιιιΙίιιι,
974 3925 1005 3977 cf.
1012 3923 1052 3978 ad
1058 3923 1136 3978 delta

45 4009 135 4062 detur
138 4000 575 4074 ,necdeindomitsejusperignesn
624 4003 733 4076 1,q,1.

45 4113 79 4144 ῃ
70 4091 194 4158 i(qnam
204 4085 297 4138 victam
304 4083 497 4148 essenovimus)
507 4101 577 4136 nunc
658 4081 682 4134 6.
691 4081 810 4135 Stolidus
822 4084 867 4135 ille
884 4080 956 4134 Rex.
969 4081 1070 4136 Xerxes.
1083 4081 1138 4136 lle-

44 4185 146 4224 κηιιο
165 4175 210 4216 est.
226 4161 268 4215 Cl.
285 4181 342 4234 quae
355 4159 578 4226 dlaukefflatur-
625 4158 835 4225 rodot.lib.Vll,
849 4180 903 4234 cap.
915 4159 956 4226 33,
968 4181 1067 4237 sqenp.
1081 4163 1135 4226 108,

42 4239 202 4318 geschichte
218 4241 275 4292 und
290 4239 464 4310 Talnologie,
486 4238 516 4290 T.
529 4237 577 4291 lll.
625 4257 676 4308 seq.
692 4238 829 4292 leonidam
846 4238 894 4290 tela
909 4240 1042 4295 Persarum
1056 4241 1136 4294 solem
