2896 4958
284 453 308 522 6
727 455 794 522 DE
825 453 917 522 lna

286 582 432 653 cendum
444 585 721 668 insurrexerunt,
741 598 946 679 procurrant
958 599 1066 668 nota,
1083 609 1124 654 ao
1136 599 1360 678 totunm-pora

286 703 423 774 solitum
447 703 669 796 quietumque
690 703 915 796 egrediantur
935 701 1111 784 babitum,
1136 717 1171 770 et
1193 703 1362 771 feritatem

287 844 383 888 suam
401 820 629 911 exasperent?
654 821 819 912 Spumant
835 821 1030 916 aprisora,
1056 817 1176 888 dentes
1192 835 1362 888 acuuntur

286 933 406 1002 attritu
420 937 445 1016 ¹,
463 947 636 1002 taurorum
649 957 777 1002 nornua
785 935 960 1026 jactantur
972 935 1009 1004 in
1022 957 1186 1016 vacuum,
1206 950 1242 1002 et
1256 957 1361 1002 arena

287 1049 389 1142 pulsu
403 1048 529 1142 pedum
545 1050 739 1142 spargitur²
758 1077 766 1116 :
784 1049 1080 1135 monatianum,
1100 1051 1265 1122 inflentur
1276 1049 1361 1118 irri-

289 1167 367 1234 tatis
378 1167 465 1236 eolla
480 1167 697 1260 serpentibus
711 1161 743 1251 ³,
758 1165 955 1238 rabidarum
968 1192 1090 1238 oenum
1102 1169 1208 1237 mstis
1219 1165 1364 1260 adspec-

248 1276 265 1336 ὅ
290 1300 419 1354 tuaest.
435 1284 575 1354 Nullum
589 1300 641 1354 est
655 1285 781 1354 animal
795 1301 862 1354 tam
876 1283 1107 1367 horrendum,
1128 1300 1266 1378 umque
1278 1307 1362 1377 per·

288 1402 454 1472 niciosum
478 1417 623 1485 namra,
649 1416 780 1472 utnon
807 1417 971 1496 appareat
994 1403 1031 1470 in
1053 1402 1112 1472 illo
1129 1395 1162 1486 ⁴,
1186 1400 1287 1470 simul
1312 1402 1364 1470 ira

289 1519 430 1602 invasit,
445 1541 532 1586 nova
544 1518 688 1586 feritatis
700 1519 860 1588 accessio.
880 1520 952 1587 Neo
965 1519 1104 1612 ignoro,
1124 1533 1263 1588 aarum
1276 1539 1365 1608 qno-

290 1659 359 1728 que
376 1635 516 1704 affectus
530 1636 585 1703 vix
602 1635 786 1722 osculari,
804 1633 1004 1718 libidinem,
1023 1652 1237 1728 metumque,
1257 1649 1294 1702 et
1307 1657 1367 1702 au·

291 1751 423 1820 daciam
441 1750 524 1818 dare
543 1754 595 1818 eui
615 1752 734 1844 sigua,
759 1767 794 1820 et
811 1775 909 1846 posse
926 1753 1111 1846 praenotci3
1140 1776 1253 1845 neque
1272 1753 1366 1820 enim

290 1869 361 1937 ulla
375 1869 609 1940 vehementior
622 1869 712 1937 intra
725 1869 884 1964 cogitatio
900 1886 972 1954 est,
992 1896 1069 1964 quae
1082 1869 1172 1939 nibil
1184 1884 1318 1940 movent
1329 1867 1367 1938 in

290 1987 399 2058 vultu.
423 1985 521 2081 Quid
538 2009 622 2080 ergo
644 1987 813 2056 interest?
832 1986 925 2080 quod
941 1989 1000 2058 alii
1017 1989 1158 2060 affectus
1172 2000 1363 2083 apparent,

290 2105 350 2174 hic
367 2105 494 2174 eminet
507 2097 534 2172 ⁵.
609 2113 616 2128 “
696 2095 698 2110 '

340 2224 386 2292 11.
408 2223 481 2290 lam
494 2243 594 2304 vero,
614 2222 642 2288 si
654 2221 793 2290 effectus
807 2222 882 2316 ejus
900 2221 1092 2315 damnaque
1110 2225 1236 2292 intueri
1254 2222 1365 2306 velis,

291 2337 384 2406 nulla
395 2338 500 2431 pestis
509 2337 657 2406 humano
668 2340 787 2431 generi
798 2337 907 2434 pluris
916 2340 1009 2408 stetit
1018 2335 1045 2406 ⁶.
1055 2339 1195 2408 Videbis
1205 2337 1318 2408 eadee
1328 2361 1369 2406 ac

290 2477 443 2536 venena,
466 2470 501 2522 et
517 2477 654 2523 reorum
672 2471 806 2524 mutuae
823 2455 940 2525 sordes
956 2459 982 2542 ²,
1003 2473 1043 2526 et
1054 2457 1192 2524 urbium
1209 2447 1366 2538 olades',

310 2620 604 2690 r.Spumant...nttritu,
614 2621 667 2674 scil.
676 2622 804 2676 arborum.
870 2623 1225 2678 11.Am.t²roeediaomioad
1234 2625 1372 2676 ellectuset

292 2701 398 2772 nesiod.
418 2701 488 2755 Scut.
506 2701 609 2754 Hercul.
630 2701 687 2754 388.
709 2705 805 2771 Κάπρος
854 2701 948 2756 damna
968 2703 1019 2758 ire.
1044 2707 1067 2756 A
1088 2701 1188 2755 damnis
1209 2699 1369 2762 minoribm,

292 2783 426 2850 χαυλιόδων
437 2785 552 2846 ...atyn
563 2784 590 2835 δι’
598 2805 620 2834 τι
632 2785 712 2835 levain
722 2784 806 2836 ὀδόντα
854 2801 911 2854 quae
919 2782 990 2854 quasi
996 2782 1093 2856 privata
1100 2778 1280 2855 appellaveris,
1294 2790 1369 2852 puta,

293 2865 451 2930 Δοχμωθιὶς,
464 2864 569 2931 &apiarii
579 2865 630 2933 περὶ
644 2863 717 2932 eripe
726 2885 807 2932 paea·
855 2862 887 2915 ab
907 2860 1109 2914 accusationibus
1129 2859 1223 2912 mutuis
1245 2859 1256 2924 (
1265 2873 1372 2911 reorum

292 2939 372 3002 ye'srn
391 2940 498 3007 Δείβιτιι
517 2963 537 2992 a.
552 2963 572 2994 τ.
591 2944 612 2994 l.
630 2942 682 2994 lere
694 2961 807 3015 expressa
855 2950 955 2990 mutuas
975 2936 1060 2990 sordes
1081 2937 1195 3004 vocat),
1214 2931 1247 2986 ad
1270 2935 1372 3006 majora

293 3017 374 3071 vides.
856 3015 1023 3090 progreditur.

311 3115 333 3148 a.
356 3095 505 3148 Tauronem
518 3117 648 3150 comum...
664 3101 806 3168 spergitur.
872 3093 895 3147 6.
908 3093 1000 3146 Pluris
1010 3093 1149 3146 statiellas
1160 3103 1205 3156 est,
1216 3089 1300 3164 pluris
1311 3109 1373 3141 con-

294 3173 356 3228 }loec
373 3173 502 3246 Virgilio,
519 3175 582 3226 AEn.
598 3175 663 3240 llll,
687 3175 805 3241 tol-iob,
855 3173 1013 3238 stitit3nulla
1023 3175 1097 3246 pestis
1107 3173 1175 3226 mala
1184 3171 1268 3244 plura,
1280 3183 1314 3222 ut
1322 3167 1372 3221 sibi

293 3251 406 3305 sublecta
418 3271 470 3302 esse
482 3251 610 3304 videntur.
622 3251 702 3306 Totus
713 3252 755 3305 bic
766 3253 808 3304 lo-
856 3251 1014 3327 indulgeret,
1032 3253 1135 3326 peperit.
1149 3252 1200 3303 En.

295 3348 339 3381 cus
351 3328 453 3400 disjecta
464 3341 544 3400 poetas
557 3328 671 3380 membra
687 3329 806 3382 continet.
874 3352 896 3400 7.
909 3333 1024 3384 Reorum
1037 3341 1146 3382 mutuas
1156 3328 1254 3381 sordes.
1271 3326 1307 3378 ld
1318 3337 1370 3388 est,

311 3409 336 3460 3.
353 3409 529 3478 lustratum...
547 3410 712 3477 serpentibus.
730 3410 806 3483 Virg.
858 3409 924 3462 cives
931 3429 983 3461 sese
991 3397 1260 3462 invicemaccusantes.
1277 3404 1374 3457 Albam

294 3487 359 3541 AEn.
379 3488 419 3550 ll,
434 3487 480 3540 381
496 3505 503 3539 ε
517 3509 530 3534 a
544 3485 706 3539 attollentem
717 3486 766 3540 iras
784 3499 810 3540 et
858 3482 1376 3562 togamquarnlgoutebanturreilinqne·

295 3565 389 3619 cerula
407 3563 472 3617 colla
490 3576 629 3618 tumentem
642 3585 655 3608 r
668 3563 719 3616 En.
859 3565 932 3628 bant,
948 3577 973 3616 et
983 3564 1051 3638 pulla
1061 3564 1102 3616 rel
1112 3575 1181 3625 atra,
1193 3577 1249 3631 qut
1261 3559 1377 3612 sot-acala

312 3642 384 3706 4.1n
398 3643 445 3694 illo
461 3643 567 3694 simula
579 3639 713 3692 Gronovio
729 3659 777 3692 avo
795 3659 809 3691 e
860 3643 1077 3706 etobsoletaerat,
1088 3637 1377 3712 quolacilinsjudienm

298 3719 380 3772 Godd.
396 3720 531 3794 repositum
551 3733 606 3773 est:
621 3733 694 3772 antea
711 3731 762 3771 crat
781 3719 809 3770 in
859 3722 1047 3774 miserationem
1056 3730 1200 3782 moverent,
1212 3729 1275 3791 toga
1286 3715 1379 3769 indue-

297 3797 392 3850 addin
403 3803 448 3852 illo
458 3801 510 3850 ubi.
520 3798 603 3850 Simul
614 3817 666 3850 esse
677 3797 725 3869 iq.
733 3796 811 3850 simul
860 3799 968 3862 bantur,
988 3797 1057 3852 unde
1070 3799 1160 3851 sordes
1172 3807 1196 3846 et
1205 3798 1325 3863 squalor
1333 3811 1378 3868 pro

297 3885 388 3944 atque,
405 3888 553 3948 postquam,
570 3895 638 3928 nunc
649 3874 811 3928 notissimum
860 3877 1054 3939 criminatione,
1072 3875 1225 3928 sordidans
1241 3893 1293 3943 pro
1312 3891 1379 3926 reus.

298 3955 449 4027 est.lllioqui
457 3959 548 4011 Noster
555 3970 622 4011 amat
629 3961 656 4009 ab
663 3959 714 4021 ubi,
721 3956 810 4010 eadem
860 3957 922 4009 Vid.
931 3957 961 4010 T.
973 3956 1028 4009 biv.
1038 3955 1083 4008 lib.
1097 3955 1138 4018 ll,
1150 3973 1172 4007 c.
1182 3952 1230 4016 51;
1242 3963 1270 4004 et
1283 3951 1341 4005 Cic.
1350 3951 1377 4004 in

271 4047 275 4060 '
298 4047 423 4107 potestate.
859 4039 934 4092 Verr.
950 4055 978 4098 ι,
993 4055 1014 4086 c.
1026 4034 1065 4088 58.
1076 4034 1128 4085 En.

315 4117 340 4166 5.
353 4114 468 4168 Eminet.
480 4115 524 4168 Sic
534 4117 635 4169 Tullius
648 4117 679 4168 ln
690 4105 763 4168 Verr.
779 4115 810 4168 de
878 4115 902 4166 8.
914 4113 1023 4166 Urbium
1030 4111 1117 4163 clades
1125 4148 1133 4174 ‚
1141 4107 1327 4180 etnExempla
1336 4125 1378 4159 eu·

299 4191 514 4265 Suppl.§17o:a
525 4194 655 4246 Ardebant
664 4195 810 4258 oculi‚toto
861 4191 939 4264 jnsvis
957 4190 994 4242 rei
1015 4187 1097 4260 digito
1118 4197 1217 4238 tanturn
1239 4205 1256 4236 a
1281 4185 1376 4237 Nostro

299 4291 327 4322 aa
338 4290 381 4323 ore
393 4271 527 4326 crudelitas
537 4272 672 4328 eminebat.
683 4295 696 4321 n
708 4273 760 4326 En.
862 4281 1005 4326 monstrata
1018 4267 1061 4322 bic
1077 4283 1213 4340 congerere
1225 4263 1315 4330 velle,
1332 4283 1377 4316 ne·
