2926 4958
277 439 344 508 AI)
369 441 543 510 STOIC.
569 441 773 512 PHILOS.
801 445 897 514 LIB.
924 446 973 512 11.
1051 449 1159 532 cxxvij

93 579 248 662 Ecl.)Nec
255 581 348 654 male,
360 601 432 642 vere
445 583 537 656 euim,
550 581 623 644 utin
639 584 816 666 sagittando,
828 584 944 668 Scopus
958 587 1010 648 itte
1022 587 1161 650 omuibus
1215 651 1222 660 ,

92 687 293 770 proponitur:
311 707 403 768 quum
417 687 521 769 tetigi,
537 687 612 750 mihi
626 689 768 771 applico,
784 703 815 754 et
827 691 919 754 mem
928 713 995 754 sum
1008 695 1140 778 adeptus.

397 876 735 958 nlssuunu'rro
765 891 866 955 x1v.

93 1035 160 1094 Eum
176 1055 264 1108 esse,
286 1035 438 1094 secundum
459 1035 603 1095 Natorum
619 1039 734 1098 vicere:
757 1047 785 1096 et
801 1039 888 1096 van'o
904 1057 989 1118 super
1001 1039 1054 1096 hoe
1067 1040 1159 1096 inter·

557 1145 688 1223 pretorii).

128 1295 208 1355 Auo.
220 1294 299 1356 Jam
310 1297 465 1369 feriamus,
477 1297 615 1374 obscero,
627 1299 651 1359 si
666 1313 764 1382 potest
776 1321 783 1356 ι
795 1313 846 1360 aut
856 1313 937 1362 certe
951 1298 1157 1375 collineemus,

89 1414 117 1461 et
130 1422 167 1461 eo
181 1402 358 1486 dirigamus.
377 1399 530 1486 Explica,
551 1403 692 1484 inquam,
711 1418 741 1465 ct
761 1404 855 1487 praei,
880 1426 938 1486 qna
962 1405 1009 1464 via
1030 1417 1080 1464 aut
1095 1417 1159 1466 arte

90 1506 165 1568 tunc
178 1505 317 1590 Scopum
330 1521 461 1592 tangam.
478 1505 561 1569 Ltus.
577 1507 718 1574 Breviter
734 1511 764 1570 id
781 1523 895 1594 potest,
913 1523 942 1571 et
954 1509 1159 1572 consentiente

89 1635 169 1694 pene
183 1627 325 1676 veterum
340 1635 438 1676 sensu.
447 1613 530 1676 Nam
543 1611 650 1690 Plato,
664 1628 694 1678 ct
706 1615 803 1678 omnis
818 1613 984 1678 Academia
995 1615 1048 1678 illa
1061 1628 1156 1690 vetuo,

90 1746 104 1769 ι
113 1719 196 1780 nulla
211 1719 245 1779 in
260 1741 295 1780 rc
310 1719 388 1795 alta,
400 1720 457 1782 nisi
466 1721 497 1780 in
508 1733 613 1781 natura
624 1767 632 1798 ‚
645 1723 837 1802 quaerendum
847 1741 911 1782 esse
923 1719 996 1782 illud
1008 1741 1158 1782 summum

89 1823 220 1902 honum,
243 1846 307 1908 quo
325 1827 427 1888 omnia
447 1826 652 1906 reserrentur,
671 1827 843 1889 dicebant.»
862 1823 943 1906 (Cic.
966 1823 1157 1908 lAeadem.)

88 1928 170 1992 ldem
183 1930 317 2015 Cynici,
335 1945 422 2016 atquc
438 1931 491 1996 atii
501 1932 646 2016 plusculi,
662 1935 699 1994 de
716 1933 823 2014 quibus
837 1931 1037 1996 communiter
1048 1929 1156 2008 Philo,

88 2034 675 2120 ittetndaeus2«conse‹p1enrernarurae
686 2038 798 2116 vivere,
810 2037 960 2102 felicitatis
973 2039 1064 2100 finem
1077 2039 1157 2100 dixe-

90 2160 154 2207 runt
168 2146 214 2206 illi
229 2146 356 2230 prisci.»
371 2142 480 2222 (Libro
496 2151 557 2228 Περὶ
571 2145 753 2230 pirouppittc.)
767 2143 849 2224 Quid
863 2145 962 2206 nostrl
977 2142 1073 2206 Stoici
1083 2143 1156 2206 ?alla

90 2268 118 2314 et
130 2254 239 2316 erebra
253 2253 314 2316 hoe
324 2273 409 2314 voce.
420 2251 463 2313 Ut
477 2249 592 2317 Seneca
608 2277 615 2312 ε
634 2281 649 2308 «ι
662 2251 747 2314 ldem
764 2265 808 2314 est
822 2252 909 2316 beate
924 2253 1045 2330 vivere,
1061 2257 1156 2326 etf'se-

88 2362 215 2420 eundum
231 2374 408 2420 naturam.»
424 2357 503 2421 Item
515 2383 523 2418 z
537 2357 755 2443 “Propositum
766 2372 903 2420 nostrum
914 2372 958 2420 est
972 2404 980 2436 ,
994 2362 1156 2422 secuudum

88 2481 225 2528 naturam
238 2466 375 2528 vivere.»
390 2465 526 2548 Itemque
546 2489 553 2524 ε
572 2465 688 2546 «Quod
703 2467 782 2529 inter
795 2487 901 2528 omues
916 2464 1034 2528 Stoicos
1049 2487 1157 2528 conve-

87 2574 145 2650 nit,
166 2595 274 2636 rernm
287 2589 398 2638 naturae
414 2575 569 2638 assentior.
585 2573 636 2636 Ab
649 2575 701 2636 illa
720 2595 781 2636 non
796 2575 958 2648 deerrare,
977 2587 1007 2635 et
1022 2575 1060 2634 ad
1076 2573 1156 2635 illius

87 2678 185 2762 legem
206 2680 440 2762 exemplumque
455 2680 601 2760 formari,
619 2678 772 2765 Sapientia
792 2694 874 2742 est.»
893 2679 975 2741 Tum
985 2679 1155 2742 deliniendo

87 2787 220 2870 adjungit
237 2809 245 2846 e
266 2813 282 2839 α
293 2785 388 2848 Beata
402 2799 447 2850 cst
461 2807 533 2871 ergo
550 2788 632 2858 vita,
649 2789 830 2850 couveniens
844 2799 957 2848 naturae
973 2803 1043 2847 suae.
1055 2814 1068 2838 n
1085 2784 1155 2866 (De

85 2891 147 2954 Vit.
159 2893 249 2956 Beat.
261 2915 288 2956 e.
297 2893 332 2966 8;
346 2890 406 2978 Ep.
419 2892 467 2968 V3
479 2891 530 2956 De
539 2893 604 2954 Vit.
615 2891 701 2956 Beat.
714 2915 739 2957 c.
748 2893 796 2972 3.)
807 2889 899 2974 Quod
912 2893 1010 2978 ipsum
1022 2906 1067 2954 est
1076 2891 1155 2954 Stoi-

85 3018 154 3058 cum
166 2999 278 3060 scitum
289 3013 318 3060 et
334 3000 445 3062 dicmur
459 3023 466 3057 :
481 3027 495 3052 a«
503 2997 612 3062 Finem
623 3020 706 3074 esse,
723 2998 936 3062 convenienter
950 3010 1064 3059 naturae
1076 2999 1154 3082 (ὁμο-

84 3110 288 3190 λογουμένωςτῇ
303 3114 375 3188 φύσει
387 3108 402 3184 )
412 3105 523 3169 vivere.
534 3134 549 3160 υ
565 3103 722 3189 Epictetus
746 3103 804 3166 hoc
824 3124 886 3165 non
903 3103 997 3166 semel
1017 3104 1121 3166 extulit
1145 3130 1151 3163 :

85 3209 1009 3294 «Consonuitensiveconcorditerspoppdvocrpptr12)Naturae
1022 3210 1150 3272 vivere.»

81 3315 180 3384 viset
193 3335 317 3404 poetam
326 3320 447 3396 audire,
460 3339 517 3403 pro
531 3318 590 3380 hoc
600 3339 688 3380 sensu
699 3331 727 3380 et
746 3317 867 3380 verbis?
880 3313 1046 3380 Horatius:

266 3447 360 3500 Vivere
373 3460 470 3502 nattum
480 3447 503 3502 si
512 3445 690 3500 convenienter
704 3457 808 3516 oportet.

80 3551 139 3618 Sed
155 3571 187 3618 ct
202 3555 281 3618 alius
291 3556 438 3620 succiuit:
486 3611 487 3618 ,

269 3723 425 3747 ..........
443 3689 505 3742 ttae
516 3688 574 3740 duri
585 3688 691 3742 immota
703 3689 806 3742 Catonis

266 3783 339 3834 Secta
352 3780 416 3848 luit,
427 3800 526 3834 serrare
536 3781 657 3846 modum,
669 3779 797 3851 finemque
809 3791 911 3841 tauers,

265 3873 436 3944 Naturamque
447 3873 534 3944 aequi.
547 3875 662 3938 (Lumo.
674 3873 708 3937 l).

79 3985 186 4052 lees
195 4003 288 4054 testes
302 4011 334 4054 sc
351 3988 719 4062 ollernutzdimittomtis
732 3989 780 4052 isti
792 3988 1064 4050 evincuntzutinam
1075 4002 1105 4051 et
1117 3991 1151 4051 li·

78 4099 169 4175 quido
176 4095 1148 4180 satisdeclarentQuidenimastaconvenieuternaturaerirercdn

77 4199 137 4267 llic
148 4207 309 4270 dissidium
319 4220 349 4267 et
358 4227 468 4290 pugna
476 4221 564 4288 atque
575 4207 650 4268 adeo
658 4208 850 4267 utdecantata
859 4203 911 4266 illa
925 4208 1152 4282 κατάληψιςῳοηι·

73 4312 240 4388 patemo,
249 4311 332 4376 velut
340 4333 464 4394 pomum
472 4312 593 4395 aliquod
601 4310 1053 4389 Eridis‚inmedimnaZenone
1063 4313 1151 4392 jacta,
