2910 4954
363 481 518 546 unna
547 482 607 559 ιι,
637 463 749 544 cla.
776 479 845 544 tx.
1093 477 1136 544 os

74 617 110 678 Et
128 626 234 704 quota
253 633 333 703 pars
352 611 416 678 ista
440 609 604 676 scelerum
624 612 694 677 θεῖ’
709 610 724 678 Ρ
742 632 810 675 non
832 607 1012 701 att-scripsit
1030 623 1138 676 caetra
1163 630 1180 681 t

75 753 111 794 cs
128 752 197 796 una
215 741 313 821 parte
336 725 527 808 contraria,
551 740 731 819 parentum
750 724 1006 818 liberorumque
1025 709 1139 795 sacra-

76 861 183 912 menta
202 843 359 926 diversa,
383 843 569 935 subjectam
588 843 707 934 patriae
728 827 811 911 civis
830 867 932 910 manu
948 843 1137 926 flammam,

75 978 106 1028 et
123 963 260 1055 agmina
276 961 473 1029 infestorum
488 959 641 1051 equitum
659 957 703 1026 ad
725 958 974 1050 conquirendae
994 963 1142 1053 proscri-

75 1094 206 1170 ptorum
229 1076 377 1145 latebras
395 1075 715 1160 circumvolitantia3
738 1091 773 1142 et
789 1076 929 1144 violatos
950 1077 1058 1146 fontes
1079 1103 1141 1147 ve·

75 1194 167 1262 nenio
178 1198 213 1275 ²,
230 1209 265 1260 et
274 1193 501 1285 pestilentiam
514 1215 616 1258 manu
631 1181 770 1258 lactam³
784 1219 793 1275 ς
811 1206 845 1258 et
859 1191 1067 1284 praeductam
1081 1193 1142 1261 oh—

72 1309 168 1376 sessis
195 1310 394 1401 parentibus¹
423 1309 564 1390 fossam,
586 1307 704 1399 plenos
729 1331 901 1392 carceres,
929 1324 964 1376 et
982 1309 1142 1378 incendia

74 1439 154 1492 totas
173 1425 277 1492 urbes
298 1425 569 1506 concremantia,
590 1421 902 1516 dominationesque
919 1425 1085 1508 funestas,
1107 1442 1143 1495 et
1228 1517 1230 1522 Ι

75 1566 258 1635 regnorum
273 1542 556 1635 publicorumque
567 1541 745 1608 exitiorum
759 1540 969 1610 clandestina
979 1544 1139 1630 consilia3

72 1674 103 1725 et
121 1682 187 1750 pro
206 1658 314 1751 gloria
333 1649 497 1739 habita⁴‚
520 1681 618 1749 quae,
635 1657 799 1750 quamdiu
813 1661 958 1750 opprimi
974 1679 1138 1753 possunt,

71 1774 203 1843 scelera
220 1790 325 1861 sunt3
346 1789 463 1869 raptus
476 1797 516 1842 ao
528 1788 666 1870 stupra,
685 1788 719 1841 et
731 1762 780 1840 ⁴ne
796 1796 831 1840 os
849 1774 988 1865 quidem
1006 1777 1143 1847 libidini

72 1906 253 1984 exceptum
265 1883 291 1958 ⁵.

117 2009 186 2078 IX.
204 2006 303 2076 Adde
318 2030 409 2074 nunc
422 2005 559 2099 publica
568 2006 720 2098 perjuria
735 2009 907 2100 gentium,
921 2025 956 2078 et
969 2027 1069 2104 rupta
1082 2013 1143 2082 loe-
1169 2044 1180 2077 ι

72 2245 219 2320 interrogat.
238 2245 316 2314 Quod
333 2244 444 2298 inlantlss
460 2243 584 2318 supersti-
633 2241 696 2296 ficiis
705 2243 863 2310 arcessitam,
875 2258 904 2298 ut
915 2245 1012 2319 lipsius
1024 2248 1088 2300 bene
1099 2270 1144 2300 ex-

71 2323 145 2375 tionis
158 2343 243 2396 genus
254 2341 330 2376 nemo
342 2323 505 2394 nescitquarn
522 2334 583 2374 tunc
630 2320 724 2392 plicat:
737 2321 791 2373 ltoee
807 2321 901 2376 locutio
918 2337 955 2375 est
966 2325 1057 2377 Nostro
1069 2325 1144 2378 lami-

70 2399 134 2454 lama
146 2401 318 2454 celebraretur
327 2437 334 2465 ,
343 2399 411 2473 quali
421 2397 583 2454 veneratione
632 2397 708 2450 liaris.
718 2397 779 2450 Vitl.
791 2398 893 2452 Consol.
905 2399 937 2452 ad
948 2403 1026 2454 Marc.
1039 2422 1092 2476 cap.
1106 2421 1144 2476 ¹9·

69 2479 203 2532 coleretur.
220 2479 346 2532 Caeterum
356 2482 383 2530 el
395 2488 456 2532 onte
465 2481 533 2530 diem
541 2496 582 2551 pa·
665 2475 680 2537 l
701 2475 756 2528 Pro
762 2478 850 2544 glorio
859 2478 961 2530 liubila.
971 2479 1027 2532 lloc
1036 2493 1084 2544 est,
1095 2482 1143 2534 cla·

68 2567 100 2608 tet
110 2557 183 2610 idem
200 2577 268 2620 esse,
282 2576 311 2610 ac
321 2567 383 2610 ante
393 2558 462 2610 diem
467 2558 581 2627 fixum,
632 2552 665 2605 ris
677 2553 751 2626 gestis
761 2567 926 2607 annumerata
940 2568 964 2608 et
975 2556 1096 2609 virtutum
1113 2557 1145 2610 ti-

67 2645 127 2687 me
137 2636 213 2686 ᾰίιηι
221 2640 334 2697 iustum,
352 2646 376 2686 et
392 2633 424 2686 tle
438 2648 505 2708 patre
518 2653 583 2686 non·
632 2630 686 2682 tulo
698 2629 831 2695 decorata,
844 2651 916 2702 qnae,
930 2633 951 2685 ti
964 2632 1057 2688 tristem
1068 2656 1143 2688 even-

68 2709 128 2761 ‹lunr
145 2730 228 2776 sene,
248 2707 364 2762 nondum
385 2730 414 2763 eo
433 2711 510 2764 tutis
529 2731 584 2785 pso·
631 2719 686 2758 turn
705 2721 777 2760 nacta
799 2721 896 2772 essent,
917 2711 1011 2764 scelera
1028 2715 1144 2788 appella-

67 2801 138 2842 retto
149 2803 181 2842 nt
189 2789 284 2840 nerito
295 2788 361 2841 mori
372 2787 500 2853 videatur,
515 2788 584 2864 juvo·
633 2797 727 2838 rentur.
741 2787 802 2839 lltec
811 2787 879 2838 enim
891 2787 955 2840 lsene
969 2802 1038 2862 gesta
1047 2792 1143 2865 vulgus

68 2883 125 2917 netn
136 2865 278 2938 inquirere.
634 2877 763 2937 nuncupat
779 2883 835 2934 quar
851 2864 924 2917 bonis
941 2867 1056 2940 auspiciis
1075 2882 1145 2940 gesta

105 2963 127 2997 ι.
140 2945 183 2997 Et
195 2955 277 3012 quota
284 2963 383 3011 pars...
395 2945 517 2998 scelerum
527 2945 583 2997 est?
632 2957 706 3007 sunt,
726 2955 750 2994 et
767 2943 879 3006 victoria
891 2964 1021 3015 nunquam
1033 2967 1048 2998 a
1063 2947 1145 3000 victo-

69 3021 200 3094 Esignam
222 3021 345 3074 stelenum
368 3035 463 3095 partem
487 3032 583 3074 tantum
634 3019 702 3070 ribus
712 3019 776 3072 ratio
788 3019 901 3092 exigitur.
913 3021 1006 3093 Ecquis
1018 3023 1088 3076 enim
1099 3025 1145 3078 exi·

70 3099 153 3173 attigit
166 3112 260 3173 poeta,
273 3099 341 3151 bello
351 3101 421 3153 civili
434 3100 544 3163 omino,
557 3099 585 3152 in
633 3095 796 3169 geretivicta
805 3117 866 3170 gens
874 3099 958 3151 forsan
968 3098 980 3151 i
990 3121 1023 3152 an
1031 3115 1145 3175 spectan-

71 3196 121 3246 quo
136 3190 257 3251 parentes
273 3189 360 3229 contu
377 3177 468 3232 liberos
486 3199 587 3252 pugna·
634 3188 669 3226 ω
681 3173 765 3227 minut
775 3173 872 3227 validi?

70 3267 146 3319 runt,
168 3267 196 3307 et
214 3253 275 3306 civis
294 3249 359 3307 unus
374 3255 465 3322 (Sulla
477 3277 584 3330 nempe3
670 3254 692 3303 5.
713 3252 755 3304 Ne
773 3271 802 3304 os
822 3254 928 3322 quidem
947 3255 1050 3308 lebedum
1066 3277 1147 3312 exce-

69 3332 121 3383 vid.
144 3331 278 3385 Plutarch.
298 3332 342 3385 vit.
364 3333 462 3399 Sullas)
480 3333 587 3387 edificia
633 3340 718 3396 ptum·
735 3330 848 3384 Infamia}
862 3343 886 3384 et
896 3333 1039 3405 spurcitiae,
1057 3336 1147 3388 omni-

70 3411 194 3464 tnccentli
216 3410 302 3480 jussit,
324 3411 473 3485 proscripsit.
495 3410 588 3464 Omisit
637 3407 683 3459 bus
702 3407 753 3479 jam
774 3408 909 3482 voluptatis
930 3409 997 3462 ludis
1019 3424 1044 3464 et
1063 3411 1146 3465 morlis

69 3503 143 3560 poeta
156 3489 223 3542 alias
235 3485 401 3540 crullelitates.
636 3487 723 3550 fessas,
741 3498 766 3539 et
783 3506 850 3540 nova
865 3500 1001 3559 utcumque
1018 3502 1043 3540 et
1059 3490 1147 3542 unde—

101 3587 125 3618 a.
153 3565 282 3618 Violatos
299 3566 389 3636 jbntes
411 3569 523 3618 uenenis.
546 3567 586 3620 M.
637 3563 1093 3639 eumqueadrocantis‚portentosum
1103 3589 1147 3641 ge·

68 3644 210 3716 Aquilius,
222 3641 320 3714 legatus
332 3641 357 3692 in
375 3641 464 3694 Asiam
481 3643 585 3706 missus,
637 3661 699 3704 nns3
718 3642 786 3711 quod
802 3643 906 3696 Seneca
921 3645 1073 3718 temporibus
1090 3648 1147 3700 usi-

68 3743 126 3774 ann.
137 3722 173 3774 U.
187 3720 219 3772 C.
231 3721 298 3785 664,
315 3719 381 3784 665,
394 3733 446 3772 ant.
459 3718 521 3772 Chr.
533 3734 586 3772 nat.
637 3720 786 3772 tatissimum
797 3721 858 3787 tuit,
869 3721 981 3774 usitatius
989 3735 1072 3776 tamen
1082 3738 1147 3798 post·

68 3801 116 3872 89,
129 3801 185 3864 88,
205 3801 288 3852 l'ontes
300 3797 468 3868 quarumdam
485 3797 587 3850 urbium
637 3796 693 3849 hac.
702 3799 792 3870 Neque
803 3819 849 3850 nos
860 3798 962 3871 quidem
971 3799 1015 3852 bas
1023 3803 1147 3874 nequitias

69 3879 241 3931 Ashticarum
253 3913 261 3940 ‚
273 3887 302 3928 nt
320 3874 352 3926 acl
364 3875 520 3940 deditionem
536 3873 588 3927 illts
637 3895 694 3946 qute
706 3875 756 3928 sint
770 3875 862 3929 clarius
875 3875 1073 3950 significabimus
1085 3901 1092 3944 ς
1103 3881 1147 3932 sed

68 3969 239 4030 cogerentur,
253 3973 354 4006 veneno
371 3953 483 4006 violavit.
498 3950 550 4004 Λᾶ.
564 3963 589 4003 ot
638 3952 670 4006 ad
690 3953 833 4006 Martialem
851 3955 1026 4020 remittemus,
1045 3957 1089 4010 lib.
1104 3959 1146 4023 ll,

68 4035 99 4086 es.
114 4033 229 4095 Florus,
249 4029 294 4082 lib.
309 4031 350 4093 11,
364 4050 418 4103 cap.
431 4048 479 4093 so,
491 4041 516 4082 et
535 4032 588 4104 Ap·
638 4031 725 4105 Epigr.
739 4047 843 4096 xxxin,
861 4048 896 4097 ι,
915 4048 998 4088 nxxttr
1007 4071 1014 4099 ,
1035 4051 1147 4102 cxxxix,

70 4113 138 4184 plan.
154 4110 220 4163 bell.
239 4106 355 4162 Mithrid.
369 4126 426 4181 pag.
439 4105 505 4169 305,
518 4125 555 4177 sq.
638 4109 682 4162 lib·
692 4109 742 4172 lll,
757 4109 844 4183 Epigr.
861 4125 953 4176 Lxxxv,
966 4125 1043 4176 xcvt,
1058 4125 1081 4164 et
1091 4133 1148 4186 pas·-
1234 4120 1239 4131 '

102 4191 127 4246 3.
136 4191 327 4246 Pestilentem
342 4187 545 4259 manufactam.
558 4184 589 4238 ld
638 4189 700 4253 sim,
710 4186 742 4238 atl
753 4188 870 4240 Juvenal.
881 4189 932 4242 Sat.
941 4189 989 4252 lx,
999 4209 1034 4242 vs.
1044 4189 1073 4254 3,
1085 4204 1108 4242 ct
1116 4190 1148 4242 al.

71 4283 120 4334 est,
130 4267 226 4322 tante
234 4267 296 4322 item
304 4279 329 4321 et
335 4265 449 4330 venenis,
462 4263 588 4318 autmale·
673 4265 718 4317 lX.
727 4268 794 4320 Atto.
803 4263 907 4320 Accedit
915 4261 996 4338 ,quod
1004 4281 1104 4342 peccata
1111 4267 1148 4320 nil
