2900 4944
441 473 616 560 canor
646 473 734 540 vu.
1058 471 1123 566 49³

53 612 214 681 infelices
233 605 372 700 quidam
385 627 455 673 non
469 606 543 672 sine
555 603 745 695 voluptate,
762 602 862 670 immo
884 601 927 670 oh
941 603 1047 695 ipsam
1064 626 1126 670 vo-

58 731 227 823 luptatem
245 739 326 795 sunt
348 749 355 790 :
378 719 471 814 quod
485 743 554 787 non
567 719 732 800 eveniret,
749 718 777 786 si
793 719 908 786 virtuti
927 718 1128 812 sevoluptas

56 841 318 920 immiscuisset,
346 860 414 929 qua
430 836 539 904 virtus
552 857 641 926 saepe
658 849 768 916 caret,
787 857 961 925 nunquam
980 833 1125 927 indiget.

57 960 160 1054 Quid
174 955 365 1036 dissimilia,
386 954 488 1020 immo
502 948 637 1018 diversa
654 950 884 1042 componitis?
901 948 1016 1017 Altum
1028 946 1131 1041 quid-

59 1079 142 1148 dam
161 1092 214 1146 est
227 1076 347 1154 virtus,
362 1068 542 1150 excelsum,
563 1065 691 1160 regale,
704 1067 880 1148 invictum,
897 1064 1128 1159 infatigabile:

60 1191 221 1284 voluptas
248 1184 397 1266 humile,
424 1179 566 1260 servile,
586 1178 817 1260 imbecillum,
838 1176 1014 1260 caducum,
1036 1177 1133 1270 cujus

61 1308 167 1377 statio
179 1328 220 1373 ac
231 1298 438 1370 domicilium
453 1295 598 1364 fornices
617 1307 652 1360 et
667 1294 801 1387 popinae
819 1311 898 1361 sunt
919 1301 943 1361 ¹.
965 1295 1132 1363 Virtutem
1157 1331 1173 1364 2

63 1428 102 1492 in
124 1420 253 1514 templo
268 1415 436 1495 invenies,
451 1413 488 1479 in
504 1410 590 1493 foro,
608 1411 760 1492 incuria,
776 1433 840 1502 pro
854 1411 959 1478 muris
975 1425 1131 1495 stantem,

65 1533 366 1630 pulverulentam,
388 1526 569 1594 coloratam
583 1527 616 1604 ²,
636 1523 773 1592 callosas
792 1523 974 1592 habentem
992 1547 1133 1591 manus:

64 1649 280 1742 voluptatem
300 1644 488 1712 latitantem
507 1639 656 1730 saepius,
685 1660 724 1704 ac
748 1636 905 1704 tenebras
924 1651 1134 1729 captantem,

66 1769 165 1834 circa
175 1761 298 1830 balnea
308 1781 350 1825 ac
363 1753 547 1836 sudatoria,
561 1776 601 1820 ac
609 1751 683 1818 loca
695 1749 825 1818 aedilem
835 1751 1041 1836 metuentia3
1057 1749 1139 1819 mol-

66 1884 154 1963 lem,
178 1899 351 1955 enervem,
371 1894 464 1942 mero
483 1883 585 1960 atque
610 1880 784 1959 unguento
802 1863 1016 1948 madentem,
1037 1865 1140 1959 palli-

69 1999 154 2067 dam
166 2010 226 2063 aut
243 1993 403 2070 fucatam,
425 1973 749 2055 etmedicamentis³
769 1980 944 2076 pollutam.
968 1984 1140 2052 Summum
1165 2015 1181 2068 ³

69 2113 204 2180 honum
222 2100 411 2172 immortale
430 2113 481 2167 est
491 2147 503 2183 ,
531 2096 639 2164 nescit
657 2095 771 2162 exire:
792 2119 856 2163 nec
883 2096 1069 2164 satietatem
1084 2096 1143 2164 ha·

69 2227 149 2307 het,
170 2245 237 2293 nec
250 2215 484 2312 poenitentiam
499 2241 509 2298 3
525 2235 699 2302 nunquam
719 2213 810 2278 enim
824 2226 916 2280 recta
930 2235 1025 2280 mens
1038 2213 1143 2279 verti-

73 2361 158 2412 tur:
176 2334 316 2406 nccsibi
331 2331 408 2400 odio
425 2344 497 2411 est,
514 2326 775 2419 necquidquam
791 2330 952 2412 mutavit,
970 2332 1145 2421 quiasem·

74 2481 143 2554 per
156 2467 272 2524 secuta
282 2465 334 2519 est
352 2439 500 2542 optima⁴
516 2458 572 2511 :st
586 2441 740 2537 voluptas
758 2459 852 2527 tunc,
879 2469 984 2536 quum
1002 2445 1145 2512 maxime

118 2729 141 2764 s.
153 2709 232 2775 Cuius
240 2707 321 2760 statio
323 2739 362 2756 .....
362 2700 388 2774 s
381 2703 596 2753 emices.·..·sunt.
644 2697 724 2770 epigr.
743 2712 803 2765 avt,
817 2717 854 2750 vs.
865 2698 896 2750 8:
908 2721 922 2745 α
930 2697 1058 2771 Thestylis
1069 2711 1093 2753 et
1105 2721 1149 2754 ru·

78 2791 183 2862 Nempe
195 2786 224 2838 in
238 2783 329 2855 quibus
343 2777 486 2831 meretrices
499 2785 595 2848 prosta-
645 2775 707 2828 bras
717 2774 836 2827 messibus
849 2788 904 2828 usta
913 2795 997 2848 genas.
1009 2799 1023 2823 s

81 2869 165 2932 bant,
178 2875 203 2915 et
211 2864 331 2932 popinae,
341 2855 386 2909 ubi
395 2855 455 2908 vina
468 2863 493 2903 et
503 2849 596 2903 cibaria
677 2850 701 2901 3.
726 2850 934 2904 Medicamentis.
957 2853 1104 2907 Lencciuiis
1126 2867 1149 2906 et

82 2938 269 2997 vendebantur.
287 2933 412 2989 Hofliues
430 2951 444 2983 e
462 2928 535 3002 plebe
556 2945 596 2978 eas
645 2927 849 2999 smeqrnatibuss.
856 2929 927 2999 aquis
936 2929 1069 2984 artificiose
1084 2941 1152 2984 corn·
1180 2939 1181 2942 ’

84 3017 281 3092 frequentabant
287 3011 436 3075 libidinum,
446 3002 597 3058 alesluden·
645 3005 743 3077 positis,
754 3019 778 3058 et
788 3005 895 3077 globulis
908 3025 921 3057 e
931 3025 1023 3080 sapone
1033 3007 1152 3060 confectis

84 3101 114 3154 di
126 3115 209 3150 uum.
220 3089 332 3146 Martial.
341 3088 376 3154 V,
388 3086 465 3158 epigr.
471 3083 516 3135 ull·
525 3081 598 3144 XIV,
647 3084 679 3135 ad
687 3083 899 3156 pulchritudinem
906 3083 948 3136 vel
955 3086 1152 3141 conservandam

89 3197 113 3230 ι,
129 3175 218 3242 Quum
227 3168 315 3244 politia
325 3165 426 3240 publica
436 3164 600 3215 llomaecurae
647 3162 689 3214 vel
704 3161 854 3234 aagendam.
872 3162 986 3234 Quaque
1002 3165 1090 3218 omnis
1108 3184 1154 3218 nos

89 3251 223 3309 AEdilium
235 3243 385 3301 demandata
398 3253 451 3295 crat
459 3253 471 3305 ,'
480 3252 504 3291 et
515 3236 601 3290 forui-
647 3238 734 3304 hodie,
743 3239 848 3292 mutuati
859 3259 952 3292 nomen
965 3261 979 3292 e
990 3241 1099 3309 Graecia,
1109 3262 1155 3293 vo-

89 3351 134 3388 ces
144 3369 152 3396 ,
164 3328 282 3404 popina,
295 3322 386 3375 balnea
396 3317 509 3394 publica,
521 3313 602 3367 suda-
650 3337 735 3371 camus
746 3320 921 3386 cosmetr'ques.
934 3318 973 3369 Cf.
983 3317 1112 3371 Consolat.
1123 3318 1155 3371 ad

89 3409 158 3466 toria
175 3405 208 3458 ad
226 3420 313 3457 eorum
331 3415 436 3451 munera
452 3391 604 3467 spectabant.
652 3393 769 3446 Helviam
785 3393 867 3458 xv1,
884 3393 907 3458 4.
927 3393 1005 3446 ovid.
1022 3394 1156 3448 Medicam.

90 3485 175 3540 Tacit.
185 3479 282 3537 Annal.
294 3479 332 3544 11,
343 3477 385 3541 85,
398 3474 434 3527 ib.
443 3471 550 3546 Lipsius.
652 3469 738 3522 Faciei
748 3476 787 3522 51.
798 3471 914 3524 Juvenal.
927 3473 973 3538 vl,
985 3473 1041 3538 flio.

129 3584 153 3615 α.
175 3561 335 3614 Calantum.
352 3555 457 3626 Propter
475 3549 603 3613 laborem,
686 3548 1159 3618 4.Mutncit,quiasempersecutaest

93 3644 207 3713 ideoque
227 3635 373 3692 valetudine
396 3648 511 3705 prospera
533 3640 606 3680 uteu·
653 3628 760 3694 optima.
770 3623 814 3676 Sic
828 3625 885 3677 edd.
899 3625 985 3698 priscae
998 3639 1095 3682 etuuus
1105 3627 1159 3682 Pa·
1222 3675 1226 3678 .
1342 3655 1347 3664 ·

94 3738 149 3777 tem
162 3761 170 3788 ,
189 3718 326 3772 robustam.
342 3714 384 3764 De
404 3711 534 3763 Constant.
549 3707 607 3776 Sap.
655 3705 715 3771 lat.,
731 3723 776 3756 uec
791 3703 899 3758 Grutero
910 3725 958 3758 nec
968 3705 1100 3760 Gronovio
1110 3709 1160 3760 im-

96 3801 175 3864 Xlll,
187 3820 211 3850 a.
225 3797 353 3850 Ceterum
362 3810 411 3842 vox
421 3793 536 3843 colorata
546 3785 608 3838 olim
657 3781 826 3854 probantibus.
841 3784 922 3834 Antea
937 3797 944 3832 t
957 3803 1000 3836 nee
1014 3787 1160 3854 quidquam

96 3876 204 3952 placuit,
211 3887 240 3928 ut
248 3869 378 3945 quoddam
388 3867 466 3920 robur
475 3863 609 3918 semirusti-
657 3865 881 3930 mutasftoptimu.
891 3862 912 3913 l.
921 3881 942 3916 e.
950 3883 1028 3933 quum
1038 3864 1090 3937 ipsa
1097 3865 1162 3939 opsi-

98 3975 159 4010 cum
183 3948 429 4016 semibarbanrmque
449 3942 609 3995 iudicaretur.
659 3937 1162 4005 masit,nihilmutaiit.Grumum„

98 4031 213 4088 Martial.
222 4028 265 4082 lib.
276 4024 407 4098 X,epigr.
418 4035 567 4085 th111,vs.
583 4018 610 4069 3:
660 4018 734 4070 fuisse
747 4017 895 4089 suspicatur:
904 4035 948 4070 nec
956 4020 1101 4088 quidquam
1109 4039 1164 4070 mu,

102 4135 116 4158 α
130 4111 220 4180 Deque
234 4107 354 4160 coloratis
363 4117 494 4170 nunquam
503 4095 613 4148 litabis·
661 4097 748 4146 ravim
753 4096 848 4162 primo.
855 4091 896 4145 Cf.
902 4092 1164 4149 deBresitVit.V111,

103 4201 142 4240 ter
165 4183 310 4238 Etruscis.»
331 4179 469 4246 Similiter,
495 4177 511 4228 l.
531 4174 612 4237 Vlll,
663 4169 1135 4242 Vulgatalectioniacquiescereluhet.
