2926 4958
318 456 442 543 clxxxij
507 457 540 524 J.
565 455 728 526 LlPSH
752 457 1205 528 MANUDUCTIONIS

318 602 373 664 sed
386 621 497 685 nempe
512 602 545 662 in
557 598 646 662 Bona
657 601 842 668 couscientia
859 625 867 661 :
882 615 913 664 et
922 600 1113 666 Christianus
1123 601 1242 666 Doctor
1256 603 1318 666 ltoec
1328 625 1392 669 con-

319 707 416 791 signet
428 707 611 770 Ambrosius
627 731 635 766 ι
653 733 670 762 ι
683 705 757 770 Non
767 707 916 792 frangitur
930 707 1060 794 Sapiens
1068 709 1224 773 doloribus
1235 713 1389 796 eorporis,

319 833 376 876 nec
390 827 516 924 remon
529 813 731 878 incommodis
747 837 755 874 ε
769 817 823 878 sed
842 815 936 878 ctiam
951 815 984 878 in
1003 815 1144 902 momnis
1161 815 1265 878 beatus
1275 832 1391 888 manet;

318 919 389 1000 quia
408 941 469 980 non
489 921 519 982 iu
537 920 738 984 delectatione
754 923 914 1006 corporis,
938 923 1004 986 rim
1023 923 1183 986 Beatitudo
1207 938 1270 994 este
1296 925 1350 987 sed
1366 927 1394 986 io

321 1027 505 1114 couscientia
518 1046 596 1111 pena
609 1025 650 1090 alt
661 1026 746 1090 omni
758 1027 828 1090 labe
841 1029 968 1112 peccati.
982 1055 997 1084 n
1009 1025 1091 1110 (ltu
1102 1026 1152 1090 Dc
1161 1027 1271 1092 Jacob.
1281 1027 1309 1102 l,
1321 1051 1347 1092 c
1356 1033 1395 1113 7.)

626 1258 981 1326 DtssEtt'ra‘rto
999 1261 1085 1324 Vll.

327 1415 355 1474 l'
370 1415 477 1476 Parud.
500 1417 665 1497 Sapientem
680 1415 830 1497 Aputlsem
845 1427 875 1476 et
891 1412 1154 1500 imperturbabilem
1170 1435 1239 1475 esse.
1252 1414 1385 1476 Plusculu

744 1523 772 1583 r’c
786 1523 821 1582 de
831 1519 1001 1604 Afficts’bus.

361 1681 521 1763 Qumrurt
537 1679 734 1766 inopinam
745 1727 754 1760 ,
766 1694 797 1744 et
806 1681 856 1744 rel
866 1681 1000 1745 maxime
1010 1693 1216 1766 oppugnatum
1234 1705 1241 1739 ε
1256 1708 1272 1734 ιι
1285 1677 1401 1762 lmper.

324 1787 507 1852 turbabilem
531 1810 597 1854 esse
607 1787 794 1874 Sapientem.
804 1789 964 1852 »Veteres
980 1803 1011 1852 et
1024 1788 1120 1851 nostri
1135 1787 1299 1872 exagitant,
1316 1799 1401 1867 atque

324 1897 402 1958 adeo
417 1895 562 1969 irrident;
589 1909 620 1959 et
638 1919 710 1960 cum
731 1896 840 1980 priscis
858 1916 960 1980 pugna
979 1897 1011 1958 in
1033 1915 1070 1959 eo
1085 1895 1239 1971 consistit,
1257 1895 1341 1976 quod
1360 1891 1401 1952 illi

327 1999 556 2088 (Pythagoraa,
572 1999 680 2081 Plato,
701 2001 905 2085 Aristoteles)
925 2001 1125 2087 «Sapientem
1138 2002 1258 2065 modice
1277 1998 1404 2063 effecu-

325 2107 382 2171 bus
396 2109 499 2192 tangi,
519 2128 582 2171 uon
598 2117 705 2172 autem·
716 2109 801 2172 nullo
814 2111 908 2172 modo
923 2109 1054 2194 tangi»,
1076 2126 1225 2172 eousemu
1239 2107 1404 2168 edixenmt.

323 2213 400 2276 Jam
412 2215 526 2292 nostri,
537 2213 675 2280 Allectus
685 2216 778 2279 etiarn
788 2215 948 2280 admittunt
958 2214 1094 2299 plenius,
1106 2235 1163 2277 nec
1174 2213 1243 2294 qui,
1261 2213 1316 2274 sed
1327 2211 1403 2272 unde

323 2322 402 2400 siut,
419 2337 555 2404 quaerum
567 2347 575 2384 ε
590 2343 663 2386 mox
677 2323 896 2408 explicandum.
912 2322 953 2385 At
966 2321 1079 2398 Stoici,
1101 2351 1116 2376 u
1129 2321 1264 2384 Affectus
1275 2338 1404 2391 onmes,

323 2449 453 2510 quorum
464 2429 597 2512 impulsu
607 2428 726 2492 animus
738 2441 964 2505 commoretur,
975 2449 1011 2492 ex
1021 2427 1146 2491 homine
1152 2427 1273 2490 tollunt.
1281 2453 1298 2480 u
1306 2423 1403 2506 (Lac-

325 2547 397 2598 tant.
411 2533 508 2598 lustit.
522 2533 574 2598 tit
590 2533 652 2611 Vl,
664 2555 731 2619 cap.
749 2536 817 2613 sl.)
828 2533 929 2616 Atque
946 2535 988 2596 ita
1001 2532 1043 2596 D.
1057 2532 1283 2619 Hieronymus:
1299 2559 1314 2590 a
1325 2529 1409 2592 Om-

327 2663 381 2704 nes
394 2640 532 2706 All'ectus
546 2640 615 2704 tolli
627 2661 738 2726 posse,
759 2661 924 2724 omnesque
941 2661 1049 2704 eorum
1063 2640 1177 2715 libras,
1194 2661 1213 2702 a
1228 2639 1404 2726 Pythagora

328 2761 358 2810 et
370 2748 494 2812 Zenone
508 2745 688 2832 Pelagianos
702 2747 879 2812 hausisse.»
893 2748 993 2827 (etv.
1008 2746 1131 2832 Pelag.)
1145 2745 1196 2810 De
1208 2747 1355 2822 Zenone,
1371 2744 1411 2806 sa·

331 2867 431 2919 temur
450 2878 457 2914 ε
474 2855 623 2920 miramur
637 2857 676 2918 de
688 2853 877 2940 Pythagora,
891 2869 922 2918 et
933 2856 1014 2918 huuc
1028 2855 1203 2940 planissime
1217 2868 1328 2917 contra
1343 2871 1410 2915 seu·

330 2963 424 3038 sisse,
441 2961 658 3047 discipulorum
672 2964 737 3045 ejus
748 2962 859 3046 scripta
876 2965 993 3025 docent
1010 2961 1150 3045 Theages
1164 2959 1411 3048 Pythagoricus:

334 3095 349 3122 «c
364 3065 519 3148 Quoniam
532 3067 639 3132 Virtus
656 3089 778 3132 morum
792 3071 872 3132 cirea
885 3067 1042 3144 Allectus,
1068 3081 1099 3130 et
1112 3067 1286 3131 Allectuum
1301 3065 1415 3151 praeci-

330 3177 382 3259 pui
392 3174 544 3260 Voluptas
560 3191 592 3240 et
605 3175 724 3249 Dolor,
741 3176 836 3257 liquet
851 3197 912 3238 non
929 3176 960 3236 iu
973 3196 1011 3238 eo
1024 3173 1179 3237 Virtutem
1194 3193 1277 3245 esse,
1298 3188 1336 3235 ut
1348 3173 1416 3234 exi-

197 3317 201 3322 ·
332 3295 453 3344 mantur
464 3282 601 3347 Allectus
614 3283 736 3356 animo,
751 3279 902 3366 Voluptas
913 3297 943 3345 et
956 3281 1074 3345 Dolor:
1083 3285 1138 3345 sed
1154 3294 1186 3342 ut
1197 3281 1418 3344 modificentur

332 3402 363 3451 et
386 3402 627 3473 temperentur.»
644 3388 754 3474 (Apud
767 3387 855 3452 Stob.
868 3387 969 3452 Serm.
982 3387 1032 3468 1.)
1054 3387 1146 3451 Plura
1162 3387 1232 3450 ltuic
1245 3387 1294 3449 rei
1308 3386 1396 3448 addit
1410 3409 1417 3444 z

331 3496 461 3577 itemque
467 3495 617 3581 Archytas
625 3515 661 3560 ex
671 3497 778 3560 eadem
786 3496 901 3561 scitula.
909 3495 1069 3560 «Nascitur
1077 3492 1289 3558 exAliectiltus
1297 3492 1421 3566 Virtus,

332 3617 362 3666 et
378 3615 447 3664 nata
462 3623 532 3666 eum
546 3602 608 3666 illis
621 3603 775 3676 consistit,
794 3604 871 3668 sieut
885 3603 1033 3668 concinna
1045 3601 1211 3664 modulatio
1225 3621 1262 3663 er
1281 3613 1378 3663 acuto
1394 3613 1423 3660 et

333 3709 417 3790 gravi
436 3730 444 3768 s
462 3708 536 3770 item
549 3707 733 3791 temperies,
748 3731 785 3771 ex
800 3709 899 3774 calido
913 3724 944 3772 et
956 3707 1066 3794 frigido
1083 3731 1091 3767 ε
1109 3709 1281 3788 itermuque
1296 3707 1423 3789 aequili-

335 3817 437 3878 brium
451 3837 468 3878 e
484 3819 657 3899 ponderoso
670 3827 705 3878 et
719 3815 790 3878 leri.
803 3815 876 3879 Non
891 3817 980 3900 igitur
995 3815 1104 3878 tollere
1117 3813 1254 3877 Affectus
1268 3827 1422 3899 oportet:

335 3925 365 3986 id
384 3923 466 3986 enim
481 3923 585 3986 inutile
604 3947 612 3984 s
628 3925 682 3986 sed
695 3935 801 4006 aptare
815 3926 853 3987 ad
866 3924 897 3985 id
910 3925 991 4005 quod
1004 3921 1154 3986 rationem
1166 3920 1286 3984 Decori
1301 3937 1337 3985 et
1351 3921 1426 3984 Me-

245 4011 252 4022 *
335 4030 500 4094 diocritatis
514 4012 774 4110 haliet.s(1bid.)
787 4027 829 4092 Et
843 4031 908 4116 ipsa
919 4029 1190 4114 Peripateticorum
1204 4031 1366 4092 sententia
1379 4029 1427 4089 ui-

338 4137 397 4199 mis
413 4137 574 4200 aZenonis
588 4137 641 4198 illa
655 4138 784 4200 diverse.
800 4135 871 4201 Scio
888 4137 1024 4211 Teletis,
1040 4137 1090 4220 qui
1106 4137 1183 4199 inter
1195 4133 1428 4220 Pythagoricos

338 4245 430 4308 etiam
440 4257 594 4320 censetur,
610 4247 746 4327 qtraedam
760 4267 853 4310 essee
867 4245 947 4308 libro
959 4253 1020 4320 Περὶ
1032 4252 1171 4316 enudetur,
1189 4245 1220 4306 in
1234 4243 1358 4324 quibus
1371 4247 1427 4306 istu

339 4350 463 4435 probari
474 4343 614 4427 addetum
631 4354 683 4415 sed
697 4352 778 4414 idem
795 4354 856 4416 scio
867 4353 946 4416 hunc
960 4351 1106 4437 Stilponis
1121 4353 1296 4414 auditorem
1311 4351 1426 4426 luisse,
