<?xml version="1.0" encoding="UTF-8"?>
<!DOCTYPE html PUBLIC "-//W3C//DTD XHTML 1.0 Transitional//EN"
    "http://www.w3.org/TR/xhtml1/DTD/xhtml1-transitional.dtd">
<html xmlns="http://www.w3.org/1999/xhtml" xml:lang="en" lang="en">
 <head>
  <title>
</title>
<meta http-equiv="Content-Type" content="text/html;charset=utf-8" />
  <meta name='ocr-system' content='tesseract 3.04.00' />
  <meta name='ocr-capabilities' content='ocr_page ocr_carea ocr_par ocr_line ocrx_word'/>
</head>
<body>
  <div class='ocr_page' id='page_1' title='image "./lannsenecparspr01bouigoog_0244.png"; bbox 0 0 2896 4958; ppageno 0'>
   <div class='ocr_carea' id='block_1_1' title="bbox 222 485 1129 563">
    <p class='ocr_par' dir='ltr' id='par_1_1' title="bbox 222 485 1129 563">
     <span class='ocr_line' id='line_1_1' title="bbox 222 485 1129 563; baseline -0.018 0"><span class='ocrx_word' id='word_1_1' title='bbox 222 488 287 562; x_wconf 76' lang='lat' dir='ltr'>A&#39;l)</span> <span class='ocrx_word' id='word_1_2' title='bbox 312 493 484 563; x_wconf 69' lang='lat' dir='ltr'>stole.</span> <span class='ocrx_word' id='word_1_3' title='bbox 511 491 716 560; x_wconf 83' lang='lat' dir='ltr'>PHILOS.</span> <span class='ocrx_word' id='word_1_4' title='bbox 743 485 843 556; x_wconf 82' lang='lat' dir='ltr'>LIB.</span> <span class='ocrx_word' id='word_1_5' title='bbox 869 485 945 553; x_wconf 89' lang='grc' dir='ltr'><strong>ΙΙΙ.</strong></span> <span class='ocrx_word' id='word_1_6' title='bbox 1000 505 1129 550; x_wconf 70' lang='grc' dir='ltr'>σσιιιν</span> 
     </span>
    </p>
   </div>
   <div class='ocr_carea' id='block_1_2' title="bbox 68 624 1216 2104">
    <p class='ocr_par' dir='ltr' id='par_1_2' title="bbox 68 624 1216 2104">
     <span class='ocr_line' id='line_1_2' title="bbox 68 624 1132 719; baseline -0.011 -23"><span class='ocrx_word' id='word_1_7' title='bbox 68 634 145 696; x_wconf 81' lang='lat' dir='ltr'>tirel</span> <span class='ocrx_word' id='word_1_8' title='bbox 163 655 344 719; x_wconf 87' lang='lat' dir='ltr'>magnorum</span> <span class='ocrx_word' id='word_1_9' title='bbox 360 648 478 698; x_wconf 82' lang='lat' dir='ltr'>tantum</span> <span class='ocrx_word' id='word_1_10' title='bbox 497 636 633 696; x_wconf 84' lang='lat' dir='ltr'>virorum</span> <span class='ocrx_word' id='word_1_11' title='bbox 650 632 788 694; x_wconf 85' lang='lat' dir='ltr'>adseram</span> <span class='ocrx_word' id='word_1_12' title='bbox 805 628 894 712; x_wconf 83' lang='lat' dir='ltr'>‚quis</span> <span class='ocrx_word' id='word_1_13' title='bbox 913 625 981 688; x_wconf 84' lang='lat' dir='ltr'>finis</span> <span class='ocrx_word' id='word_1_14' title='bbox 999 624 1057 686; x_wconf 82' lang='lat' dir='ltr'>siti</span> <span class='ocrx_word' id='word_1_15' title='bbox 1080 635 1132 684; x_wconf 91' lang='lat' dir='ltr'>aut</span> 
     </span>
     <span class='ocr_line' id='line_1_3' title="bbox 69 727 1134 820; baseline -0.01 -20"><span class='ocrx_word' id='word_1_16' title='bbox 69 741 128 820; x_wconf 85' lang='lat' dir='ltr'>qnid</span> <span class='ocrx_word' id='word_1_17' title='bbox 137 739 241 804; x_wconf 86' lang='lat' dir='ltr'>laetius</span> <span class='ocrx_word' id='word_1_18' title='bbox 255 741 367 806; x_wconf 69' lang='lat' dir='ltr'>boiam</span> <span class='ocrx_word' id='word_1_19' title='bbox 377 741 389 803; x_wconf 76' lang='lat' dir='ltr'>i</span> <span class='ocrx_word' id='word_1_20' title='bbox 401 740 569 803; x_wconf 87' lang='lat' dir='ltr'>rationibus</span> <span class='ocrx_word' id='word_1_21' title='bbox 586 739 668 802; x_wconf 89' lang='lat' dir='ltr'>enim</span> <span class='ocrx_word' id='word_1_22' title='bbox 681 739 712 800; x_wconf 93' lang='lat' dir='ltr'>in</span> <span class='ocrx_word' id='word_1_23' title='bbox 725 737 783 800; x_wconf 90' lang='lat' dir='ltr'>hac</span> <span class='ocrx_word' id='word_1_24' title='bbox 794 757 828 798; x_wconf 89' lang='lat' dir='ltr'>rc</span> <span class='ocrx_word' id='word_1_25' title='bbox 841 781 849 812; x_wconf 87' lang='lat'>‚</span> <span class='ocrx_word' id='word_1_26' title='bbox 863 735 916 796; x_wconf 92' lang='lat' dir='ltr'>aut</span> <span class='ocrx_word' id='word_1_27' title='bbox 929 727 1134 814; x_wconf 76' lang='lat' dir='ltr'>irrefragabili</span> 
     </span>
     <span class='ocr_line' id='line_1_4' title="bbox 68 841 1132 931; baseline -0.01 -24"><span class='ocrx_word' id='word_1_28' title='bbox 68 861 137 908; x_wconf 85' lang='lat' dir='ltr'>certe</span> <span class='ocrx_word' id='word_1_29' title='bbox 153 848 328 910; x_wconf 86' lang='lat' dir='ltr'>auctoritate</span> <span class='ocrx_word' id='word_1_30' title='bbox 344 849 539 931; x_wconf 86' lang='lat' dir='ltr'>pugnandum</span> <span class='ocrx_word' id='word_1_31' title='bbox 553 845 592 908; x_wconf 88' lang='lat' dir='ltr'>sit</span> <span class='ocrx_word' id='word_1_32' title='bbox 606 892 615 923; x_wconf 84' lang='lat'>‚</span> <span class='ocrx_word' id='word_1_33' title='bbox 628 858 662 907; x_wconf 95' lang='lat' dir='ltr'>ut</span> <span class='ocrx_word' id='word_1_34' title='bbox 673 857 718 906; x_wconf 88' lang='lat' dir='ltr'>est</span> <span class='ocrx_word' id='word_1_35' title='bbox 730 843 833 906; x_wconf 85' lang='lat' dir='ltr'>divina</span> <span class='ocrx_word' id='word_1_36' title='bbox 849 870 857 914; x_wconf 68' lang='grc' dir='ltr'>ς</span> <span class='ocrx_word' id='word_1_37' title='bbox 878 856 908 904; x_wconf 91' lang='lat' dir='ltr'>et</span> <span class='ocrx_word' id='word_1_38' title='bbox 919 841 982 901; x_wconf 68' lang='lat' dir='ltr'>hec</span> <span class='ocrx_word' id='word_1_39' title='bbox 998 841 1132 900; x_wconf 87' lang='lat' dir='ltr'>damnat.</span> 
     </span>
     <span class='ocr_line' id='line_1_5' title="bbox 69 947 1134 1038; baseline -0.008 -24"><span class='ocrx_word' id='word_1_40' title='bbox 69 949 174 1016; x_wconf 78' lang='lat' dir='ltr'>Omitto</span> <span class='ocrx_word' id='word_1_41' title='bbox 190 953 301 1038; x_wconf 85' lang='lat' dir='ltr'>igitur,</span> <span class='ocrx_word' id='word_1_42' title='bbox 317 955 435 1017; x_wconf 90' lang='lat' dir='ltr'>duobus</span> <span class='ocrx_word' id='word_1_43' title='bbox 448 967 628 1029; x_wconf 83' lang='lat' dir='ltr'>contentus,</span> <span class='ocrx_word' id='word_1_44' title='bbox 649 973 713 1034; x_wconf 76' lang='lat' dir='ltr'>qua</span> <span class='ocrx_word' id='word_1_45' title='bbox 727 963 796 1014; x_wconf 83' lang='lat' dir='ltr'>sunt</span> <span class='ocrx_word' id='word_1_46' title='bbox 811 949 978 1031; x_wconf 83' lang='lat' dir='ltr'>culminum</span> <span class='ocrx_word' id='word_1_47' title='bbox 996 947 1134 1029; x_wconf 88' lang='lat' dir='ltr'>ipsorum</span> 
     </span>
     <span class='ocr_line' id='line_1_6' title="bbox 69 1057 1133 1144; baseline -0.008 -24"><span class='ocrx_word' id='word_1_48' title='bbox 69 1057 193 1123; x_wconf 73' lang='lat' dir='ltr'>Porticus</span> <span class='ocrx_word' id='word_1_49' title='bbox 206 1075 326 1122; x_wconf 79' lang='lat' dir='ltr'>nostrae.</span> <span class='ocrx_word' id='word_1_50' title='bbox 343 1061 428 1122; x_wconf 83' lang='lat' dir='ltr'>Zeno</span> <span class='ocrx_word' id='word_1_51' title='bbox 441 1063 504 1142; x_wconf 79' lang='lat' dir='ltr'>iam</span> <span class='ocrx_word' id='word_1_52' title='bbox 517 1059 680 1144; x_wconf 81' lang='lat' dir='ltr'>nonaginta</span> <span class='ocrx_word' id='word_1_53' title='bbox 700 1071 769 1120; x_wconf 88' lang='lat' dir='ltr'>octo</span> <span class='ocrx_word' id='word_1_54' title='bbox 790 1077 886 1118; x_wconf 87' lang='lat' dir='ltr'>anuos</span> <span class='ocrx_word' id='word_1_55' title='bbox 902 1067 1009 1128; x_wconf 81' lang='lat' dir='ltr'>natus,</span> <span class='ocrx_word' id='word_1_56' title='bbox 1027 1064 1133 1115; x_wconf 75' lang='lat' dir='ltr'>uetera</span> 
     </span>
     <span class='ocr_line' id='line_1_7' title="bbox 70 1159 1137 1250; baseline -0.006 -25"><span class='ocrx_word' id='word_1_57' title='bbox 70 1167 160 1228; x_wconf 86' lang='lat' dir='ltr'>valens</span> <span class='ocrx_word' id='word_1_58' title='bbox 176 1181 266 1249; x_wconf 90' lang='lat' dir='ltr'>atque</span> <span class='ocrx_word' id='word_1_59' title='bbox 281 1168 415 1250; x_wconf 82' lang='lat' dir='ltr'>integer,</span> <span class='ocrx_word' id='word_1_60' title='bbox 434 1188 527 1248; x_wconf 89' lang='lat' dir='ltr'>quum</span> <span class='ocrx_word' id='word_1_61' title='bbox 540 1187 556 1228; x_wconf 90' lang='lat' dir='ltr'>e</span> <span class='ocrx_word' id='word_1_62' title='bbox 571 1165 675 1228; x_wconf 87' lang='lat' dir='ltr'>schola</span> <span class='ocrx_word' id='word_1_63' title='bbox 690 1164 814 1226; x_wconf 82' lang='lat' dir='ltr'>veniens</span> <span class='ocrx_word' id='word_1_64' title='bbox 832 1164 943 1247; x_wconf 89' lang='lat' dir='ltr'>pedem</span> <span class='ocrx_word' id='word_1_65' title='bbox 960 1159 1137 1222; x_wconf 75' lang='lat' dir='ltr'>offendisset</span> 
     </span>
     <span class='ocr_line' id='line_1_8' title="bbox 70 1265 1132 1357; baseline -0.01 -22"><span class='ocrx_word' id='word_1_66' title='bbox 70 1274 216 1356; x_wconf 87' lang='lat' dir='ltr'>lapsusque</span> <span class='ocrx_word' id='word_1_67' title='bbox 227 1289 318 1352; x_wconf 86' lang='lat' dir='ltr'>esset,</span> <span class='ocrx_word' id='word_1_68' title='bbox 328 1296 423 1337; x_wconf 86' lang='lat' dir='ltr'>mauu</span> <span class='ocrx_word' id='word_1_69' title='bbox 431 1288 546 1336; x_wconf 84' lang='lat' dir='ltr'>terram</span> <span class='ocrx_word' id='word_1_70' title='bbox 558 1273 692 1357; x_wconf 89' lang='lat' dir='ltr'>pulsans,</span> <span class='ocrx_word' id='word_1_71' title='bbox 704 1269 906 1355; x_wconf 89' lang='lat' dir='ltr'>Euripideum</span> <span class='ocrx_word' id='word_1_72' title='bbox 916 1268 991 1331; x_wconf 90' lang='lat' dir='ltr'>illud</span> <span class='ocrx_word' id='word_1_73' title='bbox 1001 1265 1112 1330; x_wconf 86' lang='lat' dir='ltr'>occinit</span> <span class='ocrx_word' id='word_1_74' title='bbox 1124 1288 1132 1323; x_wconf 75' lang='grc' dir='ltr'><strong>ε</strong></span> 
     </span>
     <span class='ocr_line' id='line_1_9' title="bbox 72 1360 1137 1465; baseline -0.008 -24"><span class='ocrx_word' id='word_1_75' title='bbox 72 1381 211 1458; x_wconf 67' lang='lat' dir='ltr'>«Venio,</span> <span class='ocrx_word' id='word_1_76' title='bbox 227 1382 302 1462; x_wconf 88' lang='lat' dir='ltr'>quid</span> <span class='ocrx_word' id='word_1_77' title='bbox 311 1360 447 1465; x_wconf 85' lang='lat' dir='ltr'>appellas</span> <span class='ocrx_word' id='word_1_78' title='bbox 463 1380 537 1444; x_wconf 85' lang='lat' dir='ltr'>me?</span> <span class='ocrx_word' id='word_1_79' title='bbox 554 1408 569 1434; x_wconf 74' lang='lat' dir='ltr'>o</span> <span class='ocrx_word' id='word_1_80' title='bbox 583 1394 614 1442; x_wconf 88' lang='lat' dir='ltr'>et</span> <span class='ocrx_word' id='word_1_81' title='bbox 623 1381 749 1441; x_wconf 88' lang='lat' dir='ltr'>domum</span> <span class='ocrx_word' id='word_1_82' title='bbox 760 1399 915 1462; x_wconf 84' lang='lat' dir='ltr'>regressus</span> <span class='ocrx_word' id='word_1_83' title='bbox 926 1386 1032 1459; x_wconf 88' lang='lat' dir='ltr'>sponte</span> <span class='ocrx_word' id='word_1_84' title='bbox 1043 1373 1137 1435; x_wconf 82' lang='lat' dir='ltr'>vitam</span> 
     </span>
     <span class='ocr_line' id='line_1_10' title="bbox 70 1481 1136 1568; baseline -0.007 -20"><span class='ocrx_word' id='word_1_85' title='bbox 70 1489 168 1568; x_wconf 86' lang='lat' dir='ltr'>posuit.</span> <span class='ocrx_word' id='word_1_86' title='bbox 180 1485 365 1563; x_wconf 79' lang='lat' dir='ltr'>Cleanthes,</span> <span class='ocrx_word' id='word_1_87' title='bbox 381 1488 483 1550; x_wconf 87' lang='lat' dir='ltr'>ulcere</span> <span class='ocrx_word' id='word_1_88' title='bbox 500 1488 533 1548; x_wconf 89' lang='lat' dir='ltr'>iu</span> <span class='ocrx_word' id='word_1_89' title='bbox 550 1509 605 1548; x_wconf 89' lang='lat' dir='ltr'>ore</span> <span class='ocrx_word' id='word_1_90' title='bbox 620 1500 713 1562; x_wconf 88' lang='lat' dir='ltr'>nato,</span> <span class='ocrx_word' id='word_1_91' title='bbox 728 1507 824 1566; x_wconf 49' lang='lat' dir='ltr'>¹(putam</span> <span class='ocrx_word' id='word_1_92' title='bbox 841 1505 931 1548; x_wconf 90' lang='lat' dir='ltr'>suasu</span> <span class='ocrx_word' id='word_1_93' title='bbox 947 1481 1136 1544; x_wconf 84' lang='lat' dir='ltr'>medicorum</span> 
     </span>
     <span class='ocr_line' id='line_1_11' title="bbox 71 1590 1137 1676; baseline -0.006 -20"><span class='ocrx_word' id='word_1_94' title='bbox 71 1595 249 1658; x_wconf 78' lang='lat' dir='ltr'>abstinuisset</span> <span class='ocrx_word' id='word_1_95' title='bbox 259 1618 292 1659; x_wconf 88' lang='lat' dir='ltr'>se</span> <span class='ocrx_word' id='word_1_96' title='bbox 304 1595 372 1659; x_wconf 91' lang='lat' dir='ltr'>cibo</span> <span class='ocrx_word' id='word_1_97' title='bbox 382 1596 507 1659; x_wconf 87' lang='lat' dir='ltr'>biduum</span> <span class='ocrx_word' id='word_1_98' title='bbox 519 1641 528 1672; x_wconf 80' lang='lat'>,</span> <span class='ocrx_word' id='word_1_99' title='bbox 541 1594 708 1675; x_wconf 79' lang='lat' dir='ltr'>meliusque</span> <span class='ocrx_word' id='word_1_100' title='bbox 719 1595 782 1676; x_wconf 82' lang='lat' dir='ltr'>jam</span> <span class='ocrx_word' id='word_1_101' title='bbox 792 1593 903 1656; x_wconf 84' lang='lat' dir='ltr'>lactum</span> <span class='ocrx_word' id='word_1_102' title='bbox 918 1605 997 1653; x_wconf 89' lang='lat' dir='ltr'>esset</span> <span class='ocrx_word' id='word_1_103' title='bbox 1009 1636 1018 1668; x_wconf 87' lang='lat'><strong>‚</strong></span> <span class='ocrx_word' id='word_1_104' title='bbox 1030 1590 1137 1652; x_wconf 82' lang='lat' dir='ltr'>iisdem</span> 
     </span>
     <span class='ocr_line' id='line_1_12' title="bbox 72 1693 1216 1782; baseline -0.002 -23"><span class='ocrx_word' id='word_1_105' title='bbox 72 1703 105 1760; x_wconf 86' lang='lat' dir='ltr'>ad</span> <span class='ocrx_word' id='word_1_106' title='bbox 112 1701 207 1763; x_wconf 91' lang='lat' dir='ltr'>cibum</span> <span class='ocrx_word' id='word_1_107' title='bbox 216 1703 439 1780; x_wconf 87' lang='lat' dir='ltr'>revocantibus,</span> <span class='ocrx_word' id='word_1_108' title='bbox 453 1703 576 1764; x_wconf 89' lang='lat' dir='ltr'>abnuit:</span> <span class='ocrx_word' id='word_1_109' title='bbox 591 1729 606 1755; x_wconf 73' lang='grc' dir='ltr'>«ι</span> <span class='ocrx_word' id='word_1_110' title='bbox 619 1699 687 1764; x_wconf 88' lang='lat' dir='ltr'>Nec</span> <span class='ocrx_word' id='word_1_111' title='bbox 698 1702 815 1781; x_wconf 90' lang='lat' dir='ltr'>majore</span> <span class='ocrx_word' id='word_1_112' title='bbox 826 1700 880 1760; x_wconf 84' lang='lat' dir='ltr'>viae</span> <span class='ocrx_word' id='word_1_113' title='bbox 890 1713 976 1782; x_wconf 89' lang='lat' dir='ltr'>parte</span> <span class='ocrx_word' id='word_1_114' title='bbox 988 1696 1136 1772; x_wconf 78' lang='lat' dir='ltr'>confecta,</span> <span class='ocrx_word' id='word_1_115' title='bbox 1213 1693 1216 1704; x_wconf 83' lang='lat'>&#39;</span> 
     </span>
     <span class='ocr_line' id='line_1_13' title="bbox 72 1804 1139 1889; baseline -0.002 -24"><span class='ocrx_word' id='word_1_116' title='bbox 72 1827 101 1866; x_wconf 86' lang='lat' dir='ltr'>se</span> <span class='ocrx_word' id='word_1_117' title='bbox 113 1809 282 1870; x_wconf 76' lang='lat' dir='ltr'>rediturum.</span> <span class='ocrx_word' id='word_1_118' title='bbox 297 1836 312 1862; x_wconf 78' lang='grc' dir='ltr'><strong>υ</strong></span> <span class='ocrx_word' id='word_1_119' title='bbox 325 1806 371 1870; x_wconf 86' lang='lat' dir='ltr'>lta</span> <span class='ocrx_word' id='word_1_120' title='bbox 389 1808 489 1870; x_wconf 89' lang='lat' dir='ltr'>inedia</span> <span class='ocrx_word' id='word_1_121' title='bbox 507 1808 591 1870; x_wconf 89' lang='lat' dir='ltr'>obiit.</span> <span class='ocrx_word' id='word_1_122' title='bbox 609 1805 683 1870; x_wconf 79' lang='lat' dir='ltr'>ibeo</span> <span class='ocrx_word' id='word_1_123' title='bbox 699 1829 757 1889; x_wconf 90' lang='lat' dir='ltr'>pro</span> <span class='ocrx_word' id='word_1_124' title='bbox 775 1804 948 1868; x_wconf 87' lang='lat' dir='ltr'>Stoicorum</span> <span class='ocrx_word' id='word_1_125' title='bbox 959 1825 1048 1866; x_wconf 85' lang='lat' dir='ltr'>sensu</span> <span class='ocrx_word' id='word_1_126' title='bbox 1060 1804 1139 1865; x_wconf 87' lang='lat' dir='ltr'>dicta</span> 
     </span>
     <span class='ocr_line' id='line_1_14' title="bbox 75 1907 1140 1997; baseline -0.003 -26"><span class='ocrx_word' id='word_1_127' title='bbox 75 1927 152 1976; x_wconf 72' lang='lat' dir='ltr'>sumto</span> <span class='ocrx_word' id='word_1_128' title='bbox 165 1960 173 1991; x_wconf 91' lang='lat'>,</span> <span class='ocrx_word' id='word_1_129' title='bbox 186 1914 295 1996; x_wconf 83' lang='lat' dir='ltr'>quibus</span> <span class='ocrx_word' id='word_1_130' title='bbox 305 1915 414 1997; x_wconf 87' lang='lat' dir='ltr'>placita</span> <span class='ocrx_word' id='word_1_131' title='bbox 426 1914 548 1976; x_wconf 88' lang='lat' dir='ltr'>interim</span> <span class='ocrx_word' id='word_1_132' title='bbox 564 1927 728 1997; x_wconf 86' lang='lat' dir='ltr'>spontanea</span> <span class='ocrx_word' id='word_1_133' title='bbox 743 1913 804 1975; x_wconf 86' lang='lat' dir='ltr'>haee</span> <span class='ocrx_word' id='word_1_134' title='bbox 817 1917 944 1994; x_wconf 66' lang='grc' dir='ltr'>ἐξαγωγὴ,</span> <span class='ocrx_word' id='word_1_135' title='bbox 960 1911 1048 1993; x_wconf 84' lang='lat' dir='ltr'>plene</span> <span class='ocrx_word' id='word_1_136' title='bbox 1064 1921 1094 1970; x_wconf 90' lang='lat' dir='ltr'>et</span> <span class='ocrx_word' id='word_1_137' title='bbox 1105 1907 1140 1968; x_wconf 95' lang='lat' dir='ltr'>li-</span> 
     </span>
     <span class='ocr_line' id='line_1_15' title="bbox 74 2017 446 2104; baseline 0.008 -26"><span class='ocrx_word' id='word_1_138' title='bbox 74 2017 156 2096; x_wconf 85' lang='lat' dir='ltr'>bere,</span> <span class='ocrx_word' id='word_1_139' title='bbox 169 2023 222 2083; x_wconf 83' lang='lat' dir='ltr'>sed</span> <span class='ocrx_word' id='word_1_140' title='bbox 237 2040 296 2104; x_wconf 88' lang='lat' dir='ltr'>pro</span> <span class='ocrx_word' id='word_1_141' title='bbox 312 2019 446 2082; x_wconf 86' lang='lat' dir='ltr'>illorum.</span> 
     </span>
    </p>
   </div>
   <div class='ocr_carea' id='block_1_3' title="bbox 343 2174 861 2258">
    <p class='ocr_par' dir='ltr' id='par_1_3' title="bbox 343 2174 861 2258">
     <span class='ocr_line' id='line_1_16' title="bbox 343 2174 861 2258; baseline -0.002 -21"><span class='ocrx_word' id='word_1_142' title='bbox 343 2175 690 2240; x_wconf 76' lang='lat' dir='ltr'>utssuuuauto</span> <span class='ocrx_word' id='word_1_143' title='bbox 711 2174 861 2258; x_wconf 82' lang='lat' dir='ltr'>xxttt.</span> 
     </span>
    </p>
   </div>
   <div class='ocr_carea' id='block_1_4' title="bbox 111 2321 1099 2516">
    <p class='ocr_par' dir='ltr' id='par_1_4' title="bbox 111 2321 1099 2516">
     <span class='ocr_line' id='line_1_17' title="bbox 111 2321 1099 2412; baseline -0.002 -28"><span class='ocrx_word' id='word_1_144' title='bbox 111 2324 258 2387; x_wconf 80' lang='lat' dir='ltr'>Decretum</span> <span class='ocrx_word' id='word_1_145' title='bbox 274 2328 327 2387; x_wconf 83' lang='lat' dir='ltr'>doc</span> <span class='ocrx_word' id='word_1_146' title='bbox 341 2329 474 2410; x_wconf 77' lang='lat' dir='ltr'>rejectum</span> <span class='ocrx_word' id='word_1_147' title='bbox 488 2373 498 2402; x_wconf 91' lang='lat'>,</span> <span class='ocrx_word' id='word_1_148' title='bbox 516 2340 544 2388; x_wconf 86' lang='lat' dir='ltr'>el</span> <span class='ocrx_word' id='word_1_149' title='bbox 557 2339 701 2412; x_wconf 80' lang='lat' dir='ltr'>ostensurp</span> <span class='ocrx_word' id='word_1_150' title='bbox 714 2350 770 2388; x_wconf 84' lang='lat' dir='ltr'>non</span> <span class='ocrx_word' id='word_1_151' title='bbox 787 2330 891 2401; x_wconf 84' lang='lat' dir='ltr'>lr&#39;cerc,</span> <span class='ocrx_word' id='word_1_152' title='bbox 906 2347 963 2386; x_wconf 75' lang='lat' dir='ltr'>reon</span> <span class='ocrx_word' id='word_1_153' title='bbox 978 2321 1081 2384; x_wconf 78' lang='lat' dir='ltr'>delere</span> <span class='ocrx_word' id='word_1_154' title='bbox 1089 2367 1099 2396; x_wconf 90' lang='lat'><em>,</em></span> 
     </span>
     <span class='ocr_line' id='line_1_18' title="bbox 372 2436 835 2516; baseline -0.006 -20"><span class='ocrx_word' id='word_1_155' title='bbox 372 2437 471 2496; x_wconf 73' lang='lat' dir='ltr'>mixtis</span> <span class='ocrx_word' id='word_1_156' title='bbox 483 2437 644 2496; x_wconf 82' lang='lat' dir='ltr'>rationibus</span> <span class='ocrx_word' id='word_1_157' title='bbox 656 2436 835 2516; x_wconf 82' lang='lat' dir='ltr'>testibusque.</span> 
     </span>
    </p>
   </div>
   <div class='ocr_carea' id='block_1_5' title="bbox 75 2593 1149 3104">
    <p class='ocr_par' dir='ltr' id='par_1_5' title="bbox 75 2593 1149 3104">
     <span class='ocr_line' id='line_1_19' title="bbox 110 2593 1145 2683; baseline -0.006 -27"><span class='ocrx_word' id='word_1_158' title='bbox 110 2595 189 2658; x_wconf 75' lang='lat' dir='ltr'>Auo.</span> <span class='ocrx_word' id='word_1_159' title='bbox 204 2595 292 2659; x_wconf 85' lang='lat' dir='ltr'>Heus</span> <span class='ocrx_word' id='word_1_160' title='bbox 307 2611 358 2676; x_wconf 88' lang='lat' dir='ltr'>tu,</span> <span class='ocrx_word' id='word_1_161' title='bbox 375 2620 413 2660; x_wconf 89' lang='lat' dir='ltr'>an</span> <span class='ocrx_word' id='word_1_162' title='bbox 428 2621 491 2662; x_wconf 89' lang='lat' dir='ltr'>non</span> <span class='ocrx_word' id='word_1_163' title='bbox 507 2600 620 2683; x_wconf 89' lang='lat' dir='ltr'>aliquid</span> <span class='ocrx_word' id='word_1_164' title='bbox 638 2598 782 2662; x_wconf 82' lang='lat' dir='ltr'>inclinas?</span> <span class='ocrx_word' id='word_1_165' title='bbox 799 2595 884 2659; x_wconf 76' lang='lat' dir='ltr'>Ltus.</span> <span class='ocrx_word' id='word_1_166' title='bbox 898 2593 1006 2656; x_wconf 80' lang='lat' dir='ltr'>Absit:</span> <span class='ocrx_word' id='word_1_167' title='bbox 1020 2610 1145 2673; x_wconf 86' lang='lat' dir='ltr'>respuo·</span> 
     </span>
     <span class='ocr_line' id='line_1_20' title="bbox 75 2699 1143 2787; baseline -0.01 -19"><span class='ocrx_word' id='word_1_168' title='bbox 75 2699 159 2782; x_wconf 80' lang='lat' dir='ltr'>Quod</span> <span class='ocrx_word' id='word_1_169' title='bbox 172 2706 339 2766; x_wconf 81' lang='lat' dir='ltr'>accuratius</span> <span class='ocrx_word' id='word_1_170' title='bbox 354 2706 500 2784; x_wconf 85' lang='lat' dir='ltr'>dixerim,</span> <span class='ocrx_word' id='word_1_171' title='bbox 512 2707 638 2770; x_wconf 83' lang='lat' dir='ltr'>candide</span> <span class='ocrx_word' id='word_1_172' title='bbox 647 2720 678 2768; x_wconf 90' lang='lat' dir='ltr'>et</span> <span class='ocrx_word' id='word_1_173' title='bbox 690 2725 802 2787; x_wconf 88' lang='lat' dir='ltr'>magno</span> <span class='ocrx_word' id='word_1_174' title='bbox 814 2703 831 2764; x_wconf 83' lang='lat' dir='ltr'>a</span> <span class='ocrx_word' id='word_1_175' title='bbox 843 2725 892 2764; x_wconf 93' lang='lat' dir='ltr'>me</span> <span class='ocrx_word' id='word_1_176' title='bbox 905 2701 1008 2762; x_wconf 86' lang='lat' dir='ltr'>auimo</span> <span class='ocrx_word' id='word_1_177' title='bbox 1020 2699 1143 2760; x_wconf 83' lang='lat' dir='ltr'>lactum.</span> 
     </span>
     <span class='ocr_line' id='line_1_21' title="bbox 77 2803 1147 2895; baseline -0.006 -25"><span class='ocrx_word' id='word_1_178' title='bbox 77 2803 174 2869; x_wconf 75' lang='lat' dir='ltr'>Curuae</span> <span class='ocrx_word' id='word_1_179' title='bbox 188 2811 383 2891; x_wconf 84' lang='lat' dir='ltr'>praevarieari</span> <span class='ocrx_word' id='word_1_180' title='bbox 399 2813 545 2894; x_wconf 86' lang='lat' dir='ltr'>numquid</span> <span class='ocrx_word' id='word_1_181' title='bbox 559 2813 669 2875; x_wconf 88' lang='lat' dir='ltr'>debui?</span> <span class='ocrx_word' id='word_1_182' title='bbox 688 2826 718 2873; x_wconf 90' lang='lat' dir='ltr'>et</span> <span class='ocrx_word' id='word_1_183' title='bbox 730 2811 877 2895; x_wconf 87' lang='lat' dir='ltr'>pleraque</span> <span class='ocrx_word' id='word_1_184' title='bbox 889 2807 991 2869; x_wconf 88' lang='lat' dir='ltr'>omnia</span> <span class='ocrx_word' id='word_1_185' title='bbox 1003 2806 1093 2889; x_wconf 86' lang='lat' dir='ltr'>igitur</span> <span class='ocrx_word' id='word_1_186' title='bbox 1104 2817 1147 2864; x_wconf 90' lang='lat' dir='ltr'>at-</span> 
     </span>
     <span class='ocr_line' id='line_1_22' title="bbox 75 2911 1148 3000; baseline 0.002 -30"><span class='ocrx_word' id='word_1_187' title='bbox 75 2911 143 2988; x_wconf 81' lang='lat' dir='ltr'>tuli,</span> <span class='ocrx_word' id='word_1_188' title='bbox 157 2935 216 2976; x_wconf 85' lang='lat' dir='ltr'>nec</span> <span class='ocrx_word' id='word_1_189' title='bbox 227 2915 305 2977; x_wconf 86' lang='lat' dir='ltr'>dicta</span> <span class='ocrx_word' id='word_1_190' title='bbox 320 2916 357 2978; x_wconf 91' lang='lat' dir='ltr'>iis</span> <span class='ocrx_word' id='word_1_191' title='bbox 371 2918 518 2994; x_wconf 83' lang='lat' dir='ltr'>subduxi,</span> <span class='ocrx_word' id='word_1_192' title='bbox 537 2919 607 3000; x_wconf 84' lang='lat' dir='ltr'>quia</span> <span class='ocrx_word' id='word_1_193' title='bbox 623 2920 745 2981; x_wconf 84' lang='lat' dir='ltr'>vincere</span> <span class='ocrx_word' id='word_1_194' title='bbox 761 2916 919 2992; x_wconf 82' lang='lat' dir='ltr'>constitui,</span> <span class='ocrx_word' id='word_1_195' title='bbox 937 2935 999 2976; x_wconf 91' lang='lat' dir='ltr'>non</span> <span class='ocrx_word' id='word_1_196' title='bbox 1014 2913 1148 2975; x_wconf 88' lang='lat' dir='ltr'>circum-</span> 
     </span>
     <span class='ocr_line' id='line_1_23' title="bbox 76 3019 1149 3104; baseline -0.001 -25"><span class='ocrx_word' id='word_1_197' title='bbox 76 3019 213 3082; x_wconf 85' lang='lat' dir='ltr'>scribere.</span> <span class='ocrx_word' id='word_1_198' title='bbox 230 3019 313 3084; x_wconf 87' lang='lat' dir='ltr'>Ecce</span> <span class='ocrx_word' id='word_1_199' title='bbox 332 3025 414 3084; x_wconf 89' lang='lat' dir='ltr'>euim</span> <span class='ocrx_word' id='word_1_200' title='bbox 429 3045 537 3086; x_wconf 90' lang='lat' dir='ltr'>omnes</span> <span class='ocrx_word' id='word_1_201' title='bbox 551 3025 624 3086; x_wconf 89' lang='lat' dir='ltr'>istos</span> <span class='ocrx_word' id='word_1_202' title='bbox 640 3025 775 3104; x_wconf 86' lang='lat' dir='ltr'>aliosque</span> <span class='ocrx_word' id='word_1_203' title='bbox 793 3022 912 3085; x_wconf 85' lang='lat' dir='ltr'>colores</span> <span class='ocrx_word' id='word_1_204' title='bbox 928 3041 989 3082; x_wconf 89' lang='lat' dir='ltr'>una</span> <span class='ocrx_word' id='word_1_205' title='bbox 1002 3019 1149 3080; x_wconf 85' lang='lat' dir='ltr'>Veritatis</span> 
     </span>
    </p>
   </div>
   <div class='ocr_carea' id='block_1_6' title="bbox 75 3126 1149 3320">
    <p class='ocr_par' dir='ltr' id='par_1_6' title="bbox 75 3126 1149 3320">
     <span class='ocr_line' id='line_1_24' title="bbox 75 3126 1149 3210; baseline -0.007 -20"><span class='ocrx_word' id='word_1_206' title='bbox 75 3126 195 3208; x_wconf 73' lang='lat' dir='ltr'>Spongia</span> <span class='ocrx_word' id='word_1_207' title='bbox 209 3127 273 3208; x_wconf 89' lang='lat' dir='ltr'>jam</span> <span class='ocrx_word' id='word_1_208' title='bbox 288 3127 340 3189; x_wconf 91' lang='lat' dir='ltr'>ibo</span> <span class='ocrx_word' id='word_1_209' title='bbox 355 3131 517 3192; x_wconf 88' lang='lat' dir='ltr'>detersum.</span> <span class='ocrx_word' id='word_1_210' title='bbox 531 3129 631 3206; x_wconf 81' lang='lat' dir='ltr'>Audi,</span> <span class='ocrx_word' id='word_1_211' title='bbox 653 3143 682 3192; x_wconf 91' lang='lat' dir='ltr'>et</span> <span class='ocrx_word' id='word_1_212' title='bbox 697 3131 827 3192; x_wconf 90' lang='lat' dir='ltr'>intende.</span> <span class='ocrx_word' id='word_1_213' title='bbox 843 3127 903 3189; x_wconf 83' lang='lat' dir='ltr'>Aio</span> <span class='ocrx_word' id='word_1_214' title='bbox 915 3127 1066 3210; x_wconf 89' lang='lat' dir='ltr'>plerisque</span> <span class='ocrx_word' id='word_1_215' title='bbox 1078 3144 1149 3184; x_wconf 86' lang='lat' dir='ltr'>om-</span> 
     </span>
     <span class='ocr_line' id='line_1_25' title="bbox 76 3227 1149 3320; baseline -0.003 -28"><span class='ocrx_word' id='word_1_216' title='bbox 76 3229 159 3291; x_wconf 85' lang='lat' dir='ltr'>uibus</span> <span class='ocrx_word' id='word_1_217' title='bbox 169 3232 277 3315; x_wconf 82' lang='lat' dir='ltr'>priscae</span> <span class='ocrx_word' id='word_1_218' title='bbox 289 3247 320 3294; x_wconf 87' lang='lat' dir='ltr'>et</span> <span class='ocrx_word' id='word_1_219' title='bbox 328 3257 408 3296; x_wconf 78' lang='lat' dir='ltr'>rerae</span> <span class='ocrx_word' id='word_1_220' title='bbox 420 3233 597 3320; x_wconf 83' lang='lat' dir='ltr'>Sapientiae,</span> <span class='ocrx_word' id='word_1_221' title='bbox 611 3235 790 3298; x_wconf 87' lang='lat' dir='ltr'>seutentiam</span> <span class='ocrx_word' id='word_1_222' title='bbox 802 3235 879 3296; x_wconf 91' lang='lat' dir='ltr'>hauc</span> <span class='ocrx_word' id='word_1_223' title='bbox 890 3234 1073 3295; x_wconf 83' lang='lat' dir='ltr'>damnatam.</span> <span class='ocrx_word' id='word_1_224' title='bbox 1082 3227 1149 3290; x_wconf 87' lang='lat' dir='ltr'>Ho-</span> 
     </span>
    </p>
   </div>
   <div class='ocr_carea' id='block_1_7' title="bbox 76 3338 953 3426">
    <p class='ocr_par' dir='ltr' id='par_1_7' title="bbox 76 3338 953 3426">
     <span class='ocr_line' id='line_1_26' title="bbox 76 3338 953 3426; baseline 0.005 -30"><span class='ocrx_word' id='word_1_225' title='bbox 76 3357 159 3399; x_wconf 86' lang='lat' dir='ltr'>mero</span> <span class='ocrx_word' id='word_1_226' title='bbox 173 3338 205 3399; x_wconf 89' lang='lat' dir='ltr'>in</span> <span class='ocrx_word' id='word_1_227' title='bbox 220 3339 327 3421; x_wconf 91' lang='lat' dir='ltr'>primis</span> <span class='ocrx_word' id='word_1_228' title='bbox 343 3365 351 3400; x_wconf 77' lang='grc' dir='ltr'>ι</span> <span class='ocrx_word' id='word_1_229' title='bbox 371 3343 450 3424; x_wconf 88' lang='lat' dir='ltr'>apud</span> <span class='ocrx_word' id='word_1_230' title='bbox 461 3363 552 3423; x_wconf 89' lang='lat' dir='ltr'>quem</span> <span class='ocrx_word' id='word_1_231' title='bbox 566 3342 624 3404; x_wconf 90' lang='lat' dir='ltr'>hoc</span> <span class='ocrx_word' id='word_1_232' title='bbox 638 3355 742 3404; x_wconf 90' lang='lat' dir='ltr'>votum</span> <span class='ocrx_word' id='word_1_233' title='bbox 757 3341 953 3426; x_wconf 86' lang='lat' dir='ltr'>exprimitur:</span> 
     </span>
    </p>
   </div>
   <div class='ocr_carea' id='block_1_8' title="bbox 237 3470 796 3543">
    <p class='ocr_par' dir='ltr' id='par_1_8' title="bbox 237 3470 796 3543">
     <span class='ocr_line' id='line_1_27' title="bbox 237 3470 796 3543; baseline 0.007 -23"><span class='ocrx_word' id='word_1_234' title='bbox 237 3473 371 3539; x_wconf 71' lang='grc' dir='ltr'>Βσνλσῖμην</span> <span class='ocrx_word' id='word_1_235' title='bbox 380 3471 531 3543; x_wconf 70' lang='grc' dir='ltr'>κ’ἒπάρσνρος</span> <span class='ocrx_word' id='word_1_236' title='bbox 540 3474 582 3526; x_wconf 75' lang='lat' dir='ltr'>loir</span> <span class='ocrx_word' id='word_1_237' title='bbox 595 3470 721 3540; x_wconf 66' lang='grc' dir='ltr'>θητιῦεμεν</span> <span class='ocrx_word' id='word_1_238' title='bbox 733 3473 796 3540; x_wconf 66' lang='grc' dir='ltr'>ἄλλῳ</span> 
     </span>
    </p>
   </div>
   <div class='ocr_carea' id='block_1_9' title="bbox 233 3549 810 3658">
    <p class='ocr_par' dir='ltr' id='par_1_9' title="bbox 233 3549 810 3658">
     <span class='ocr_line' id='line_1_28' title="bbox 233 3549 810 3658; baseline 0.005 -47"><span class='ocrx_word' id='word_1_239' title='bbox 233 3549 306 3658; x_wconf 44' lang='grc' dir='ltr'>Ᾰῃνδρῖ</span> <span class='ocrx_word' id='word_1_240' title='bbox 318 3561 375 3631; x_wconf 78' lang='grc' dir='ltr'>παρ’</span> <span class='ocrx_word' id='word_1_241' title='bbox 385 3565 495 3632; x_wconf 68' lang='grc' dir='ltr'>ἀκλήρῳ,</span> <span class='ocrx_word' id='word_1_242' title='bbox 506 3563 524 3630; x_wconf 72' lang='grc' dir='ltr'><strong>ᾧ</strong></span> <span class='ocrx_word' id='word_1_243' title='bbox 534 3566 565 3632; x_wconf 80' lang='grc' dir='ltr'>μὴ</span> <span class='ocrx_word' id='word_1_244' title='bbox 575 3563 655 3630; x_wconf 71' lang='grc' dir='ltr'>βίοτος</span> <span class='ocrx_word' id='word_1_245' title='bbox 666 3565 742 3624; x_wconf 69' lang='grc' dir='ltr'>πολὺς</span> <span class='ocrx_word' id='word_1_246' title='bbox 754 3565 790 3620; x_wconf 74' lang='grc' dir='ltr'>εἴη</span> <span class='ocrx_word' id='word_1_247' title='bbox 802 3600 810 3628; x_wconf 86' lang='grc'><strong>,</strong></span> 
     </span>
    </p>
   </div>
   <div class='ocr_carea' id='block_1_10' title="bbox 238 3653 1153 4000">
    <p class='ocr_par' dir='ltr' id='par_1_10' title="bbox 238 3653 794 3723">
     <span class='ocr_line' id='line_1_29' title="bbox 238 3653 794 3723; baseline 0.009 -21"><span class='ocrx_word' id='word_1_248' title='bbox 238 3659 261 3703; x_wconf 81' lang='lat' dir='ltr'>fl</span> <span class='ocrx_word' id='word_1_249' title='bbox 270 3661 341 3705; x_wconf 72' lang='grc' dir='ltr'>πᾶσιν</span> <span class='ocrx_word' id='word_1_250' title='bbox 353 3653 454 3707; x_wconf 70' lang='lat' dir='ltr'>sericum</span> <span class='ocrx_word' id='word_1_251' title='bbox 468 3658 667 3723; x_wconf 65' lang='grc' dir='ltr'>καταφθιμένοισιν</span> <span class='ocrx_word' id='word_1_252' title='bbox 677 3657 794 3709; x_wconf 73' lang='grc' dir='ltr'>ἀνάσσειν·</span> 
     </span>
    </p>

    <p class='ocr_par' dir='ltr' id='par_1_11' title="bbox 239 3741 814 3817">
     <span class='ocr_line' id='line_1_30' title="bbox 239 3741 814 3817; baseline 0.01 -25"><span class='ocrx_word' id='word_1_253' title='bbox 239 3741 341 3816; x_wconf 77' lang='lat' dir='ltr'>Eligam</span> <span class='ocrx_word' id='word_1_254' title='bbox 352 3765 412 3817; x_wconf 88' lang='lat' dir='ltr'>ego,</span> <span class='ocrx_word' id='word_1_255' title='bbox 425 3745 466 3798; x_wconf 82' lang='lat' dir='ltr'>vel</span> <span class='ocrx_word' id='word_1_256' title='bbox 477 3746 505 3798; x_wconf 86' lang='lat' dir='ltr'>iu</span> <span class='ocrx_word' id='word_1_257' title='bbox 515 3746 581 3816; x_wconf 85' lang='lat' dir='ltr'>agris</span> <span class='ocrx_word' id='word_1_258' title='bbox 591 3747 680 3799; x_wconf 87' lang='lat' dir='ltr'>virens</span> <span class='ocrx_word' id='word_1_259' title='bbox 692 3747 814 3799; x_wconf 85' lang='lat' dir='ltr'>inservire</span> 
     </span>
    </p>

    <p class='ocr_par' dir='ltr' id='par_1_12' title="bbox 245 3834 980 3909">
     <span class='ocr_line' id='line_1_31' title="bbox 245 3834 980 3909; baseline 0.001 -23"><span class='ocrx_word' id='word_1_260' title='bbox 245 3834 387 3909; x_wconf 86' lang='lat' dir='ltr'>Pauperem</span> <span class='ocrx_word' id='word_1_261' title='bbox 399 3836 466 3906; x_wconf 85' lang='lat' dir='ltr'>apud</span> <span class='ocrx_word' id='word_1_262' title='bbox 479 3837 631 3902; x_wconf 82' lang='lat' dir='ltr'>domiuum,</span> <span class='ocrx_word' id='word_1_263' title='bbox 645 3838 685 3891; x_wconf 86' lang='lat' dir='ltr'>cui</span> <span class='ocrx_word' id='word_1_264' title='bbox 698 3857 745 3891; x_wconf 88' lang='lat' dir='ltr'>uec</span> <span class='ocrx_word' id='word_1_265' title='bbox 755 3837 788 3890; x_wconf 88' lang='lat' dir='ltr'>sit</span> <span class='ocrx_word' id='word_1_266' title='bbox 798 3835 870 3908; x_wconf 83' lang='lat' dir='ltr'>eopia</span> <span class='ocrx_word' id='word_1_267' title='bbox 882 3835 980 3898; x_wconf 82' lang='lat' dir='ltr'>victus,</span> 
     </span>
    </p>

    <p class='ocr_par' dir='ltr' id='par_1_13' title="bbox 240 3925 1153 4000">
     <span class='ocr_line' id='line_1_32' title="bbox 240 3925 1153 4000; baseline 0 -21"><span class='ocrx_word' id='word_1_268' title='bbox 240 3927 327 3996; x_wconf 85' lang='lat' dir='ltr'>Quam</span> <span class='ocrx_word' id='word_1_269' title='bbox 336 3928 537 3981; x_wconf 83' lang='lat' dir='ltr'>iuuetuslunctis</span> <span class='ocrx_word' id='word_1_270' title='bbox 548 3928 607 3981; x_wconf 87' lang='lat' dir='ltr'>dare</span> <span class='ocrx_word' id='word_1_271' title='bbox 617 3928 683 4000; x_wconf 83' lang='lat' dir='ltr'>jura,</span> <span class='ocrx_word' id='word_1_272' title='bbox 691 3942 766 3998; x_wconf 88' lang='lat' dir='ltr'>atque</span> <span class='ocrx_word' id='word_1_273' title='bbox 777 3925 1044 4000; x_wconf 76' lang='lat' dir='ltr'>imperitare.(0utss.</span> <span class='ocrx_word' id='word_1_274' title='bbox 1055 3931 1075 3979; x_wconf 86' lang='lat' dir='ltr'>l.</span> <span class='ocrx_word' id='word_1_275' title='bbox 1083 3927 1153 3998; x_wconf 75' lang='grc'>498.)</span> 
     </span>
    </p>
   </div>
   <div class='ocr_carea' id='block_1_11' title="bbox 74 4045 1156 4452">
    <p class='ocr_par' dir='ltr' id='par_1_14' title="bbox 74 4045 1156 4452">
     <span class='ocr_line' id='line_1_33' title="bbox 74 4045 1156 4132; baseline -0.002 -22"><span class='ocrx_word' id='word_1_276' title='bbox 74 4046 151 4110; x_wconf 89' lang='lat' dir='ltr'>ltem</span> <span class='ocrx_word' id='word_1_277' title='bbox 179 4067 295 4132; x_wconf 85' lang='lat' dir='ltr'>magno</span> <span class='ocrx_word' id='word_1_278' title='bbox 320 4045 526 4132; x_wconf 72' lang='lat' dir='ltr'>Pythagorae5</span> <span class='ocrx_word' id='word_1_279' title='bbox 552 4050 603 4130; x_wconf 83' lang='lat' dir='ltr'>qui</span> <span class='ocrx_word' id='word_1_280' title='bbox 630 4077 644 4103; x_wconf 78' lang='grc' dir='ltr'>ιι</span> <span class='ocrx_word' id='word_1_281' title='bbox 666 4061 767 4122; x_wconf 80' lang='lat' dir='ltr'>vetat,</span> <span class='ocrx_word' id='word_1_282' title='bbox 795 4047 859 4125; x_wconf 88' lang='lat' dir='ltr'>(ait</span> <span class='ocrx_word' id='word_1_283' title='bbox 882 4045 1012 4126; x_wconf 90' lang='lat' dir='ltr'>Cicero)</span> <span class='ocrx_word' id='word_1_284' title='bbox 1043 4048 1156 4129; x_wconf 84' lang='lat' dir='ltr'>injussu</span> 
     </span>
     <span class='ocr_line' id='line_1_34' title="bbox 74 4153 1154 4239; baseline 0.002 -24"><span class='ocrx_word' id='word_1_285' title='bbox 74 4153 288 4239; x_wconf 84' lang='lat' dir='ltr'>Imperatoris,</span> <span class='ocrx_word' id='word_1_286' title='bbox 302 4154 400 4232; x_wconf 88' lang='lat' dir='ltr'>idest,</span> <span class='ocrx_word' id='word_1_287' title='bbox 418 4153 500 4232; x_wconf 75' lang='lat' dir='ltr'>Ilei,</span> <span class='ocrx_word' id='word_1_288' title='bbox 514 4158 551 4217; x_wconf 90' lang='lat' dir='ltr'>de</span> <span class='ocrx_word' id='word_1_289' title='bbox 561 4156 700 4239; x_wconf 67' lang='lat' dir='ltr'>prasidio</span> <span class='ocrx_word' id='word_1_290' title='bbox 711 4167 740 4217; x_wconf 89' lang='lat' dir='ltr'>et</span> <span class='ocrx_word' id='word_1_291' title='bbox 752 4155 879 4218; x_wconf 82' lang='lat' dir='ltr'>statione</span> <span class='ocrx_word' id='word_1_292' title='bbox 891 4156 958 4218; x_wconf 82' lang='lat' dir='ltr'>ritae</span> <span class='ocrx_word' id='word_1_293' title='bbox 968 4156 1154 4218; x_wconf 74' lang='lat' dir='ltr'>discedere.»</span> 
     </span>
     <span class='ocr_line' id='line_1_35' title="bbox 74 4257 1154 4342; baseline -0.001 -18"><span class='ocrx_word' id='word_1_294' title='bbox 74 4260 145 4341; x_wconf 88' lang='lat' dir='ltr'>(Ile</span> <span class='ocrx_word' id='word_1_295' title='bbox 163 4259 309 4340; x_wconf 74' lang='lat' dir='ltr'>Seneca.)</span> <span class='ocrx_word' id='word_1_296' title='bbox 322 4257 408 4342; x_wconf 84' lang='lat' dir='ltr'>Quid</span> <span class='ocrx_word' id='word_1_297' title='bbox 418 4258 538 4324; x_wconf 90' lang='lat' dir='ltr'>Platoni</span> <span class='ocrx_word' id='word_1_298' title='bbox 554 4275 584 4325; x_wconf 90' lang='lat' dir='ltr'>et</span> <span class='ocrx_word' id='word_1_299' title='bbox 599 4262 744 4326; x_wconf 81' lang='lat' dir='ltr'>asseclis?</span> <span class='ocrx_word' id='word_1_300' title='bbox 759 4262 928 4324; x_wconf 87' lang='lat' dir='ltr'>communis</span> <span class='ocrx_word' id='word_1_301' title='bbox 940 4262 1002 4326; x_wconf 84' lang='lat' dir='ltr'>baec</span> <span class='ocrx_word' id='word_1_302' title='bbox 1010 4261 1154 4339; x_wconf 88' lang='lat' dir='ltr'>assertio,</span> 
     </span>
     <span class='ocr_line' id='line_1_36' title="bbox 78 4349 1154 4452; baseline -0.001 -21"><span class='ocrx_word' id='word_1_303' title='bbox 78 4397 91 4424; x_wconf 77' lang='grc' dir='ltr'>ι</span> <span class='ocrx_word' id='word_1_304' title='bbox 103 4367 167 4432; x_wconf 83' lang='lat' dir='ltr'>Piis</span> <span class='ocrx_word' id='word_1_305' title='bbox 181 4367 327 4431; x_wconf 84' lang='lat' dir='ltr'>omnibus</span> <span class='ocrx_word' id='word_1_306' title='bbox 341 4349 531 4432; x_wconf 87' lang='lat' dir='ltr'>retinendum</span> <span class='ocrx_word' id='word_1_307' title='bbox 551 4390 616 4434; x_wconf 87' lang='lat' dir='ltr'>esse</span> <span class='ocrx_word' id='word_1_308' title='bbox 631 4370 766 4432; x_wconf 89' lang='lat' dir='ltr'>animum</span> <span class='ocrx_word' id='word_1_309' title='bbox 775 4370 814 4432; x_wconf 91' lang='lat' dir='ltr'>-in</span> <span class='ocrx_word' id='word_1_310' title='bbox 838 4370 972 4434; x_wconf 85' lang='lat' dir='ltr'>custodia</span> <span class='ocrx_word' id='word_1_311' title='bbox 995 4369 1154 4452; x_wconf 83' lang='lat' dir='ltr'>corporis,</span> 
     </span>
    </p>
   </div>
   <div class='ocr_carea' id='block_1_12' title="bbox 0 0 1467 4958">
    <p class='ocr_par' dir='ltr' id='par_1_15' title="bbox 0 0 1467 4958">
     <span class='ocr_line' id='line_1_37' title="bbox 0 0 1467 4958; baseline 0 0"><span class='ocrx_word' id='word_1_312' title='bbox 0 0 1467 4958; x_wconf 95' lang='lat' dir='ltr'> </span> 
     </span>
    </p>
   </div>
  </div>
 </body>
</html>
