2900 4944
418 459 588 528 corut
612 460 765 528 xvur.
1052 455 1112 542 tor

67 601 145 669 viles
160 613 364 667 servatorem
379 597 555 691 agitabunt
567 595 748 666 seditiones
768 609 792 678 ¹,
811 612 845 665 et
864 611 940 690 post
956 593 1118 664 fastiditos

67 718 215 808 ajuvena
229 710 293 782 diis
310 737 424 805 aequos
440 713 599 796 honores,
616 713 687 806 jam
705 737 820 782 senem
839 715 1044 782 contumacis
1061 736 1119 781 ex·

67 831 150 899 silii²
169 829 349 899 delectabit
366 829 516 897 ambitio.
538 831 718 922 Nunquam
736 829 881 898 deerunt
896 829 952 896 rel
972 827 1086 897 felices
1105 879 1115 911 ,

67 949 116 1016 vel
132 949 262 1016 miserae
275 943 511 1015 sollicitudinis
524 969 632 1040 causae
653 972 660 1012 :
675 970 740 1039 per
755 945 990 1040 occupationes
1008 946 1117 1017 inter·

68 1057 219 1130 cludetur
236 1061 362 1128 otium:
384 1082 556 1153 nunquam
574 1074 706 1152 agetur,
729 1083 861 1153 semper
879 1059 1064 1153 optabitur.

109 1177 238 1244 XVIII.
254 1179 402 1270 Excerpe
422 1177 537 1267 itaque
554 1189 586 1243 te
600 1175 702 1268 vulgo
714 1226 725 1258 ,
735 1173 887 1244 'Pauline
901 1170 915 1210 ³
929 1175 1115 1256 carissime,

65 1309 98 1360 et
112 1295 147 1362 in
161 1289 430 1386 tranquilliorem
446 1307 604 1386 portum,
625 1317 694 1361 non
711 1315 775 1386 pro
795 1293 901 1360 aetatis
920 1293 1027 1386 spatio
1041 1293 1116 1386 jac-

68 1425 168 1492 tatus,
186 1409 320 1478 tandem
333 1407 468 1477 recede.
488 1409 608 1502 Cogita
618 1423 701 1500 quot
723 1407 846 1477 fluctus
859 1407 1015 1489 subieris,
1036 1424 1118 1501 quot

66 1539 274 1618 tempestates
293 1527 418 1619 partim
434 1525 581 1618 privates
600 1525 811 1608 sustinueris,
828 1523 951 1618 partim
965 1523 1117 1618 publicas

68 1640 99 1706 in
110 1654 141 1707 te
155 1641 374 1708 converteris.
398 1639 485 1708 Satis
497 1637 568 1732 jam
585 1663 648 1733 per
658 1639 824 1707 laboriosa
839 1655 874 1707 et
887 1639 1037 1731 inquieta
1052 1637 1114 1708 do-

66 1771 215 1824 cumenta
232 1755 380 1824 exhibita
397 1757 505 1823 virtus
523 1771 593 1823 est:
612 1758 786 1849 experire,
814 1755 898 1848 quid
916 1758 951 1824 in
970 1757 1040 1823 otio
1065 1755 1117 1823 ffi-

67 1875 139 1941 ciat.
157 1873 268 1967 Major
283 1897 362 1967 pars
380 1873 508 1956 aetatis,
529 1890 620 1942 certe
644 1873 786 1954 melior,
809 1872 1019 1967 Reipublioae
1039 1871 1116 1942 data

66 1986 126 2052 sit:
144 1985 274 2079 aliquid
294 1987 453 2080 temporis
469 1988 519 2054 tui
539 2011 631 2055 sume
649 1987 750 2054 etiam
766 1986 839 2055 tibi.
862 1989 984 2055 Necte
1003 1984 1047 2055 ed
1061 2010 1117 2056 se·

69 2127 161 2194 gnem
174 2119 234 2172 aut
247 2104 390 2171 inertem
407 2105 557 2195 quietem
572 2126 655 2172 voco
674 2129 681 2169 :
697 2127 766 2171 non
780 2119 818 2172 ut
834 2093 961 2188 somno,
983 2119 1017 2172 et
1029 2104 1117 2173 caris

67 2217 166 2287 turbae
181 2218 422 2314 voluptatibus,
443 2218 613 2312 quidquid
631 2234 682 2288 est
698 2221 781 2288 inte
801 2219 924 2288 indolis
937 2221 1040 2300 vivae,
1057 2217 1116 2287 de-

69 2357 205 2427 mergas.
224 2337 299 2403 Non
317 2350 368 2404 est
383 2334 474 2404 istud
486 2336 714 2428 acquiescere.
732 2337 888 2404 Invenies
901 2337 1026 2428 majora
1043 2359 1115 2402 om·
1142 2331 1157 2360 ²

69 2447 161 2517 nibus
177 2448 290 2519 adhuc
309 2466 446 2519 strenue
457 2452 607 2520 uastatis
620 2451 792 2544 operibus,
814 2475 890 2543 quae
900 2452 1067 2545 repositus
1084 2465 1118 2518 et

68 2583 198 2631 securus
217 2564 335 2657 agites.
359 2565 414 2632 Tu
434 2563 570 2656 quidem
586 2563 679 2631 orbis
698 2580 865 2632 terrarum
887 2565 1034 2631 rationes
1053 2562 1116 2631 ad-

69 2677 242 2762 ministras,
267 2698 333 2748 tam
349 2680 558 2750 abstinenter
571 2705 674 2772 quam
686 2682 833 2761 alienas,
854 2696 921 2748 tam
934 2680 1117 2773 diligenter

67 2815 159 2882 quam
172 2809 259 2875 tuas,
280 2811 346 2864 tam
363 2795 522 2890 religiose
536 2819 637 2888 quam
655 2794 829 2889 publicos,
849 2796 885 2860 iu
901 2794 1013 2862 officio
1026 2817 1117 2863 amo-

67 2929 131 2976 rem
144 2914 359 3002 eonsequcris
376 2903 412 2994 ⁴,
433 2913 469 2979 in
483 2935 551 3002 quo
565 2910 679 2979 odium
691 2911 798 2978 vitare
812 2909 952 2978 difficile
963 2927 1014 2979 est
1030 2938 1037 2978 ι
1055 2909 1114 2980 sed

68 3038 183 3109 tamen,
199 3025 284 3095 mihi
305 3026 428 3109 crede,
456 3028 560 3095 satius
577 3042 628 3095 est
651 3029 728 3094 vitae
745 3049 812 3094 suae
831 3027 997 3110 rationes,
1014 3053 1115 3121 quam

67 3137 218 3212 frumenti
235 3143 365 3236 publici
385 3167 483 3211 nosse
498 3137 524 3210 ⁵.
552 3141 658 3212 Istum
682 3143 785 3210 animi
805 3144 954 3236 vigorem
965 3193 976 3224 ,
1002 3168 1116 3214 rerum

98 3353 220 3407 octones
221 3388 261 3406 ·····
269 3355 560 3409 seditiones.lltribunis
643 3356 665 3420 4.
678 3355 715 3406 In
724 3355 934 3426 ‹fficioomorem
946 3363 1115 3428 consequeris.

67 3426 97 3498 pl.
109 3431 216 3484 excitate
229 3431 257 3484 in
274 3450 331 3484 eum
346 3432 379 3484 ob
397 3433 462 3485 male
476 3433 560 3487 admi·
610 3431 640 3483 ld
651 3451 711 3484 vero
723 3432 830 3486 arduum
845 3446 869 3486 et
881 3433 985 3488 difficile
999 3434 1114 3510 inprimis

67 3505 187 3561 nistratam
199 3509 332 3582 petamus
343 3509 484 3564 Asiaticam.
612 3509 753 3573 est,virum
765 3510 809 3582 qni
822 3530 860 3562 res
871 3509 981 3584 publicas
993 3513 1114 3565 adminis-

96 3603 117 3634 s.
125 3587 234 3639 Eoess'lit'.
242 3584 318 3654 Quod
326 3585 437 3638 Linterni
445 3587 496 3662 egit
503 3588 563 3640 inde
611 3599 672 3654 trel,
692 3585 778 3642 officio
793 3609 878 3642 severo
895 3589 1073 3664 utplurimum
1091 3605 1115 3644 st

67 3657 166 3716 lionam
172 3664 254 3718 redire
261 3663 364 3731 nolens,
373 3668 404 3719 cf.
413 3668 499 3736 etr-86,
509 3667 564 3722 init.
613 3664 677 3717 tristi
687 3677 751 3718 recte
761 3667 835 3741 fungi
842 3707 850 3734 ‚
858 3686 904 3720 nee
916 3679 999 3720 umen
1009 3669 1114 3740 quibus-

68 3735 143 3792 Vsler.
154 3743 188 3803 V,
197 3742 220 3794 3.
233 3741 273 3794 (il.
280 3742 381 3796 doctum
390 3763 482 3798 excuss.
490 3747 565 3798 We·
613 3741 671 3794 dam
681 3742 820 3817 displicere.

67 3815 116 3868 eslii
128 3819 157 3870 sd
173 3818 301 3873 Ciceronis
314 3819 445 3874 Catonem.
645 3824 667 3873 5.
689 3821 728 3872 Tu
737 3824 980 3891 quidenemnosse·
1000 3823 1040 3877 De
1056 3825 1114 3877 fru-

97 3895 188 3952 xvlll.
205 3901 274 3951 Atta.
291 3897 428 3952 Paulinum
445 3899 564 3954 adhorta·
612 3901 782 3965 mentatione,
803 3901 821 3952 i.
842 3902 872 3954 de
894 3903 1023 3956 frumento
1048 3903 1114 3978 plebi

68 3981 110 4034 tur,
123 3983 152 4027 ul
164 3977 244 4030 etlam
255 3989 362 4050 capessat
374 3979 512 4053 periculose
524 3982 562 4032 ol'·
613 3979 709 4052 publice
730 3979 806 4050 idque
829 3979 937 4054 gratuito
966 3980 1050 4032 dando
1072 3980 1114 4034 bie

69 4045 120 4100 lisia
131 4053 260 4127 fugiendo.
612 4076 693 4110 sermo
704 4057 833 4128 cumdius
843 4057 1035 4110 administrandi
1042 4071 1115 4130 atque

98 4125 119 4176 3-
133 4128 251 4185 Pauline.
271 4132 310 4186 CI.
324 4133 355 4186 de
371 4153 401 4185 eo
421 4136 562 4206 Argumen-
615 4133 780 4187 distribuendi
796 4154 882 4187 euram
898 4135 972 4208 gessit
989 4155 1045 4188 curn
1061 4135 1117 4188 aliis

69 4210 117 4255 lum
130 4205 200 4278 buius
212 4207 278 4262 libii.
615 4224 638 4262 et
656 4212 783 4266 Paulinus.
796 4213 932 4287 Republica
948 4214 1049 4284 quidem
1061 4213 1120 4268 libe·
1224 4239 1234 4250 ’
