2896 4958
313 472 430 560 cxcviij
504 467 538 539 J.
564 469 727 541 LIPSII
750 463 1205 544 Ms'nunoc'rtottl's

312 628 346 676 ut
370 613 466 699 possit
486 614 543 677 sihi
560 615 625 697 ipse
646 613 801 694 sulficere,
822 617 917 700 possit
944 637 1048 680 secum
1064 637 1140 679 esse.
1160 613 1245 680 Sicut
1262 615 1384 701 Jupiter

314 743 416 786 secum
426 735 471 784 est
484 735 572 802 atque
584 720 660 804 agiu·
673 719 747 783 etin
761 743 794 784 se
808 722 985 804 acquiescit,
1000 736 1029 784 ct
1039 721 1288 806 gubernationem
1299 745 1384 784 suam

313 841 414 891 mente
430 829 539 912 agitat,
555 841 588 890 et
602 825 832 914 cogitationibus
845 829 955 890 fruitur
972 849 1005 891 se
1019 828 1125 912 dignis.
1143 853 1159 884 ι
1174 823 1216 890 Et
1230 849 1295 911 qaas
1311 830 1386 890 soli-

311 937 384 998 tudo
394 949 454 1013 ιιι,
465 935 517 996 ubi
527 935 650 997 virtutes
658 933 839 996 comitantur
849 934 1013 998 etadsunti’
1026 961 1042 989 ιι
1053 932 1163 998 Nullus
1173 947 1323 1018 angustus,
1336 950 1386 998 aut

313 1041 395 1104 solus
409 1055 454 1104 cst
467 1041 568 1114 locus,
580 1039 633 1124 qui
643 1039 722 1103 hanc
731 1054 795 1102 tam
805 1063 948 1126 magnam
960 1039 1082 1104 turbam
1095 1040 1176 1126 capit
1188 1063 1196 1102 a
1209 1041 1325 1103 nullum
1337 1063 1386 1105 ex-

312 1148 413 1210 silium
422 1169 526 1234 grave,
538 1149 570 1210 in
583 1150 665 1231 quod
677 1147 748 1211 licet
757 1169 826 1211 cum
838 1148 898 1212 hoc
911 1147 1056 1213 comitatu
1066 1147 1121 1209 ire.
1134 1173 1149 1202 ι
1165 1143 1251 1228 (Seu.
1261 1143 1387 1212 Consul.

313 1257 351 1318 ad
364 1251 457 1318 Helu.
476 1275 543 1338 cap.
566 1256 636 1334 ιο.)
650 1252 814 1338 Denique,
832 1277 902 1318 cum
917 1268 1022 1318 nostro
1036 1251 1219 1332 Ambrosio,
1237 1281 1254 1310 ιι
1276 1255 1307 1315 ἱιι
1328 1275 1385 1336 qua

313 1347 473 1423 solitudine
483 1381 546 1427 non
558 1359 698 1446 stipetur,
713 1383 806 1444 quem
818 1362 879 1426 vita
893 1359 989 1426 Beata
1001 1359 1185 1424 circumdat?
1196 1357 1286 1444 (Lib.
1299 1359 1325 1422 l.
1337 1361 1385 1424 De

312 1463 386 1529 Vita
397 1465 513 1531 Jacob.
531 1487 598 1552 cap.
612 1467 663 1529 ult.
679 1465 692 1549 )
707 1466 813 1551 ltaque
832 1464 892 1530 frui
908 1481 939 1530 et
955 1468 1147 1552 acquiescere
1162 1468 1193 1530 in
1214 1489 1246 1530 sc
1262 1481 1384 1552 potcst;

312 1575 362 1636 vix
373 1588 475 1636 tamen
485 1571 584 1648 volet;
596 1575 664 1637 dico
678 1571 709 1636 in
720 1575 785 1636 sola
800 1574 853 1636 illa
864 1574 1025 1636 solitudine
1038 1597 1046 1634 ι
1059 1588 1089 1637 ct
1100 1574 1162 1639 lanc
1173 1571 1295 1639 Senecoe
1304 1575 1388 1637 clara

314 1679 410 1742 verba
422 1678 529 1744 volunt
544 1701 552 1739 ι
567 1707 583 1736 ιι
599 1675 640 1742 Se
654 1693 811 1743 contentus
826 1693 872 1743 est
884 1678 1032 1763 Sapiens,
1048 1693 1194 1742 ettamen
1209 1701 1271 1745 non
1284 1681 1386 1758 vivet,

314 1787 340 1848 si
354 1784 444 1848 luerit
457 1785 521 1849 sine
534 1783 658 1849 homine
670 1786 812 1850 sictums.
825 1813 842 1842 ιι
855 1781 972 1870 (Epist.
987 1785 1053 1864 tx.)
1066 1783 1165 1860 Nota,
1182 1784 1246 1848 sine
1258 1786 1386 1860 homine,

314 1914 376 1955 non
390 1894 453 1956 sinc
467 1895 563 1955 amico
576 1907 702 1956 tantum.
718 1889 760 1955 Et
775 1913 847 1956 sane
861 1889 999 1956 Stoicum
1011 1894 1071 1956 hoc
1085 1895 1195 1978 dogma
1216 1916 1225 1953 ι
1245 1915 1262 1952 ιι
1278 1891 1389 1976 Neque

314 1999 346 2061 in
360 1999 520 2063 solitudine
533 2001 616 2062 vivet
627 1995 756 2083 Sapiens
775 2022 784 2058 ι
800 2013 846 2063 est
863 1999 946 2062 enim
958 2013 1064 2062 natura
1079 2000 1217 2080 socialis,
1233 2015 1264 2063 et
1282 2015 1391 2064 actuo-

315 2128 375 2170 sus.
385 2134 402 2163 ιι
415 2104 498 2170 Nam
508 2106 613 2184 multa,
626 2127 684 2190 pro
697 2104 800 2169 Stoico
814 2126 914 2186 sensu,
927 2107 1143 2184 interveniunt,
1159 2129 1224 2190 quas
1233 2127 1295 2169 non
1304 2106 1392 2170 Bea-

315 2227 379 2276 tam
397 2215 510 2291 vitem‚
537 2215 590 2275 sed
603 2213 697 2275 vitam
709 2227 812 2276 tamen
829 2212 938 2275 tollunt
953 2235 961 2272 ι
979 2215 1016 2275 de
1036 2213 1144 2295 quibus
1162 2211 1252 2276 inira.
1262 2211 1390 2295 Alioqui

316 2341 468 2382 secessum
483 2340 503 2382 a
520 2318 632 2398 turbis,
649 2301 754 2393 idest,
773 2317 872 2393 vitiis,
886 2319 964 2382 absit
981 2332 1015 2382 ut
1032 2321 1227 2394 damnemus,
1241 2319 1390 2404 pabulum

315 2427 427 2505 animi,
442 2426 506 2488 imo
521 2425 645 2490 delicias
661 2447 669 2486 ι
688 2439 719 2488 et
740 2425 793 2489 ubi
811 2425 871 2489 lrui
891 2425 1079 2509 superiore
1097 2405 1133 2489 et·
1140 2424 1319 2490 sublimiore
1337 2426 1391 2488 illa

317 2533 523 2598 meditatione.

459 2669 568 2748 ιἰςιιι,
580 2679 613 2752 ..3
623 2685 731 2752 ...sm
746 2681 801 2745 ..u
815 2681 919 2751 ..um
931 2683 1027 2752 ιρψιιι

421 2831 424 2840 ,
469 2773 554 2842 Quam
565 2763 641 2827 iners
651 2771 763 2826 solitudo
773 2772 819 2844 qui
829 2772 884 2828 odit
893 2773 1041 2848 improbos?
1052 2773 1250 2842 (Mutuum.)

316 2893 359 2958 Et
371 2915 465 2978 eptam
481 2894 658 2980 compositae
672 2895 783 2958 mentis
797 2895 916 2980 signmn
932 2909 994 2970 est.
1017 2916 1120 2959 menen
1141 2917 1232 2980 posse
1244 2899 1392 2971 morari,

316 3013 346 3064 ct
357 3000 546 3066 consistere?
560 3003 643 3084 quod
658 3001 780 3084 evulgo
794 3021 887 3064 neruo
901 3001 972 3065 lacit
986 3025 997 3063 e
1012 3021 1143 3084 quorum
1154 3002 1282 3084 quisque
1296 3024 1331 3064 se
1345 3003 1392 3062 lu-

315 3105 368 3189 gie.
386 3103 472 3190 Ergo
488 3120 519 3171 et
530 3106 589 3170 hoc
604 3106 676 3170 utile
688 3110 840 3171 monitum
852 3107 1047 3192 amplectere.
1063 3134 1079 3166 ιι
1103 3105 1175 3172 Huc
1190 3108 1392 3192 cogitationes

315 3225 375 3276 tuas
388 3215 528 3287 tendant.
543 3213 705 3292 heccum,
722 3213 781 3278 hoc
794 3227 885 3298 opta,
903 3214 1007 3276 omnia
1025 3213 1085 3276 alia
1099 3227 1170 3276 vota
1187 3212 1261 3276 Deo
1272 3215 1391 3278 remis-

315 3340 424 3398 surus,
447 3334 482 3382 ut
495 3334 651 3384 contentus
672 3321 712 3412 sis
730 3320 905 3404 temetipso,
926 3334 1014 3384 etex
1028 3333 1060 3382 tc
1078 3319 1268 3384 nascentibus
1287 3321 1392 3384 bonis.

315 3423 391 3509 Qm
401 3440 501 3512 potest
516 3445 583 3491 estc
594 3424 738 3492 Felicitas
750 3425 821 3491 Deo
833 3428 979 3512 propior?
995 3425 1089 3508 (Seu.
1101 3425 1199 3513 Epist.
1212 3429 1289 3506 xx.)

637 3678 973 3748 ntssnttuamo
998 3679 1062 3746 xl.

367 3840 414 3904 nt
427 3841 534 3904 samu.
562 3842 668 3904 οιιιιιι
680 3825 843 3921 seueru-
857 3852 903 3915 ee,
920 3842 1016 3903 sum
1028 3839 1146 3904 norem
1161 3843 1345 3904 aunam.

352 4011 402 4078 Es
416 4015 467 4097 qui
481 4036 541 4078 non
557 4016 595 4078 sit
605 4028 782 4096 contentus,
797 4038 891 4100 quum
904 4017 1007 4080 omnia
1019 4019 1083 4101 ipse
1092 4016 1223 4080 haheat?
1232 4015 1317 4080 Nam
1326 4017 1390 4081 hoc

311 4122 403 4184 etiam
415 4122 495 4184 inter
510 4119 670 4205 Inopinata
682 4123 841 4206 jactatum,
861 4151 877 4178 u
887 4121 1002 4186 Omnia
1016 4119 1167 4207 Sapientis
1180 4143 1247 4184 esse
1259 4146 1268 4181 ι
1286 4149 1303 4176 ιι
1321 4123 1389 4183 ῐιιιο

313 4225 444 4289 «Solum
458 4225 544 4290 illum
558 4228 682 4290 divitem
693 4255 709 4283 ..
724 4243 757 4291 et
775 4229 900 4291 uberem
916 4249 994 4291 esse.
1010 4227 1115 4292 Variis
1131 4227 1206 4291 locis
1225 4227 1290 4291 lucc
1304 4227 1389 4290 elle-

309 4348 415 4397 runtur
432 4359 440 4394 ι
458 4349 487 4396 et
500 4335 586 4418 urigo
602 4331 848 4421 dictisCynicis,
865 4359 994 4420 quorum
1005 4351 1092 4408 erat;
1108 4333 1306 4418 «Sapientem
1326 4335 1389 4398 sibi
