2896 4958
338 435 378 506 16
773 435 839 503 DE
868 435 961 512 [ΒΔ

331 585 404 638 tmn
417 581 544 638 mutata
559 567 637 636 vitu
652 564 872 660 dispositione
889 567 1040 636 firmare.
1055 567 1251 636 Proximum
1263 581 1315 636 est
1324 573 1347 651 ¹,
1362 581 1394 636 ut

330 683 451 758 modus
463 689 477 719 ²
490 683 661 778 proficiat.
681 681 853 752 sinodus
869 697 904 750 et
919 681 1004 750 ordo
1018 705 1088 752 non
1101 685 1256 778 prolicit,
1277 681 1393 752 subdu·

329 801 377 870 cit
389 800 524 894 aliqua,
545 815 580 868 et
595 798 810 868 circumcidit
820 793 832 834 ³
844 826 856 866 :1
871 801 899 867 si
916 823 962 868 ue
978 797 1092 869 adbuc
1103 798 1243 893 quidem
1260 823 1391 893 respou-

329 913 408 999 det,
428 914 607 985 interdicit
623 915 730 999 cibis,
756 931 792 984 et
809 915 1015 984 abstinentia
1032 940 1156 1010 corpus
1173 914 1392 985 exonerutzsi

329 1031 456 1102 busun
480 1031 635 1101 molliora
660 1047 855 1114 cesserunt,
880 1031 960 1101 ferit
984 1055 1125 1116 venam,
1150 1031 1389 1124 membrisque,

328 1148 357 1215 si
383 1145 594 1217 adhereniia
619 1161 764 1230 nocent,
794 1163 830 1216 et
853 1146 1010 1216 morbum
1036 1145 1254 1230 diffimduut,
1284 1169 1393 1214 manus

327 1259 428 1331 affert
445 1287 453 1328 ε
471 1285 536 1330 uec
553 1259 623 1329 ullu
640 1259 727 1330 dura
741 1258 879 1330 videtur
889 1263 1041 1344 curatio,
1063 1261 1160 1355 cujus
1177 1259 1332 1330 salutaris
1346 1258 1392 1326 ei·

282 1381 301 1436 6
328 1373 437 1444 fectus
460 1389 523 1444 est.
554 1376 607 1443 lta
628 1371 744 1469 legum
768 1373 970 1468 presidem,
998 1376 1213 1469 civitatisque
1234 1390 1391 1442 rectorem

327 1487 448 1572 decet,
468 1488 632 1582 quamdiu
650 1504 762 1584 potest
777 1489 913 1573 verbis,
934 1491 1038 1560 ethis
1053 1489 1284 1572 mollioribus,
1305 1490 1393 1582 inge·

326 1608 385 1676 niu
399 1631 540 1690 curare,
561 1622 599 1675 ut
618 1606 773 1674 facienda
787 1605 945 1690 suadeat,
963 1605 1251 1702 cupiditatemque
1266 1603 1393 1675 bonesti

326 1738 362 1790 et
374 1723 463 1815 sequi
477 1723 637 1792 conciliet
649 1723 790 1806 animis,
811 1721 980 1816 iaciatque
995 1723 1155 1793 vitiorum
1168 1721 1303 1806 odium,
1322 1741 1394 1814 pre·

325 1837 411 1906 tium
426 1839 591 1908 virtutum
609 1867 616 1906 ι
636 1853 785 1908 trauseat
800 1837 926 1908 deiude
940 1838 984 1908 ad
999 1840 1183 1910 tristiorem
1197 1839 1389 1916 orationem,

289 1947 292 1956 ¹
325 1979 394 2048 qua
414 1972 550 2026 moneat
572 1955 686 2026 adhuc
708 1973 743 2026 et
766 1958 949 2052 exprobret
969 1984 978 2026 ι
997 1959 1178 2028 novissime
1196 1955 1390 2052 adpones,

325 2087 360 2141 et
376 2073 438 2142 bos
455 2072 570 2142 adhuc
587 2073 680 2142 leves
697 2088 732 2140 et
749 2072 958 2142 revocabiles
975 2071 1159 2142 decurrat:
1180 2072 1303 2141 ultima
1318 2093 1392 2163 sup·

324 2187 427 2282 plicia
456 2187 644 2257 sceleribus
670 2189 799 2257 ultimis
823 2203 948 2284 ponat,
972 2203 1011 2257 ut
1037 2211 1137 2258 nemo
1164 2203 1306 2284 pereat,
1333 2185 1393 2254 uisi

324 2325 426 2395 quem
443 2303 559 2396 perire
578 2303 680 2372 etiam
696 2303 873 2397 pereuntis
890 2301 1024 2371 intersit
1037 2295 1065 2370 ⁴.

322 2527 356 2582 ad
368 2529 501 2582 scientiam
511 2516 633 2594 Ῠγιείνιν,
646 2527 683 2582 sie
695 2539 788 2581 vocant
798 2549 838 2581 re·
885 2527 958 2584 licuit
968 2569 976 2597 ,
990 2547 1059 2583 uuus
1066 2527 1220 2600 quibusdam
1230 2542 1341 2584 mumm-
1350 2529 1395 2581 Eo.

323 2610 464 2673 certiores,
481 2609 563 2682 magis
582 2609 691 2683 pertinet
709 2628 787 2679 quam
804 2609 836 2662 ad
903 2610 926 2674 4.
936 2608 1082 2663 Percussus.
1096 2609 1182 2663 Perire
1192 2610 1315 2676 interest,
1325 2631 1355 2662 ue
1370 2608 1395 2659 ia

323 2689 496 2757 medicinam,
513 2699 538 2740 et
556 2707 612 2740 eam
627 2687 660 2740 ob
679 2706 780 2740 eausam
797 2687 841 2740 le-'
888 2687 1003 2758 nequitia
1013 2687 1110 2742 diutius
1118 2686 1213 2742 hereat
1223 2708 1229 2742 τ
1239 2686 1396 2740 cumaeuni·

322 2767 466 2820 viusculum
479 2779 504 2819 et
516 2765 544 2818 in
558 2763 698 2818 levioribus
717 2764 839 2817 duntaxat
887 2784 919 2817 ue
935 2764 984 2818 boc
998 2763 1094 2818 dictum
1111 2785 1163 2820 esse
1179 2766 1254 2820 facile
1265 2764 1394 2837 intelliges.

323 2843 418 2897 morbis
428 2843 602 2920 usurpandum
612 2845 707 2898 Noster
717 2861 770 2895 esse
781 2842 838 2917 pri·
885 2871 920 2885 -·
927 2843 988 2897 Non
998 2856 1097 2897 tantum
1109 2864 1167 2898 cum
1179 2847 1299 2900 acumine
1309 2885 1317 2913 ‚
1332 2856 1355 2897 et
1370 2853 1397 2895 ut

323 2944 395 2978 tuum
406 2922 537 2978 iudicavit.
549 2925 600 2976 En.
886 2934 972 2995 argute
982 2921 1078 2996 pbrasis
1090 2923 1202 2992 desinat,
1218 2925 1265 2978 sed
1277 2925 1337 2996 quia
1347 2922 1395 2974 bet

342 3001 610 3056 1.Pmaetmum.t{oe
620 3014 670 3056 est:
681 2999 790 3066 deiude,
801 3019 837 3053 se·
887 3011 939 3052 erat
958 2999 1050 3054 Stoicis
1071 3000 1206 3074 approbata
1224 3001 1316 3074 opinio
1329 3017 1336 3052 t
1348 2999 1395 3050 im-

322 3079 407 3134 cuudo
426 3079 491 3132 loco.
505 3078 702 3150 Aliquantulum
717 3079 787 3132 enirn
804 3077 837 3131 ab
887 3077 979 3132 merito
990 3077 1094 3148 quidem
1105 3119 1112 3143 ,
1124 3097 1183 3131 uam
1195 3077 1326 3151 quidquid
1338 3075 1397 3129 sub·

321 3161 411 3212 ords'ue
418 3159 513 3211 nwdm
521 3156 658 3232 discrepat;
666 3157 710 3210 bic
719 3157 789 3210 euim
797 3155 839 3209 iu·
886 3156 1002 3210 tilissime
1013 3169 1038 3209 et
1050 3155 1212 3212 callidissime
1233 3159 1395 3231 disputatura

322 3235 389 3290 dieat
400 3235 486 3288 miuus
496 3234 548 3306 jam
559 3233 627 3302 cibi,
638 3247 680 3286 aut
687 3234 836 3308 potionum,
888 3235 985 3289 Seneca
995 3249 1020 3290 et
1027 3236 1140 3306 asseclis,
1149 3257 1287 3309 nunquam
1294 3236 1323 3290 id
1335 3233 1396 3288 mul·

321 3313 438 3368 minusve
468 3312 678 3366 exercitationum
704 3313 835 3386 permitti,
886 3313 1171 3388 tispersuadebitetianr
1180 3316 1318 3368 morientis
1327 3315 1397 3366 iuter·

319 3391 380 3446 lieet
396 3406 482 3446 tamen
495 3413 509 3446 e
523 3391 603 3445 tribus
618 3390 658 3445 bis
676 3390 743 3445 nibil
760 3391 838 3445 dam·
887 3409 937 3444 esse
946 3403 1061 3445 mortem.
1071 3391 1102 3444 ld
1111 3404 1197 3444 tamen
1215 3388 1395 3462 quoquomodo

319 3481 401 3523 uetur.
412 3469 446 3522 Et
457 3469 553 3523 ideirco
566 3481 690 3544 punctum
703 3487 753 3540 ago
763 3469 836 3541 posui
886 3468 1058 3524 demonstrare
1066 3469 1214 3544 aggreditur
1225 3470 1276 3524 sub
1293 3469 1354 3522 libri
1363 3467 1396 3519 fi-

319 3567 365 3620 pro
384 3546 483 3600 duobus
495 3545 718 3622 punctisfirmara
733 3545 799 3598 inter
812 3557 837 3598 et
884 3568 952 3601 nem.
964 3549 1016 3602 Eu.
1024 3575 1059 3589 -·
1067 3548 1194 3605 Ceterum
1205 3547 1261 3622 jam
1270 3547 1345 3601 Plato
1357 3544 1396 3613 (de

316 3627 484 3691 proximum.
497 3625 548 3676 Eu.
884 3625 993 3702 Republ.
1013 3627 1052 3692 ll,
1070 3647 1094 3700 p.
1113 3625 1175 3694 sid,
1193 3644 1232 3697 sq.
1251 3625 1311 3694 370.
1328 3623 1397 3676 Tou.

338 3721 361 3755 s.
370 3702 544 3758 Modus-vid.
550 3721 609 3776 quse
616 3700 695 3756 mddo
702 3703 734 3755 ad
739 3707 835 3772 proxi·
883 3705 938 3771 vl,
951 3705 990 3756 ed.
1001 3703 1075 3780 Bip.)
1093 3705 1126 3758 sd
1136 3702 1202 3756 banc
1214 3705 1396 3774 questionem,

319 3801 392 3834 mutu
406 3782 559 3836 notavimus.
883 3801 960 3854 quam
972 3781 1015 3836 bit
1025 3781 1120 3834 Seneca
1130 3792 1237 3844 tractat,
1256 3801 1284 3833 se
1301 3779 1396 3834 lauisse

336 3859 360 3912 3.
371 3859 500 3914 Sabdata
512 3864 606 3933 aliqua
608 3898 658 3914 ......
665 3860 833 3914 circumcidit.
884 3858 965 3912 dixit:
978 3858 1050 3932 eujus
1063 3859 1199 3934 disputatio
1210 3878 1243 3911 eo
1253 3859 1398 3920 redicens

319 3939 397 3992 Nune
414 3938 528 3992 medicus
547 3958 601 3992 uon
615 3939 724 3992 modum
734 3951 833 3992 tautum
883 3937 987 4008 quidem
998 3936 1220 3990 mansuetudinem
1235 3949 1261 3988 et
1276 3935 1342 3989 bam
1354 3932 1397 3986 sibi

319 4017 347 4069 iu
366 4016 397 4070 iis
414 4035 471 4088 quse
486 4035 560 4091 supra
578 4029 725 4069 enumerata
742 4017 832 4070 iterare
882 4035 983 4090 prorsus
992 4014 1135 4078 contraria;
1146 4013 1206 4066 ideo
1217 4026 1310 4066 tameu
1321 4028 1397 4084 neque

319 4095 396 4147 istane
413 4108 462 4160 est,
484 4095 568 4168 jubet,
584 4096 630 4148 sed
647 4115 679 4147 ea
699 4095 730 4148 iis
746 4095 832 4168 aliqua
881 4094 1039 4170 impossibile
1048 4115 1117 4159 esse,
1131 4113 1215 4166 neque
1226 4107 1320 4147 eontra
1330 4105 1398 4146 natu·

318 4191 418 4247 prorsus
436 4174 531 4247 respuit
548 4186 573 4226 et
592 4172 717 4246 probibet.
737 4174 831 4226 Omni·
880 4193 950 4240 ram,
961 4185 989 4226 ut
1003 4173 1056 4228 bac
1066 4172 1180 4248 opposita
1190 4171 1234 4228 rel
1246 4169 1397 4247 philosoph·

318 4251 364 4305 bus
381 4251 543 4328 nempe,sed
556 4251 686 4320 modeste,
707 4251 777 4326 prius
792 4252 830 4306 ati
881 4252 983 4306 iusiut.⁴
